  <div class='ocr_page' id='page_1' title='image "/cluster/home/n/w/nwhite01/storage/ocr_20150623/130:no.3/coo.31924054870351/317.png"; bbox 0 0 4064 6396; ppageno 0'>
   <div class='ocr_carea' id='block_1_1' title="bbox 445 351 550 417">
    <p class='ocr_par' dir='ltr' id='par_1_1' title="bbox 445 351 550 417">
     <span class='ocr_line' id='line_1_1' title="bbox 445 351 550 417; baseline 0.01 -3"><span class='ocrx_word' id='word_1_1' title='bbox 445 351 550 417; x_wconf 73' lang='grc' dir='ltr'><strong>6ιὸ</strong></span> 
     </span>
    </p>
   </div>
   <div class='ocr_carea' id='block_1_2' title="bbox 1668 338 2455 405">
    <p class='ocr_par' dir='ltr' id='par_1_2' title="bbox 1668 338 2455 405">
     <span class='ocr_line' id='line_1_2' title="bbox 1668 338 2455 405; baseline -0.01 0"><span class='ocrx_word' id='word_1_2' title='bbox 1668 340 2050 405; x_wconf 79' lang='grc' dir='ltr'><strong>ΕΗΤΗΥΜΙΙ</strong></span> <span class='ocrx_word' id='word_1_3' title='bbox 2093 338 2455 400; x_wconf 76' lang='lat' dir='ltr'><strong>ZIGABENI</strong></span> 
     </span>
    </p>
   </div>
   <div class='ocr_carea' id='block_1_3' title="bbox 3595 337 3701 404">
    <p class='ocr_par' dir='ltr' id='par_1_3' title="bbox 3595 337 3701 404">
     <span class='ocr_line' id='line_1_3' title="bbox 3595 337 3701 404; baseline 0.038 -4"><span class='ocrx_word' id='word_1_4' title='bbox 3595 337 3701 404; x_wconf 79' lang='grc'><strong>(16</strong></span> 
     </span>
    </p>
   </div>
   <div class='ocr_carea' id='block_1_4' title="bbox 452 448 2035 526">
    <p class='ocr_par' dir='ltr' id='par_1_4' title="bbox 452 457 2019 526">
     <span class='ocr_line' id='line_1_4' title="bbox 452 457 2019 526; baseline -0.003 -9"><span class='ocrx_word' id='word_1_5' title='bbox 452 476 535 517; x_wconf 84' lang='lat' dir='ltr'><strong>tus</strong></span> <span class='ocrx_word' id='word_1_6' title='bbox 580 475 684 515; x_wconf 91' lang='lat' dir='ltr'><strong>non</strong></span> <span class='ocrx_word' id='word_1_7' title='bbox 753 461 916 515; x_wconf 83' lang='lat' dir='ltr'><strong>addat</strong></span> <span class='ocrx_word' id='word_1_8' title='bbox 960 457 1279 526; x_wconf 74' lang='lat' dir='ltr'><strong>articulum,</strong></span> <span class='ocrx_word' id='word_1_9' title='bbox 1330 458 1501 514; x_wconf 88' lang='lat' dir='ltr'><strong>Deum</strong></span> <span class='ocrx_word' id='word_1_10' title='bbox 1562 467 1745 512; x_wconf 88' lang='lat' dir='ltr'><strong>tamen</strong></span> <span class='ocrx_word' id='word_1_11' title='bbox 1783 473 1887 512; x_wconf 86' lang='lat' dir='ltr'><strong>non</strong></span> <span class='ocrx_word' id='word_1_12' title='bbox 1921 470 2019 513; x_wconf 81' lang='lat' dir='ltr'><strong>ne-</strong></span> 
     </span>
    </p>
   </div>
   <div class='ocr_carea' id='block_1_5' title="bbox 2136 448 3703 526">
    <p class='ocr_par' dir='ltr' id='par_1_5' title="bbox 2136 448 3703 524">
     <span class='ocr_line' id='line_1_5' title="bbox 2136 448 3703 524; baseline -0.001 -17"><span class='ocrx_word' id='word_1_13' title='bbox 2136 455 2298 507; x_wconf 67' lang='grc' dir='ltr'>θεοῦ·</span> <span class='ocrx_word' id='word_1_14' title='bbox 2333 454 2474 506; x_wconf 79' lang='grc' dir='ltr'>οὕτω</span> <span class='ocrx_word' id='word_1_15' title='bbox 2507 452 2598 505; x_wconf 76' lang='grc' dir='ltr'><strong>καὶ</strong></span> <span class='ocrx_word' id='word_1_16' title='bbox 2643 449 2898 514; x_wconf 76' lang='grc' dir='ltr'>ἐνταῦθα,</span> <span class='ocrx_word' id='word_1_17' title='bbox 2953 451 3059 504; x_wconf 74' lang='grc' dir='ltr'>κᾶν</span> <span class='ocrx_word' id='word_1_18' title='bbox 3110 448 3188 520; x_wconf 85' lang='grc' dir='ltr'>μὴ</span> <span class='ocrx_word' id='word_1_19' title='bbox 3242 450 3580 521; x_wconf 79' lang='grc' dir='ltr'>προσ-κέηται</span> <span class='ocrx_word' id='word_1_20' title='bbox 3625 453 3703 524; x_wconf 79' lang='grc' dir='ltr'>τῷ</span> 
     </span>
    </p>
   </div>
   <div class='ocr_carea' id='block_1_6' title="bbox 449 548 2028 623">
    <p class='ocr_par' dir='ltr' id='par_1_6' title="bbox 449 548 2028 623">
     <span class='ocr_line' id='line_1_6' title="bbox 449 548 2028 623; baseline -0.007 -14"><span class='ocrx_word' id='word_1_21' title='bbox 449 568 638 622; x_wconf 78' lang='lat' dir='ltr'><strong>gamus</strong></span> <span class='ocrx_word' id='word_1_22' title='bbox 665 552 910 623; x_wconf 88' lang='lat' dir='ltr'><strong>corporis</strong></span> <span class='ocrx_word' id='word_1_23' title='bbox 945 564 1217 621; x_wconf 72' lang='lat' dir='ltr'><strong>expertem</strong></span> <span class='ocrx_word' id='word_1_24' title='bbox 1276 567 1421 618; x_wconf 63' lang='lat' dir='ltr'><strong>esse,</strong></span> <span class='ocrx_word' id='word_1_25' title='bbox 1456 552 1536 606; x_wconf 90' lang='lat' dir='ltr'><strong>sic</strong></span> <span class='ocrx_word' id='word_1_26' title='bbox 1598 555 1762 607; x_wconf 87' lang='lat' dir='ltr'><strong>etiam</strong></span> <span class='ocrx_word' id='word_1_27' title='bbox 1808 550 1917 613; x_wconf 86' lang='lat' dir='ltr'><strong>hic,</strong></span> <span class='ocrx_word' id='word_1_28' title='bbox 1966 548 2028 599; x_wconf 65' lang='lat' dir='ltr'><strong>li.</strong></span> 
     </span>
    </p>
   </div>
   <div class='ocr_carea' id='block_1_7' title="bbox 452 643 2024 712">
    <p class='ocr_par' dir='ltr' id='par_1_7' title="bbox 452 643 2024 712">
     <span class='ocr_line' id='line_1_7' title="bbox 452 643 2024 712; baseline -0.006 -9"><span class='ocrx_word' id='word_1_29' title='bbox 452 660 540 704; x_wconf 83' lang='lat' dir='ltr'><strong>cet</strong></span> <span class='ocrx_word' id='word_1_30' title='bbox 584 646 725 702; x_wconf 73' lang='lat' dir='ltr'><strong>Filio</strong></span> <span class='ocrx_word' id='word_1_31' title='bbox 760 662 863 701; x_wconf 95' lang='lat' dir='ltr'><strong>non</strong></span> <span class='ocrx_word' id='word_1_32' title='bbox 894 645 1218 700; x_wconf 83' lang='lat' dir='ltr'><strong>adhibeatur</strong></span> <span class='ocrx_word' id='word_1_33' title='bbox 1261 643 1547 706; x_wconf 88' lang='lat' dir='ltr'><strong>articulus,</strong></span> <span class='ocrx_word' id='word_1_34' title='bbox 1590 659 1695 697; x_wconf 92' lang='lat' dir='ltr'><strong>non</strong></span> <span class='ocrx_word' id='word_1_35' title='bbox 1741 651 2024 712; x_wconf 74' lang='lat' dir='ltr'><strong>propterea</strong></span> 
     </span>
    </p>
   </div>
   <div class='ocr_carea' id='block_1_8' title="bbox 452 736 2024 799">
    <p class='ocr_par' dir='ltr' id='par_1_8' title="bbox 452 736 2024 799">
     <span class='ocr_line' id='line_1_8' title="bbox 452 736 2024 799; baseline -0.004 -5"><span class='ocrx_word' id='word_1_36' title='bbox 452 737 626 794; x_wconf 83' lang='lat' dir='ltr'><strong>Filius</strong></span> <span class='ocrx_word' id='word_1_37' title='bbox 664 753 770 793; x_wconf 90' lang='lat' dir='ltr'><strong>non</strong></span> <span class='ocrx_word' id='word_1_38' title='bbox 800 737 1099 793; x_wconf 72' lang='lat' dir='ltr'><strong>ostenditur</strong></span> <span class='ocrx_word' id='word_1_39' title='bbox 1120 739 1298 792; x_wconf 80' lang='lat' dir='ltr'><strong>.Dens.</strong></span> <span class='ocrx_word' id='word_1_40' title='bbox 1323 737 1457 793; x_wconf 81' lang='lat' dir='ltr'><strong>Cum</strong></span> <span class='ocrx_word' id='word_1_41' title='bbox 1481 736 1624 791; x_wconf 90' lang='lat' dir='ltr'><strong>enim</strong></span> <span class='ocrx_word' id='word_1_42' title='bbox 1654 737 1799 793; x_wconf 80' lang='lat' dir='ltr'><strong>dicat</strong></span> <span class='ocrx_word' id='word_1_43' title='bbox 1829 736 2024 799; x_wconf 84' lang='lat' dir='ltr'><strong>Deum,</strong></span> 
     </span>
    </p>
   </div>
   <div class='ocr_carea' id='block_1_9' title="bbox 434 826 2029 904">
    <p class='ocr_par' dir='ltr' id='par_1_9' title="bbox 434 826 2029 904">
     <span class='ocr_line' id='line_1_9' title="bbox 434 826 2029 904; baseline -0.003 -19"><span class='ocrx_word' id='word_1_44' title='bbox 434 840 513 904; x_wconf 65' lang='grc' dir='ltr'>,ει</span> <span class='ocrx_word' id='word_1_45' title='bbox 546 833 732 894; x_wconf 88' lang='lat' dir='ltr'><strong>Deum,</strong></span> <span class='ocrx_word' id='word_1_46' title='bbox 763 831 902 886; x_wconf 89' lang='lat' dir='ltr'><strong>inter</strong></span> <span class='ocrx_word' id='word_1_47' title='bbox 925 832 1065 885; x_wconf 84' lang='lat' dir='ltr'><strong>hanc</strong></span> <span class='ocrx_word' id='word_1_48' title='bbox 1087 830 1420 885; x_wconf 79' lang='lat' dir='ltr'><strong>divinitatem</strong></span> <span class='ocrx_word' id='word_1_49' title='bbox 1450 828 1585 883; x_wconf 86' lang='lat' dir='ltr'><strong>nihil</strong></span> <span class='ocrx_word' id='word_1_50' title='bbox 1611 829 1843 883; x_wconf 89' lang='lat' dir='ltr'><strong>medium</strong></span> <span class='ocrx_word' id='word_1_51' title='bbox 1873 826 2029 881; x_wconf 86' lang='lat' dir='ltr'><strong>nobis</strong></span> 
     </span>
    </p>
   </div>
   <div class='ocr_carea' id='block_1_10' title="bbox 455 915 2028 987">
    <p class='ocr_par' dir='ltr' id='par_1_10' title="bbox 455 915 2028 987">
     <span class='ocr_line' id='line_1_10' title="bbox 455 915 2028 987; baseline -0.006 -8"><span class='ocrx_word' id='word_1_52' title='bbox 455 937 579 979; x_wconf 84' lang='lat' dir='ltr'><strong>esse</strong></span> <span class='ocrx_word' id='word_1_53' title='bbox 611 922 902 987; x_wconf 78' lang='lat' dir='ltr'><strong>signiﬁcat.</strong></span> <span class='ocrx_word' id='word_1_54' title='bbox 940 921 1079 987; x_wconf 81' lang='lat' dir='ltr'><strong>Quin</strong></span> <span class='ocrx_word' id='word_1_55' title='bbox 1107 922 1269 976; x_wconf 85' lang='lat' dir='ltr'><strong>etiam</strong></span> <span class='ocrx_word' id='word_1_56' title='bbox 1301 936 1423 975; x_wconf 86' lang='lat' dir='ltr'><strong>cum</strong></span> <span class='ocrx_word' id='word_1_57' title='bbox 1446 929 1604 975; x_wconf 85' lang='lat' dir='ltr'><strong>antea</strong></span> <span class='ocrx_word' id='word_1_58' title='bbox 1629 919 1902 975; x_wconf 76' lang='lat' dir='ltr'><strong>dixisset:</strong></span> <span class='ocrx_word' id='word_1_59' title='bbox 1962 915 2028 971; x_wconf 87' lang='lat' dir='ltr'><strong>Et</strong></span> 
     </span>
    </p>
   </div>
   <div class='ocr_carea' id='block_1_11' title="bbox 457 1009 2030 1080">
    <p class='ocr_par' dir='ltr' id='par_1_11' title="bbox 457 1009 2030 1080">
     <span class='ocr_line' id='line_1_11' title="bbox 457 1009 2030 1080; baseline 0.001 -14"><span class='ocrx_word' id='word_1_60' title='bbox 457 1012 598 1079; x_wconf 77' lang='lat' dir='ltr'><strong>Deus</strong></span> <span class='ocrx_word' id='word_1_61' title='bbox 636 1022 749 1066; x_wconf 82' lang='lat' dir='ltr'><strong>erat</strong></span> <span class='ocrx_word' id='word_1_62' title='bbox 809 1009 1056 1075; x_wconf 75' lang='lat' dir='ltr'><strong>Verbum,</strong></span> <span class='ocrx_word' id='word_1_63' title='bbox 1083 1026 1154 1066; x_wconf 89' lang='lat' dir='ltr'><strong>ne</strong></span> <span class='ocrx_word' id='word_1_64' title='bbox 1181 1011 1307 1080; x_wconf 86' lang='lat' dir='ltr'><strong>quis</strong></span> <span class='ocrx_word' id='word_1_65' title='bbox 1336 1010 1672 1065; x_wconf 80' lang='lat' dir='ltr'><strong>divinitatem</strong></span> <span class='ocrx_word' id='word_1_66' title='bbox 1709 1009 1831 1065; x_wconf 88' lang='lat' dir='ltr'><strong>Filii</strong></span> <span class='ocrx_word' id='word_1_67' title='bbox 1858 1009 2030 1067; x_wconf 86' lang='lat' dir='ltr'><strong>ntitt0-.</strong></span> 
     </span>
    </p>
   </div>
   <div class='ocr_carea' id='block_1_12' title="bbox 459 1101 2031 1173">
    <p class='ocr_par' dir='ltr' id='par_1_12' title="bbox 459 1101 2031 1173">
     <span class='ocr_line' id='line_1_12' title="bbox 459 1101 2031 1173; baseline -0.001 -15"><span class='ocrx_word' id='word_1_68' title='bbox 459 1120 567 1159; x_wconf 88' lang='lat' dir='ltr'><strong>rem</strong></span> <span class='ocrx_word' id='word_1_69' title='bbox 593 1103 953 1169; x_wconf 76' lang='lat' dir='ltr'><strong>existimaret,</strong></span> <span class='ocrx_word' id='word_1_70' title='bbox 982 1101 1166 1156; x_wconf 80' lang='lat' dir='ltr'><strong>statim</strong></span> <span class='ocrx_word' id='word_1_71' title='bbox 1198 1116 1339 1173; x_wconf 74' lang='lat' dir='ltr'><strong>verae</strong></span> <span class='ocrx_word' id='word_1_72' title='bbox 1360 1101 1656 1157; x_wconf 82' lang='lat' dir='ltr'><strong>divinitatis</strong></span> <span class='ocrx_word' id='word_1_73' title='bbox 1683 1101 1939 1155; x_wconf 85' lang='lat' dir='ltr'><strong>indicium</strong></span> <span class='ocrx_word' id='word_1_74' title='bbox 1967 1115 2031 1156; x_wconf 88' lang='lat' dir='ltr'><strong>ac</strong></span> 
     </span>
    </p>
   </div>
   <div class='ocr_carea' id='block_1_13' title="bbox 458 1192 2029 1262">
    <p class='ocr_par' dir='ltr' id='par_1_13' title="bbox 458 1192 2029 1262">
     <span class='ocr_line' id='line_1_13' title="bbox 458 1192 2029 1262; baseline -0.002 -13"><span class='ocrx_word' id='word_1_75' title='bbox 458 1209 640 1250; x_wconf 89' lang='lat' dir='ltr'><strong>notam</strong></span> <span class='ocrx_word' id='word_1_76' title='bbox 687 1194 842 1250; x_wconf 68' lang='grc' dir='ltr'>εὔει-ι</span> <span class='ocrx_word' id='word_1_77' title='bbox 870 1195 1030 1249; x_wconf 88' lang='lat' dir='ltr'><strong>etiam</strong></span> <span class='ocrx_word' id='word_1_78' title='bbox 1062 1194 1419 1249; x_wconf 70' lang='lat' dir='ltr'><strong>mternitatem</strong></span> <span class='ocrx_word' id='word_1_79' title='bbox 1450 1192 1593 1248; x_wconf 80' lang='lat' dir='ltr'><strong>:Hoc</strong></span> <span class='ocrx_word' id='word_1_80' title='bbox 1633 1196 1802 1258; x_wconf 89' lang='lat' dir='ltr'><strong>enim,</strong></span> <span class='ocrx_word' id='word_1_81' title='bbox 1831 1192 2029 1262; x_wconf 84' lang='lat' dir='ltr'><strong>inquit,</strong></span> 
     </span>
    </p>
   </div>
   <div class='ocr_carea' id='block_1_14' title="bbox 454 1284 2031 1362">
    <p class='ocr_par' dir='ltr' id='par_1_14' title="bbox 454 1284 2031 1362">
     <span class='ocr_line' id='line_1_14' title="bbox 454 1284 2031 1362; baseline -0.002 -22"><span class='ocrx_word' id='word_1_82' title='bbox 454 1296 568 1340; x_wconf 77' lang='lat' dir='ltr'><strong>erat</strong></span> <span class='ocrx_word' id='word_1_83' title='bbox 602 1287 656 1339; x_wconf 87' lang='lat' dir='ltr'><strong>in</strong></span> <span class='ocrx_word' id='word_1_84' title='bbox 686 1287 943 1354; x_wconf 82' lang='lat' dir='ltr'><strong>principio</strong></span> <span class='ocrx_word' id='word_1_85' title='bbox 974 1291 1112 1354; x_wconf 80' lang='lat' dir='ltr'><strong>apud</strong></span> <span class='ocrx_word' id='word_1_86' title='bbox 1139 1286 1325 1351; x_wconf 83' lang='lat' dir='ltr'><strong>Deum,</strong></span> <span class='ocrx_word' id='word_1_87' title='bbox 1357 1296 1411 1339; x_wconf 91' lang='lat' dir='ltr'><strong>et</strong></span> <span class='ocrx_word' id='word_1_88' title='bbox 1443 1296 1840 1362; x_wconf 71' lang='lat' dir='ltr'><strong>proereatorent</strong></span> <span class='ocrx_word' id='word_1_89' title='bbox 1890 1284 2031 1338; x_wconf 89' lang='lat' dir='ltr'><strong>indi-</strong></span> 
     </span>
    </p>
   </div>
   <div class='ocr_carea' id='block_1_15' title="bbox 455 1376 2030 1447">
    <p class='ocr_par' dir='ltr' id='par_1_15' title="bbox 455 1376 2030 1447">
     <span class='ocr_line' id='line_1_15' title="bbox 455 1376 2030 1447; baseline -0.003 -17"><span class='ocrx_word' id='word_1_90' title='bbox 455 1388 544 1432; x_wconf 73' lang='lat' dir='ltr'><strong>Cal</strong></span> <span class='ocrx_word' id='word_1_91' title='bbox 575 1393 719 1443; x_wconf 72' lang='lat' dir='ltr'><strong>esse,</strong></span> <span class='ocrx_word' id='word_1_92' title='bbox 757 1376 947 1431; x_wconf 85' lang='lat' dir='ltr'><strong>Omnia</strong></span> <span class='ocrx_word' id='word_1_93' title='bbox 988 1393 1081 1445; x_wconf 83' lang='lat' dir='ltr'><strong>per</strong></span> <span class='ocrx_word' id='word_1_94' title='bbox 1101 1379 1295 1445; x_wconf 82' lang='lat' dir='ltr'><strong>ipsum,</strong></span> <span class='ocrx_word' id='word_1_95' title='bbox 1333 1378 1604 1447; x_wconf 79' lang='lat' dir='ltr'><strong>inquiens,</strong></span> <span class='ocrx_word' id='word_1_96' title='bbox 1637 1377 1783 1447; x_wconf 80' lang='lat' dir='ltr'><strong>facta</strong></span> <span class='ocrx_word' id='word_1_97' title='bbox 1811 1385 1952 1441; x_wconf 80' lang='lat' dir='ltr'><strong>sunt,</strong></span> <span class='ocrx_word' id='word_1_98' title='bbox 1981 1384 2030 1429; x_wconf 76' lang='lat' dir='ltr'><strong>et</strong></span> 
     </span>
    </p>
   </div>
   <div class='ocr_carea' id='block_1_16' title="bbox 455 1468 2031 1538">
    <p class='ocr_par' dir='ltr' id='par_1_16' title="bbox 455 1468 2031 1538">
     <span class='ocr_line' id='line_1_16' title="bbox 455 1468 2031 1538; baseline -0.001 -17"><span class='ocrx_word' id='word_1_99' title='bbox 455 1468 568 1522; x_wconf 78' lang='lat' dir='ltr'><strong>sine</strong></span> <span class='ocrx_word' id='word_1_100' title='bbox 618 1470 728 1535; x_wconf 76' lang='lat' dir='ltr'><strong>ipso</strong></span> <span class='ocrx_word' id='word_1_101' title='bbox 764 1469 964 1538; x_wconf 77' lang='lat' dir='ltr'><strong>factum</strong></span> <span class='ocrx_word' id='word_1_102' title='bbox 1016 1477 1090 1522; x_wconf 83' lang='lat' dir='ltr'><strong>est</strong></span> <span class='ocrx_word' id='word_1_103' title='bbox 1135 1484 1198 1522; x_wconf 78' lang='lat' dir='ltr'><strong>ne</strong></span> <span class='ocrx_word' id='word_1_104' title='bbox 1253 1485 1415 1521; x_wconf 80' lang='lat' dir='ltr'><strong>unum</strong></span> <span class='ocrx_word' id='word_1_105' title='bbox 1465 1470 1699 1538; x_wconf 82' lang='lat' dir='ltr'><strong>quidem,</strong></span> <span class='ocrx_word' id='word_1_106' title='bbox 1749 1468 1887 1537; x_wconf 81' lang='lat' dir='ltr'><strong>quod</strong></span> <span class='ocrx_word' id='word_1_107' title='bbox 1945 1468 2031 1535; x_wconf 68' lang='lat' dir='ltr'><strong>[ao</strong></span> 
     </span>
    </p>
   </div>
   <div class='ocr_carea' id='block_1_17' title="bbox 418 1557 2033 1627">
    <p class='ocr_par' dir='ltr' id='par_1_17' title="bbox 418 1557 2033 1627">
     <span class='ocr_line' id='line_1_17' title="bbox 418 1557 2033 1627; baseline 0 -16"><span class='ocrx_word' id='word_1_108' title='bbox 418 1580 426 1588; x_wconf 62' lang='grc'><em>’</em></span> <span class='ocrx_word' id='word_1_109' title='bbox 458 1569 598 1612; x_wconf 86' lang='lat' dir='ltr'><strong>ctum</strong></span> <span class='ocrx_word' id='word_1_110' title='bbox 628 1568 726 1613; x_wconf 69' lang='lat' dir='ltr'><strong>est.</strong></span> <span class='ocrx_word' id='word_1_111' title='bbox 761 1557 933 1624; x_wconf 86' lang='lat' dir='ltr'><strong>Quam</strong></span> <span class='ocrx_word' id='word_1_112' title='bbox 977 1558 1192 1627; x_wconf 86' lang='lat' dir='ltr'><strong>quidem</strong></span> <span class='ocrx_word' id='word_1_113' title='bbox 1232 1558 1534 1613; x_wconf 85' lang='lat' dir='ltr'><strong>divinitatis</strong></span> <span class='ocrx_word' id='word_1_114' title='bbox 1567 1568 1622 1612; x_wconf 90' lang='lat' dir='ltr'><strong>et</strong></span> <span class='ocrx_word' id='word_1_115' title='bbox 1651 1558 1903 1613; x_wconf 73' lang='lat' dir='ltr'><strong>essentia:</strong></span> <span class='ocrx_word' id='word_1_116' title='bbox 1922 1571 2033 1612; x_wconf 65' lang='lat' dir='ltr'><strong>sua:</strong></span> 
     </span>
    </p>
   </div>
   <div class='ocr_carea' id='block_1_18' title="bbox 458 1647 2034 1720">
    <p class='ocr_par' dir='ltr' id='par_1_18' title="bbox 458 1647 2034 1720">
     <span class='ocr_line' id='line_1_18' title="bbox 458 1647 2034 1720; baseline -0.001 -17"><span class='ocrx_word' id='word_1_117' title='bbox 458 1660 639 1704; x_wconf 89' lang='lat' dir='ltr'><strong>notant</strong></span> <span class='ocrx_word' id='word_1_118' title='bbox 673 1658 727 1705; x_wconf 89' lang='lat' dir='ltr'><strong>et</strong></span> <span class='ocrx_word' id='word_1_119' title='bbox 749 1650 908 1704; x_wconf 87' lang='lat' dir='ltr'><strong>Pater</strong></span> <span class='ocrx_word' id='word_1_120' title='bbox 930 1665 1023 1719; x_wconf 86' lang='lat' dir='ltr'><strong>per</strong></span> <span class='ocrx_word' id='word_1_121' title='bbox 1043 1649 1333 1720; x_wconf 83' lang='lat' dir='ltr'><strong>prophetas</strong></span> <span class='ocrx_word' id='word_1_122' title='bbox 1356 1651 1554 1720; x_wconf 90' lang='lat' dir='ltr'><strong>ubique</strong></span> <span class='ocrx_word' id='word_1_123' title='bbox 1578 1651 1816 1705; x_wconf 82' lang='lat' dir='ltr'><strong>adhibet.</strong></span> <span class='ocrx_word' id='word_1_124' title='bbox 1843 1649 1910 1704; x_wconf 82' lang='lat' dir='ltr'><strong>Et</strong></span> <span class='ocrx_word' id='word_1_125' title='bbox 1932 1647 2034 1703; x_wconf 87' lang='lat' dir='ltr'><strong>hoc</strong></span> 
     </span>
    </p>
   </div>
   <div class='ocr_carea' id='block_1_19' title="bbox 456 1739 2033 1810">
    <p class='ocr_par' dir='ltr' id='par_1_19' title="bbox 456 1739 2033 1810">
     <span class='ocr_line' id='line_1_19' title="bbox 456 1739 2033 1810; baseline 0.004 -19"><span class='ocrx_word' id='word_1_126' title='bbox 456 1739 931 1795; x_wconf 77' lang='lat' dir='ltr'><strong>demonstrationis</strong></span> <span class='ocrx_word' id='word_1_127' title='bbox 975 1753 1173 1810; x_wconf 78' lang='lat' dir='ltr'><strong>genere</strong></span> <span class='ocrx_word' id='word_1_128' title='bbox 1211 1755 1425 1810; x_wconf 84' lang='lat' dir='ltr'><strong>semper</strong></span> <span class='ocrx_word' id='word_1_129' title='bbox 1486 1749 1711 1796; x_wconf 88' lang='lat' dir='ltr'><strong>utttntur</strong></span> <span class='ocrx_word' id='word_1_130' title='bbox 1759 1744 2033 1810; x_wconf 76' lang='lat' dir='ltr'><strong>pr0pltetae</strong></span> 
     </span>
    </p>
   </div>
   <div class='ocr_carea' id='block_1_20' title="bbox 458 1833 2029 1905">
    <p class='ocr_par' dir='ltr' id='par_1_20' title="bbox 458 1833 2029 1905">
     <span class='ocr_line' id='line_1_20' title="bbox 458 1833 2029 1905; baseline 0.003 -21"><span class='ocrx_word' id='word_1_131' title='bbox 458 1847 565 1887; x_wconf 92' lang='lat' dir='ltr'><strong>non</strong></span> <span class='ocrx_word' id='word_1_132' title='bbox 606 1834 943 1902; x_wconf 82' lang='lat' dir='ltr'><strong>simpliciter,</strong></span> <span class='ocrx_word' id='word_1_133' title='bbox 989 1834 1083 1889; x_wconf 89' lang='lat' dir='ltr'><strong>sed</strong></span> <span class='ocrx_word' id='word_1_134' title='bbox 1127 1833 1538 1890; x_wconf 85' lang='lat' dir='ltr'><strong>simulacrorum</strong></span> <span class='ocrx_word' id='word_1_135' title='bbox 1591 1835 1814 1905; x_wconf 79' lang='lat' dir='ltr'><strong>gloriam</strong></span> <span class='ocrx_word' id='word_1_136' title='bbox 1855 1836 2029 1904; x_wconf 89' lang='lat' dir='ltr'><strong>impu-</strong></span> 
     </span>
    </p>
   </div>
   <div class='ocr_carea' id='block_1_21' title="bbox 458 1925 2032 1997">
    <p class='ocr_par' dir='ltr' id='par_1_21' title="bbox 458 1925 2032 1997">
     <span class='ocr_line' id='line_1_21' title="bbox 458 1925 2032 1997; baseline 0 -16"><span class='ocrx_word' id='word_1_137' title='bbox 458 1936 714 1997; x_wconf 83' lang='lat' dir='ltr'><strong>gnantes:</strong></span> <span class='ocrx_word' id='word_1_138' title='bbox 754 1926 840 1978; x_wconf 89' lang='lat' dir='ltr'><strong>Dii</strong></span> <span class='ocrx_word' id='word_1_139' title='bbox 873 1925 1037 1988; x_wconf 89' lang='lat' dir='ltr'><strong>enim,</strong></span> <span class='ocrx_word' id='word_1_140' title='bbox 1072 1926 1264 1994; x_wconf 90' lang='lat' dir='ltr'><strong>inquit,</strong></span> <span class='ocrx_word' id='word_1_141' title='bbox 1291 1928 1379 1995; x_wconf 83' lang='lat' dir='ltr'><strong>qui</strong></span> <span class='ocrx_word' id='word_1_142' title='bbox 1408 1925 1591 1981; x_wconf 67' lang='lat' dir='ltr'><strong>calum</strong></span> <span class='ocrx_word' id='word_1_143' title='bbox 1631 1940 1676 1979; x_wconf 78' lang='lat' dir='ltr'><strong>et</strong></span> <span class='ocrx_word' id='word_1_144' title='bbox 1701 1937 1898 1979; x_wconf 80' lang='lat' dir='ltr'><strong>terram</strong></span> <span class='ocrx_word' id='word_1_145' title='bbox 1928 1942 2032 1981; x_wconf 85' lang='lat' dir='ltr'><strong>non</strong></span> 
     </span>
    </p>
   </div>
   <div class='ocr_carea' id='block_1_22' title="bbox 460 2017 2030 2089">
    <p class='ocr_par' dir='ltr' id='par_1_22' title="bbox 460 2017 2030 2089">
     <span class='ocr_line' id='line_1_22' title="bbox 460 2017 2030 2089; baseline -0.001 -17"><span class='ocrx_word' id='word_1_146' title='bbox 460 2019 691 2088; x_wconf 79' lang='lat' dir='ltr'><strong>fecerunt</strong></span> <span class='ocrx_word' id='word_1_147' title='bbox 726 2017 1074 2079; x_wconf 72' lang='lat' dir='ltr'><strong>perdamur‘.</strong></span> <span class='ocrx_word' id='word_1_148' title='bbox 1111 2017 1176 2072; x_wconf 86' lang='lat' dir='ltr'><strong>Et</strong></span> <span class='ocrx_word' id='word_1_149' title='bbox 1216 2017 1607 2089; x_wconf 83' lang='lat' dir='ltr'><strong>rnrsum,Ego,</strong></span> <span class='ocrx_word' id='word_1_150' title='bbox 1644 2019 1840 2086; x_wconf 83' lang='lat' dir='ltr'><strong>inquit,</strong></span> <span class='ocrx_word' id='word_1_151' title='bbox 1868 2034 2030 2071; x_wconf 86' lang='lat' dir='ltr'><strong>manu</strong></span> 
     </span>
    </p>
   </div>
   <div class='ocr_carea' id='block_1_23' title="bbox 459 2107 2032 2179">
    <p class='ocr_par' dir='ltr' id='par_1_23' title="bbox 459 2107 2032 2179">
     <span class='ocr_line' id='line_1_23' title="bbox 459 2107 2032 2179; baseline 0.001 -19"><span class='ocrx_word' id='word_1_152' title='bbox 459 2125 574 2161; x_wconf 77' lang='lat' dir='ltr'><strong>mea</strong></span> <span class='ocrx_word' id='word_1_153' title='bbox 602 2108 800 2162; x_wconf 72' lang='lat' dir='ltr'><strong>calum</strong></span> <span class='ocrx_word' id='word_1_154' title='bbox 826 2108 1035 2162; x_wconf 73' lang='lat' dir='ltr'><strong>extendi</strong></span> <span class='ocrx_word' id='word_1_155' title='bbox 1054 2110 1096 2163; x_wconf 82' lang='lat'><strong>&#39;.</strong></span> <span class='ocrx_word' id='word_1_156' title='bbox 1129 2107 1194 2162; x_wconf 88' lang='lat' dir='ltr'><strong>Et</strong></span> <span class='ocrx_word' id='word_1_157' title='bbox 1229 2111 1329 2163; x_wconf 87' lang='lat' dir='ltr'><strong>ltoc</strong></span> <span class='ocrx_word' id='word_1_158' title='bbox 1356 2109 1649 2164; x_wconf 86' lang='lat' dir='ltr'><strong>divinitatis</strong></span> <span class='ocrx_word' id='word_1_159' title='bbox 1674 2108 1875 2164; x_wconf 89' lang='lat' dir='ltr'><strong>indicio</strong></span> <span class='ocrx_word' id='word_1_160' title='bbox 1909 2124 2032 2179; x_wconf 85' lang='lat' dir='ltr'><strong>pas-</strong></span> 
     </span>
    </p>
   </div>
   <div class='ocr_carea' id='block_1_24' title="bbox 459 2185 2034 2272">
    <p class='ocr_par' dir='ltr' id='par_1_24' title="bbox 459 2185 2034 2272">
     <span class='ocr_line' id='line_1_24' title="bbox 459 2185 2034 2272; baseline 0 -19"><span class='ocrx_word' id='word_1_161' title='bbox 459 2200 561 2253; x_wconf 87' lang='lat' dir='ltr'><strong>sim</strong></span> <span class='ocrx_word' id='word_1_162' title='bbox 597 2202 780 2254; x_wconf 86' lang='lat' dir='ltr'><strong>utitur.</strong></span> <span class='ocrx_word' id='word_1_163' title='bbox 805 2200 872 2254; x_wconf 86' lang='lat' dir='ltr'><strong>At</strong></span> <span class='ocrx_word' id='word_1_164' title='bbox 897 2185 1224 2272; x_wconf 75' lang='lat' dir='ltr'><strong>evangelista</strong></span> <span class='ocrx_word' id='word_1_165' title='bbox 1261 2217 1327 2256; x_wconf 91' lang='lat' dir='ltr'><strong>ne</strong></span> <span class='ocrx_word' id='word_1_166' title='bbox 1357 2201 1440 2255; x_wconf 86' lang='lat' dir='ltr'><strong>bis</strong></span> <span class='ocrx_word' id='word_1_167' title='bbox 1456 2201 1668 2272; x_wconf 83' lang='lat' dir='ltr'><strong>quidem</strong></span> <span class='ocrx_word' id='word_1_168' title='bbox 1702 2202 1879 2257; x_wconf 83' lang='lat' dir='ltr'><strong>verbis</strong></span> <span class='ocrx_word' id='word_1_169' title='bbox 1904 2218 2034 2256; x_wconf 89' lang='lat' dir='ltr'><strong>con-</strong></span> 
     </span>
    </p>
   </div>
   <div class='ocr_carea' id='block_1_25' title="bbox 461 2290 2034 2363">
    <p class='ocr_par' dir='ltr' id='par_1_25' title="bbox 461 2290 2034 2363">
     <span class='ocr_line' id='line_1_25' title="bbox 461 2290 2034 2363; baseline 0.001 -20"><span class='ocrx_word' id='word_1_170' title='bbox 461 2300 662 2355; x_wconf 85' lang='lat' dir='ltr'><strong>tentus,</strong></span> <span class='ocrx_word' id='word_1_171' title='bbox 703 2290 873 2346; x_wconf 86' lang='lat' dir='ltr'><strong>Vitam</strong></span> <span class='ocrx_word' id='word_1_172' title='bbox 912 2302 1196 2361; x_wconf 68' lang='lat' dir='ltr'><strong>praetcrea,</strong></span> <span class='ocrx_word' id='word_1_173' title='bbox 1226 2304 1282 2348; x_wconf 90' lang='lat' dir='ltr'><strong>et</strong></span> <span class='ocrx_word' id='word_1_174' title='bbox 1312 2292 1511 2349; x_wconf 87' lang='lat' dir='ltr'><strong>Lucem</strong></span> <span class='ocrx_word' id='word_1_175' title='bbox 1552 2294 1727 2363; x_wconf 86' lang='lat' dir='ltr'><strong>ipsum</strong></span> <span class='ocrx_word' id='word_1_176' title='bbox 1794 2295 2034 2363; x_wconf 84' lang='lat' dir='ltr'><strong>appella-</strong></span> 
     </span>
    </p>
   </div>
   <div class='ocr_carea' id='block_1_26' title="bbox 460 2383 2032 2456">
    <p class='ocr_par' dir='ltr' id='par_1_26' title="bbox 460 2383 2032 2456">
     <span class='ocr_line' id='line_1_26' title="bbox 460 2383 2032 2456; baseline 0.004 -21"><span class='ocrx_word' id='word_1_177' title='bbox 460 2384 554 2437; x_wconf 81' lang='lat' dir='ltr'><strong>vit.</strong></span> <span class='ocrx_word' id='word_1_178' title='bbox 606 2383 969 2450; x_wconf 79' lang='lat' dir='ltr'><strong>Quamobrem</strong></span> <span class='ocrx_word' id='word_1_179' title='bbox 1031 2385 1078 2441; x_wconf 90' lang='lat' dir='ltr'><strong>si</strong></span> <span class='ocrx_word' id='word_1_180' title='bbox 1120 2399 1337 2456; x_wconf 85' lang='lat' dir='ltr'><strong>semper</strong></span> <span class='ocrx_word' id='word_1_181' title='bbox 1375 2402 1497 2441; x_wconf 89' lang='lat' dir='ltr'><strong>cum</strong></span> <span class='ocrx_word' id='word_1_182' title='bbox 1542 2384 1703 2441; x_wconf 87' lang='lat' dir='ltr'><strong>Patre</strong></span> <span class='ocrx_word' id='word_1_183' title='bbox 1765 2399 1925 2453; x_wconf 86' lang='lat' dir='ltr'><strong>erat;</strong></span> <span class='ocrx_word' id='word_1_184' title='bbox 1986 2388 2032 2442; x_wconf 89' lang='lat' dir='ltr'><strong>si</strong></span> 
     </span>
    </p>
   </div>
   <div class='ocr_carea' id='block_1_27' title="bbox 457 2475 2035 2548">
    <p class='ocr_par' dir='ltr' id='par_1_27' title="bbox 457 2475 2035 2548">
     <span class='ocr_line' id='line_1_27' title="bbox 457 2475 2035 2548; baseline 0.004 -20"><span class='ocrx_word' id='word_1_185' title='bbox 457 2475 638 2529; x_wconf 82' lang='lat' dir='ltr'><strong>Omnia</strong></span> <span class='ocrx_word' id='word_1_186' title='bbox 676 2477 790 2544; x_wconf 85' lang='lat' dir='ltr'><strong>ipse</strong></span> <span class='ocrx_word' id='word_1_187' title='bbox 826 2475 1119 2533; x_wconf 82' lang='lat' dir='ltr'><strong>fabricatus</strong></span> <span class='ocrx_word' id='word_1_188' title='bbox 1170 2488 1295 2544; x_wconf 83' lang='lat' dir='ltr'><strong>est;</strong></span> <span class='ocrx_word' id='word_1_189' title='bbox 1327 2477 1373 2532; x_wconf 88' lang='lat' dir='ltr'><strong>si</strong></span> <span class='ocrx_word' id='word_1_190' title='bbox 1402 2480 1577 2533; x_wconf 89' lang='lat' dir='ltr'><strong>omnia</strong></span> <span class='ocrx_word' id='word_1_191' title='bbox 1622 2481 1947 2548; x_wconf 85' lang='lat' dir='ltr'><strong>procreavit,</strong></span> <span class='ocrx_word' id='word_1_192' title='bbox 1981 2490 2035 2534; x_wconf 90' lang='lat' dir='ltr'><strong>et</strong></span> 
     </span>
    </p>
   </div>
   <div class='ocr_carea' id='block_1_28' title="bbox 458 2567 2033 2640">
    <p class='ocr_par' dir='ltr' id='par_1_28' title="bbox 458 2567 2033 2640">
     <span class='ocr_line' id='line_1_28' title="bbox 458 2567 2033 2640; baseline 0.004 -21"><span class='ocrx_word' id='word_1_193' title='bbox 458 2569 642 2621; x_wconf 80' lang='lat' dir='ltr'><strong>omnia</strong></span> <span class='ocrx_word' id='word_1_194' title='bbox 704 2567 868 2634; x_wconf 76' lang='lat' dir='ltr'><strong>fovet,</strong></span> <span class='ocrx_word' id='word_1_195' title='bbox 941 2569 1170 2624; x_wconf 84' lang='lat' dir='ltr'><strong>idenim</strong></span> <span class='ocrx_word' id='word_1_196' title='bbox 1208 2584 1305 2637; x_wconf 90' lang='lat' dir='ltr'><strong>per</strong></span> <span class='ocrx_word' id='word_1_197' title='bbox 1338 2571 1580 2628; x_wconf 84' lang='lat' dir='ltr'><strong>.verbum</strong></span> <span class='ocrx_word' id='word_1_198' title='bbox 1637 2571 1791 2637; x_wconf 91' lang='lat' dir='ltr'><strong>illud,</strong></span> <span class='ocrx_word' id='word_1_199' title='bbox 1854 2574 2033 2640; x_wconf 81' lang='lat' dir='ltr'><strong>vitam,</strong></span> 
     </span>
    </p>
   </div>
   <div class='ocr_carea' id='block_1_29' title="bbox 459 2660 2034 2733">
    <p class='ocr_par' dir='ltr' id='par_1_29' title="bbox 459 2660 2034 2733">
     <span class='ocr_line' id='line_1_29' title="bbox 459 2660 2034 2733; baseline 0.006 -22"><span class='ocrx_word' id='word_1_200' title='bbox 459 2660 798 2726; x_wconf 74' lang='lat' dir='ltr'><strong>signiﬁcatur</strong></span> <span class='ocrx_word' id='word_1_201' title='bbox 826 2678 841 2715; x_wconf 87' lang='lat'><strong><em>:</em></strong></span> <span class='ocrx_word' id='word_1_202' title='bbox 876 2662 922 2718; x_wconf 88' lang='lat' dir='ltr'><strong>si</strong></span> <span class='ocrx_word' id='word_1_203' title='bbox 945 2665 1124 2717; x_wconf 87' lang='lat' dir='ltr'><strong>omnia</strong></span> <span class='ocrx_word' id='word_1_204' title='bbox 1146 2663 1394 2729; x_wconf 78' lang='lat' dir='ltr'><strong>illustrat,</strong></span> <span class='ocrx_word' id='word_1_205' title='bbox 1419 2664 1538 2733; x_wconf 89' lang='lat' dir='ltr'><strong>quis</strong></span> <span class='ocrx_word' id='word_1_206' title='bbox 1555 2666 1689 2720; x_wconf 87' lang='lat' dir='ltr'><strong>adeo</strong></span> <span class='ocrx_word' id='word_1_207' title='bbox 1711 2667 1904 2721; x_wconf 72' lang='lat' dir='ltr'><strong>stultus</strong></span> <span class='ocrx_word' id='word_1_208' title='bbox 1930 2679 2034 2732; x_wconf 92' lang='lat' dir='ltr'><strong>est,</strong></span> 
     </span>
    </p>
   </div>
   <div class='ocr_carea' id='block_1_30' title="bbox 461 2752 2035 2822">
    <p class='ocr_par' dir='ltr' id='par_1_30' title="bbox 461 2752 2035 2822">
     <span class='ocr_line' id='line_1_30' title="bbox 461 2752 2035 2822; baseline 0.005 -17"><span class='ocrx_word' id='word_1_209' title='bbox 461 2762 519 2805; x_wconf 89' lang='lat' dir='ltr'><strong>ut</strong></span> <span class='ocrx_word' id='word_1_210' title='bbox 550 2753 692 2806; x_wconf 80' lang='lat' dir='ltr'><strong>dicat</strong></span> <span class='ocrx_word' id='word_1_211' title='bbox 737 2752 1123 2822; x_wconf 80' lang='lat' dir='ltr'><strong>evangelistam</strong></span> <span class='ocrx_word' id='word_1_212' title='bbox 1160 2754 1244 2809; x_wconf 89' lang='lat' dir='ltr'><strong>bis</strong></span> <span class='ocrx_word' id='word_1_213' title='bbox 1273 2756 1448 2809; x_wconf 55' lang='lat' dir='ltr'><strong>virbis</strong></span> <span class='ocrx_word' id='word_1_214' title='bbox 1485 2757 1719 2813; x_wconf 87' lang='lat' dir='ltr'><strong>voluisse</strong></span> <span class='ocrx_word' id='word_1_215' title='bbox 1773 2759 2035 2813; x_wconf 84' lang='lat' dir='ltr'><strong>minorem</strong></span> 
     </span>
    </p>
   </div>
   <div class='ocr_carea' id='block_1_31' title="bbox 460 2839 2038 2918">
    <p class='ocr_par' dir='ltr' id='par_1_31' title="bbox 460 2839 2038 2918">
     <span class='ocr_line' id='line_1_31' title="bbox 460 2839 2038 2918; baseline 0.005 -22"><span class='ocrx_word' id='word_1_216' title='bbox 460 2839 580 2896; x_wconf 70' lang='lat' dir='ltr'><strong>Fitii</strong></span> <span class='ocrx_word' id='word_1_217' title='bbox 618 2844 952 2898; x_wconf 88' lang='lat' dir='ltr'><strong>divinitatem</strong></span> <span class='ocrx_word' id='word_1_218' title='bbox 997 2848 1302 2912; x_wconf 76' lang='lat' dir='ltr'><strong>ostendere,</strong></span> <span class='ocrx_word' id='word_1_219' title='bbox 1361 2849 1557 2917; x_wconf 87' lang='lat' dir='ltr'><strong>quibus</strong></span> <span class='ocrx_word' id='word_1_220' title='bbox 1582 2850 1813 2902; x_wconf 86' lang='lat' dir='ltr'><strong>maxima</strong></span> <span class='ocrx_word' id='word_1_221' title='bbox 1862 2860 2038 2918; x_wconf 78' lang='lat' dir='ltr'><strong>p0&#39;est</strong></span> 
     </span>
    </p>
   </div>
   <div class='ocr_carea' id='block_1_32' title="bbox 461 2934 2039 3002">
    <p class='ocr_par' dir='ltr' id='par_1_32' title="bbox 461 2934 2039 3002">
     <span class='ocr_line' id='line_1_32' title="bbox 461 2934 2039 3002; baseline 0.005 -14"><span class='ocrx_word' id='word_1_222' title='bbox 461 2934 742 3002; x_wconf 58' lang='lat' dir='ltr'><strong>inqualitas</strong></span> <span class='ocrx_word' id='word_1_223' title='bbox 770 2944 825 2990; x_wconf 89' lang='lat' dir='ltr'><strong>et</strong></span> <span class='ocrx_word' id='word_1_224' title='bbox 852 2935 1151 2991; x_wconf 90' lang='lat' dir='ltr'><strong>similitudo</strong></span> <span class='ocrx_word' id='word_1_225' title='bbox 1184 2938 1541 2993; x_wconf 84' lang='lat' dir='ltr'><strong>demonstrari</strong></span> <span class='ocrx_word' id='word_1_226' title='bbox 1568 2938 1593 2994; x_wconf 69' lang='grc' dir='ltr'><em>ἲ</em></span> <span class='ocrx_word' id='word_1_227' title='bbox 1624 2937 1702 2995; x_wconf 81' lang='lat' dir='ltr'><strong>Ne</strong></span> <span class='ocrx_word' id='word_1_228' title='bbox 1743 2942 2039 2997; x_wconf 82' lang='lat' dir='ltr'><strong>confunda-</strong></span> 
     </span>
    </p>
   </div>
   <div class='ocr_carea' id='block_1_33' title="bbox 465 3026 2039 3100">
    <p class='ocr_par' dir='ltr' id='par_1_33' title="bbox 465 3026 2039 3100">
     <span class='ocr_line' id='line_1_33' title="bbox 465 3026 2039 3100; baseline 0.007 -24"><span class='ocrx_word' id='word_1_229' title='bbox 465 3041 585 3078; x_wconf 87' lang='lat' dir='ltr'><strong>tuus</strong></span> <span class='ocrx_word' id='word_1_230' title='bbox 613 3039 697 3078; x_wconf 87' lang='lat' dir='ltr'><strong>res</strong></span> <span class='ocrx_word' id='word_1_231' title='bbox 736 3035 1047 3094; x_wconf 85' lang='lat' dir='ltr'><strong>procreatas</strong></span> <span class='ocrx_word' id='word_1_232' title='bbox 1076 3042 1199 3081; x_wconf 89' lang='lat' dir='ltr'><strong>cum</strong></span> <span class='ocrx_word' id='word_1_233' title='bbox 1232 3026 1470 3098; x_wconf 86' lang='lat' dir='ltr'><strong>ipsarum</strong></span> <span class='ocrx_word' id='word_1_234' title='bbox 1504 3041 1876 3100; x_wconf 87' lang='lat' dir='ltr'><strong>procreatore,</strong></span> <span class='ocrx_word' id='word_1_235' title='bbox 1907 3032 2039 3087; x_wconf 86' lang='lat' dir='ltr'><strong>alio-</strong></span> 
     </span>
    </p>
   </div>
   <div class='ocr_carea' id='block_1_34' title="bbox 2130 542 3705 616">
    <p class='ocr_par' dir='ltr' id='par_1_34' title="bbox 2130 542 3705 616">
     <span class='ocr_line' id='line_1_34' title="bbox 2130 542 3705 616; baseline 0.003 -18"><span class='ocrx_word' id='word_1_236' title='bbox 2130 546 2247 615; x_wconf 80' lang='grc' dir='ltr'>Υἱῴ</span> <span class='ocrx_word' id='word_1_237' title='bbox 2296 545 2354 599; x_wconf 72' lang='grc' dir='ltr'>τὸ</span> <span class='ocrx_word' id='word_1_238' title='bbox 2392 543 2615 616; x_wconf 80' lang='grc' dir='ltr'>ἄρθρον,</span> <span class='ocrx_word' id='word_1_239' title='bbox 2652 544 2712 597; x_wconf 81' lang='grc' dir='ltr'>οὐ</span> <span class='ocrx_word' id='word_1_240' title='bbox 2752 543 2839 596; x_wconf 84' lang='grc' dir='ltr'><strong>διὰ</strong></span> <span class='ocrx_word' id='word_1_241' title='bbox 2876 542 3030 597; x_wconf 87' lang='grc' dir='ltr'>τοῦτο</span> <span class='ocrx_word' id='word_1_242' title='bbox 3087 544 3266 613; x_wconf 75' lang='grc' dir='ltr'>ἥττων</span> <span class='ocrx_word' id='word_1_243' title='bbox 3318 544 3451 610; x_wconf 83' lang='grc' dir='ltr'>Θεδς</span> <span class='ocrx_word' id='word_1_244' title='bbox 3486 547 3515 597; x_wconf 87' lang='lat'><strong>6</strong></span> <span class='ocrx_word' id='word_1_245' title='bbox 3551 545 3705 608; x_wconf 59' lang='lat'><strong>“6;.</strong></span> 
     </span>
    </p>
   </div>
   <div class='ocr_carea' id='block_1_35' title="bbox 2129 633 3704 715">
    <p class='ocr_par' dir='ltr' id='par_1_35' title="bbox 2129 633 3704 715">
     <span class='ocr_line' id='line_1_35' title="bbox 2129 633 3704 715; baseline 0 -27"><span class='ocrx_word' id='word_1_246' title='bbox 2129 637 2262 689; x_wconf 77' lang='grc' dir='ltr'>Θεὸν</span> <span class='ocrx_word' id='word_1_247' title='bbox 2284 636 2392 705; x_wconf 82' lang='grc' dir='ltr'>γὰρ</span> <span class='ocrx_word' id='word_1_248' title='bbox 2438 637 2535 688; x_wconf 76' lang='grc' dir='ltr'><strong>καὶ</strong></span> <span class='ocrx_word' id='word_1_249' title='bbox 2565 634 2700 687; x_wconf 69' lang='grc' dir='ltr'>θεὸν</span> <span class='ocrx_word' id='word_1_250' title='bbox 2749 633 2939 696; x_wconf 73' lang='grc' dir='ltr'>εἰπὼν,</span> <span class='ocrx_word' id='word_1_251' title='bbox 2974 634 3075 687; x_wconf 71' lang='grc' dir='ltr'>οὒκ</span> <span class='ocrx_word' id='word_1_252' title='bbox 3134 635 3389 704; x_wconf 65' lang='grc' dir='ltr'>ἐμφαίνει</span> <span class='ocrx_word' id='word_1_253' title='bbox 3439 652 3494 687; x_wconf 90' lang='grc' dir='ltr'><strong>τι</strong></span> <span class='ocrx_word' id='word_1_254' title='bbox 3531 635 3704 715; x_wconf 76' lang='grc' dir='ltr'>μέσον</span> 
     </span>
    </p>
   </div>
   <div class='ocr_carea' id='block_1_36' title="bbox 2129 726 3704 813">
    <p class='ocr_par' dir='ltr' id='par_1_36' title="bbox 2129 726 3704 813">
     <span class='ocr_line' id='line_1_36' title="bbox 2129 726 3704 813; baseline 0.003 -33"><span class='ocrx_word' id='word_1_255' title='bbox 2129 731 2263 799; x_wconf 77' lang='grc' dir='ltr'>ημῖν</span> <span class='ocrx_word' id='word_1_256' title='bbox 2314 728 2417 796; x_wconf 82' lang='grc' dir='ltr'>τῆς</span> <span class='ocrx_word' id='word_1_257' title='bbox 2466 726 2723 796; x_wconf 80' lang='grc' dir='ltr'><strong>θεότητος</strong></span> <span class='ocrx_word' id='word_1_258' title='bbox 2771 726 2995 797; x_wconf 85' lang='grc' dir='ltr'>ταύτης,</span> <span class='ocrx_word' id='word_1_259' title='bbox 3033 726 3172 813; x_wconf 54' lang='lat' dir='ltr'><strong>mg</strong></span> <span class='ocrx_word' id='word_1_260' title='bbox 3223 728 3321 781; x_wconf 80' lang='grc' dir='ltr'><strong>καὶ</strong></span> <span class='ocrx_word' id='word_1_261' title='bbox 3364 727 3704 785; x_wconf 85' lang='grc' dir='ltr'>τούναντίον.</span> 
     </span>
    </p>
   </div>
   <div class='ocr_carea' id='block_1_37' title="bbox 2132 813 3708 894">
    <p class='ocr_par' dir='ltr' id='par_1_37' title="bbox 2132 813 3708 894">
     <span class='ocr_line' id='line_1_37' title="bbox 2132 813 3708 894; baseline 0 -22"><span class='ocrx_word' id='word_1_262' title='bbox 2132 818 2417 890; x_wconf 85' lang='grc' dir='ltr'>ΙΙροειπὼν</span> <span class='ocrx_word' id='word_1_263' title='bbox 2441 817 2571 888; x_wconf 83' lang='grc' dir='ltr'>γὰρ,</span> <span class='ocrx_word' id='word_1_264' title='bbox 2592 816 2703 871; x_wconf 78' lang='grc' dir='ltr'><strong>Καὶ</strong></span> <span class='ocrx_word' id='word_1_265' title='bbox 2724 818 2867 884; x_wconf 79' lang='grc' dir='ltr'>Θεὸς</span> <span class='ocrx_word' id='word_1_266' title='bbox 2888 813 2965 888; x_wconf 80' lang='grc' dir='ltr'>ἦν</span> <span class='ocrx_word' id='word_1_267' title='bbox 2991 821 3024 872; x_wconf 85' lang='lat' dir='ltr'><strong>d</strong></span> <span class='ocrx_word' id='word_1_268' title='bbox 3047 818 3261 888; x_wconf 77' lang='grc' dir='ltr'>Λόγος,</span> <span class='ocrx_word' id='word_1_269' title='bbox 3291 818 3376 872; x_wconf 84' lang='grc' dir='ltr'><strong>ἵνα</strong></span> <span class='ocrx_word' id='word_1_270' title='bbox 3399 817 3474 889; x_wconf 78' lang='grc' dir='ltr'>μὴ</span> <span class='ocrx_word' id='word_1_271' title='bbox 3505 820 3708 894; x_wconf 73' lang='grc' dir='ltr'>νομίσῃ</span> 
     </span>
    </p>
   </div>
   <div class='ocr_carea' id='block_1_38' title="bbox 2129 904 3706 981">
    <p class='ocr_par' dir='ltr' id='par_1_38' title="bbox 2129 904 3706 981">
     <span class='ocr_line' id='line_1_38' title="bbox 2129 904 3706 981; baseline -0.001 -16"><span class='ocrx_word' id='word_1_272' title='bbox 2129 929 2211 976; x_wconf 87' lang='grc' dir='ltr'><strong>τις</strong></span> <span class='ocrx_word' id='word_1_273' title='bbox 2245 912 2507 964; x_wconf 73' lang='grc' dir='ltr'>ἐλάττονα</span> <span class='ocrx_word' id='word_1_274' title='bbox 2554 904 2695 963; x_wconf 73' lang='grc' dir='ltr'>εἶναι</span> <span class='ocrx_word' id='word_1_275' title='bbox 2752 909 2850 980; x_wconf 73' lang='grc' dir='ltr'>τὴν</span> <span class='ocrx_word' id='word_1_276' title='bbox 2894 909 3126 981; x_wconf 86' lang='grc' dir='ltr'>θεότητα</span> <span class='ocrx_word' id='word_1_277' title='bbox 3179 909 3273 963; x_wconf 86' lang='grc' dir='ltr'><strong>τοῦ</strong></span> <span class='ocrx_word' id='word_1_278' title='bbox 3308 909 3461 975; x_wconf 83' lang='grc' dir='ltr'>Υίοῦ,</span> <span class='ocrx_word' id='word_1_279' title='bbox 3494 911 3706 976; x_wconf 73' lang='grc' dir='ltr'>εὐθέως</span> 
     </span>
    </p>
   </div>
   <div class='ocr_carea' id='block_1_39' title="bbox 2130 1001 3709 1074">
    <p class='ocr_par' dir='ltr' id='par_1_39' title="bbox 2130 1001 3709 1074">
     <span class='ocr_line' id='line_1_39' title="bbox 2130 1001 3709 1074; baseline -0.002 -16"><span class='ocrx_word' id='word_1_280' title='bbox 2130 1003 2294 1059; x_wconf 83' lang='grc' dir='ltr'>αὐτοῦ</span> <span class='ocrx_word' id='word_1_281' title='bbox 2326 1003 2418 1057; x_wconf 59' lang='lat' dir='ltr'><strong>sui.</strong></span> <span class='ocrx_word' id='word_1_282' title='bbox 2451 1002 2520 1057; x_wconf 76' lang='grc' dir='ltr'><strong>τὰ</strong></span> <span class='ocrx_word' id='word_1_283' title='bbox 2557 1001 2892 1074; x_wconf 80' lang='grc' dir='ltr'>γνωριστικὰ</span> <span class='ocrx_word' id='word_1_284' title='bbox 2915 1002 3017 1071; x_wconf 83' lang='grc' dir='ltr'>τῆς</span> <span class='ocrx_word' id='word_1_285' title='bbox 3046 1002 3278 1073; x_wconf 77' lang='grc' dir='ltr'><strong>γνησίας</strong></span> <span class='ocrx_word' id='word_1_286' title='bbox 3305 1003 3488 1074; x_wconf 84' lang='grc' dir='ltr'>τίθησι</span> <span class='ocrx_word' id='word_1_287' title='bbox 3515 1001 3709 1072; x_wconf 78' lang='grc' dir='ltr'>θεότη-</span> 
     </span>
    </p>
   </div>
   <div class='ocr_carea' id='block_1_40' title="bbox 2129 1093 3709 1168">
    <p class='ocr_par' dir='ltr' id='par_1_40' title="bbox 2129 1093 3709 1168">
     <span class='ocr_line' id='line_1_40' title="bbox 2129 1093 3709 1168; baseline 0.003 -14"><span class='ocrx_word' id='word_1_288' title='bbox 2129 1118 2244 1164; x_wconf 81' lang='grc' dir='ltr'>τος,</span> <span class='ocrx_word' id='word_1_289' title='bbox 2278 1100 2339 1153; x_wconf 85' lang='grc' dir='ltr'><strong>τό</strong></span> <span class='ocrx_word' id='word_1_290' title='bbox 2380 1115 2438 1152; x_wconf 89' lang='grc' dir='ltr'><strong>τε</strong></span> <span class='ocrx_word' id='word_1_291' title='bbox 2463 1099 2652 1159; x_wconf 81' lang='grc' dir='ltr'>ἀΐδιον,</span> <span class='ocrx_word' id='word_1_292' title='bbox 2693 1093 2883 1162; x_wconf 80' lang='grc' dir='ltr'>Οὗτος</span> <span class='ocrx_word' id='word_1_293' title='bbox 2914 1096 3021 1166; x_wconf 68' lang='grc' dir='ltr'>γὰρ</span> <span class='ocrx_word' id='word_1_294' title='bbox 3064 1093 3162 1167; x_wconf 83' lang='grc' dir='ltr'><strong>ἦν.</strong></span> <span class='ocrx_word' id='word_1_295' title='bbox 3212 1097 3401 1168; x_wconf 74' lang='grc' dir='ltr'>φησὶν,</span> <span class='ocrx_word' id='word_1_296' title='bbox 3426 1097 3487 1150; x_wconf 71' lang='grc' dir='ltr'>ἐν</span> <span class='ocrx_word' id='word_1_297' title='bbox 3547 1096 3709 1165; x_wconf 76' lang='lat' dir='ltr'><strong>dpzii</strong></span> 
     </span>
    </p>
   </div>
   <div class='ocr_carea' id='block_1_41' title="bbox 2129 1189 3702 1262">
    <p class='ocr_par' dir='ltr' id='par_1_41' title="bbox 2129 1189 3702 1262">
     <span class='ocr_line' id='line_1_41' title="bbox 2129 1189 3702 1262; baseline -0.004 -16"><span class='ocrx_word' id='word_1_298' title='bbox 2129 1194 2279 1262; x_wconf 76' lang='grc' dir='ltr'>πρὸς</span> <span class='ocrx_word' id='word_1_299' title='bbox 2305 1193 2413 1246; x_wconf 62' lang='grc' dir='ltr'>τὸν</span> <span class='ocrx_word' id='word_1_300' title='bbox 2449 1193 2622 1255; x_wconf 82' lang='grc' dir='ltr'>Θεὸν,</span> <span class='ocrx_word' id='word_1_301' title='bbox 2664 1191 2757 1241; x_wconf 71' lang='grc' dir='ltr'>ναὶ</span> <span class='ocrx_word' id='word_1_302' title='bbox 2806 1189 2867 1243; x_wconf 85' lang='grc' dir='ltr'><strong>τδ</strong></span> <span class='ocrx_word' id='word_1_303' title='bbox 2913 1189 3307 1259; x_wconf 73' lang='grc' dir='ltr'>δημιουργικὸν</span> <span class='ocrx_word' id='word_1_304' title='bbox 3339 1189 3657 1261; x_wconf 82' lang='grc' dir='ltr'>προστιθείς</span> <span class='ocrx_word' id='word_1_305' title='bbox 3688 1206 3702 1222; x_wconf 75' lang='grc' dir='ltr'><strong>ο</strong></span> 
     </span>
    </p>
   </div>
   <div class='ocr_carea' id='block_1_42' title="bbox 2130 1281 3710 1355">
    <p class='ocr_par' dir='ltr' id='par_1_42' title="bbox 2130 1281 3710 1355">
     <span class='ocr_line' id='line_1_42' title="bbox 2130 1281 3710 1355; baseline -0.006 -15"><span class='ocrx_word' id='word_1_306' title='bbox 2130 1286 2335 1340; x_wconf 80' lang='grc' dir='ltr'><em>Πάντα</em></span> <span class='ocrx_word' id='word_1_307' title='bbox 2365 1285 2473 1355; x_wconf 82' lang='grc' dir='ltr'><strong>γὰρ</strong></span> <span class='ocrx_word' id='word_1_308' title='bbox 2502 1325 2518 1350; x_wconf 88' lang='grc'><strong>,</strong></span> <span class='ocrx_word' id='word_1_309' title='bbox 2563 1285 2718 1354; x_wconf 83' lang='grc' dir='ltr'>φησὶ,</span> <span class='ocrx_word' id='word_1_310' title='bbox 2770 1283 2842 1336; x_wconf 80' lang='grc' dir='ltr'><strong>δι’</strong></span> <span class='ocrx_word' id='word_1_311' title='bbox 2877 1284 3065 1337; x_wconf 83' lang='grc' dir='ltr'>αὐτοῦ</span> <span class='ocrx_word' id='word_1_312' title='bbox 3111 1281 3370 1352; x_wconf 78' lang='grc' dir='ltr'>ἐγένετο,</span> <span class='ocrx_word' id='word_1_313' title='bbox 3400 1281 3498 1336; x_wconf 80' lang='grc' dir='ltr'>καί</span> <span class='ocrx_word' id='word_1_314' title='bbox 3528 1282 3710 1349; x_wconf 59' lang='lat' dir='ltr'><strong>lam};-</strong></span> 
     </span>
    </p>
   </div>
   <div class='ocr_carea' id='block_1_43' title="bbox 2130 1373 3711 1451">
    <p class='ocr_par' dir='ltr' id='par_1_43' title="bbox 2130 1373 3711 1451">
     <span class='ocr_line' id='line_1_43' title="bbox 2130 1373 3711 1451; baseline -0.004 -19"><span class='ocrx_word' id='word_1_315' title='bbox 2130 1376 2315 1432; x_wconf 78' lang='grc' dir='ltr'>αὐτοῦ</span> <span class='ocrx_word' id='word_1_316' title='bbox 2345 1378 2581 1446; x_wconf 78' lang='grc' dir='ltr'>ἐγένετο</span> <span class='ocrx_word' id='word_1_317' title='bbox 2605 1376 2746 1430; x_wconf 73' lang='grc' dir='ltr'>οὐδὲ</span> <span class='ocrx_word' id='word_1_318' title='bbox 2775 1374 2865 1441; x_wconf 74' lang='grc' dir='ltr'>ἐν,</span> <span class='ocrx_word' id='word_1_319' title='bbox 2894 1373 2926 1429; x_wconf 82' lang='grc' dir='ltr'><strong>δ</strong></span> <span class='ocrx_word' id='word_1_320' title='bbox 2948 1375 3219 1445; x_wconf 75' lang='grc' dir='ltr'>γέγονεν.</span> <span class='ocrx_word' id='word_1_321' title='bbox 3259 1377 3337 1451; x_wconf 27' lang='grc' dir='ltr'><strong>Ὃ,</strong></span> <span class='ocrx_word' id='word_1_322' title='bbox 3346 1373 3585 1444; x_wconf 78' lang='grc' dir='ltr'>μάλιστα</span> <span class='ocrx_word' id='word_1_323' title='bbox 3612 1374 3711 1428; x_wconf 77' lang='grc' dir='ltr'><strong>καὶ</strong></span> 
     </span>
    </p>
   </div>
   <div class='ocr_carea' id='block_1_44' title="bbox 2130 1465 3707 1540">
    <p class='ocr_par' dir='ltr' id='par_1_44' title="bbox 2130 1465 3707 1540">
     <span class='ocr_line' id='line_1_44' title="bbox 2130 1465 3707 1540; baseline -0.003 -18"><span class='ocrx_word' id='word_1_324' title='bbox 2130 1471 2158 1522; x_wconf 98' lang='lat'><strong>6</strong></span> <span class='ocrx_word' id='word_1_325' title='bbox 2191 1469 2382 1540; x_wconf 82' lang='grc' dir='ltr'>Πατὴρ</span> <span class='ocrx_word' id='word_1_326' title='bbox 2417 1467 2582 1522; x_wconf 82' lang='grc' dir='ltr'>αὐτοῦ</span> <span class='ocrx_word' id='word_1_327' title='bbox 2614 1467 2704 1521; x_wconf 80' lang='grc' dir='ltr'><strong>διὰ</strong></span> <span class='ocrx_word' id='word_1_328' title='bbox 2759 1467 2868 1521; x_wconf 84' lang='grc' dir='ltr'><strong>τῶν</strong></span> <span class='ocrx_word' id='word_1_329' title='bbox 2912 1465 3211 1536; x_wconf 73' lang='grc' dir='ltr'><strong>προφητῶν</strong></span> <span class='ocrx_word' id='word_1_330' title='bbox 3256 1466 3572 1536; x_wconf 80' lang='grc' dir='ltr'><strong>ἁπανταχοῦ</strong></span> <span class='ocrx_word' id='word_1_331' title='bbox 3606 1466 3707 1534; x_wconf 75' lang='grc' dir='ltr'>τῆς</span> 
     </span>
    </p>
   </div>
   <div class='ocr_carea' id='block_1_45' title="bbox 2130 1551 3708 1631">
    <p class='ocr_par' dir='ltr' id='par_1_45' title="bbox 2130 1551 3708 1631">
     <span class='ocr_line' id='line_1_45' title="bbox 2130 1551 3708 1631; baseline -0.003 -16"><span class='ocrx_word' id='word_1_332' title='bbox 2130 1561 2322 1626; x_wconf 82' lang='grc' dir='ltr'><strong>οὐσίας</strong></span> <span class='ocrx_word' id='word_1_333' title='bbox 2352 1561 2454 1631; x_wconf 82' lang='grc' dir='ltr'>τῆς</span> <span class='ocrx_word' id='word_1_334' title='bbox 2484 1559 2653 1613; x_wconf 77' lang='grc' dir='ltr'>αὑτοῦ</span> <span class='ocrx_word' id='word_1_335' title='bbox 2696 1558 3060 1631; x_wconf 75' lang='grc' dir='ltr'>γνωριστικδν</span> <span class='ocrx_word' id='word_1_336' title='bbox 3103 1551 3240 1611; x_wconf 78' lang='grc' dir='ltr'>εἶναι</span> <span class='ocrx_word' id='word_1_337' title='bbox 3264 1574 3415 1628; x_wconf 78' lang='grc' dir='ltr'>φησι.</span> <span class='ocrx_word' id='word_1_338' title='bbox 3448 1558 3559 1613; x_wconf 73' lang='grc' dir='ltr'><strong>Καὶ</strong></span> <span class='ocrx_word' id='word_1_339' title='bbox 3582 1573 3708 1611; x_wconf 85' lang='grc' dir='ltr'>συν-</span> 
     </span>
    </p>
   </div>
   <div class='ocr_carea' id='block_1_46' title="bbox 2131 1642 3705 1723">
    <p class='ocr_par' dir='ltr' id='par_1_46' title="bbox 2131 1642 3705 1723">
     <span class='ocr_line' id='line_1_46' title="bbox 2131 1642 3705 1723; baseline -0.003 -19"><span class='ocrx_word' id='word_1_340' title='bbox 2131 1651 2272 1723; x_wconf 83' lang='grc' dir='ltr'>εχῶς</span> <span class='ocrx_word' id='word_1_341' title='bbox 2311 1649 2473 1704; x_wconf 86' lang='grc' dir='ltr'>τοῦτο</span> <span class='ocrx_word' id='word_1_342' title='bbox 2529 1651 2627 1721; x_wconf 78' lang='grc' dir='ltr'>τῆς</span> <span class='ocrx_word' id='word_1_343' title='bbox 2662 1649 2994 1715; x_wconf 82' lang='grc' dir='ltr'>ἀποδείξεως</span> <span class='ocrx_word' id='word_1_344' title='bbox 3021 1649 3082 1701; x_wconf 73' lang='grc' dir='ltr'><strong>τὸ</strong></span> <span class='ocrx_word' id='word_1_345' title='bbox 3116 1642 3258 1710; x_wconf 76' lang='grc' dir='ltr'>εἶδος</span> <span class='ocrx_word' id='word_1_346' title='bbox 3298 1648 3705 1718; x_wconf 57' lang='grc' dir='ltr'>περιστρέφοιν-</span> 
     </span>
    </p>
   </div>
   <div class='ocr_carea' id='block_1_47' title="bbox 2135 1739 3707 1813">
    <p class='ocr_par' dir='ltr' id='par_1_47' title="bbox 2135 1739 3707 1813">
     <span class='ocr_line' id='line_1_47' title="bbox 2135 1739 3707 1813; baseline -0.002 -17"><span class='ocrx_word' id='word_1_347' title='bbox 2135 1761 2218 1796; x_wconf 90' lang='grc' dir='ltr'><strong>σιν</strong></span> <span class='ocrx_word' id='word_1_348' title='bbox 2238 1744 2288 1795; x_wconf 79' lang='lat' dir='ltr'><strong>oi</strong></span> <span class='ocrx_word' id='word_1_349' title='bbox 2321 1743 2621 1813; x_wconf 80' lang='grc' dir='ltr'>προφῆται,</span> <span class='ocrx_word' id='word_1_350' title='bbox 2656 1744 2751 1796; x_wconf 81' lang='grc' dir='ltr'><strong>καὶ</strong></span> <span class='ocrx_word' id='word_1_351' title='bbox 2778 1743 2876 1811; x_wconf 81' lang='grc' dir='ltr'><strong>οὐχ</strong></span> <span class='ocrx_word' id='word_1_352' title='bbox 2901 1739 3112 1804; x_wconf 77' lang='grc' dir='ltr'>ἁπλῶς,</span> <span class='ocrx_word' id='word_1_353' title='bbox 3143 1739 3280 1793; x_wconf 80' lang='grc' dir='ltr'>ἀλλὰ</span> <span class='ocrx_word' id='word_1_354' title='bbox 3305 1742 3443 1811; x_wconf 82' lang='grc' dir='ltr'>πρὸς</span> <span class='ocrx_word' id='word_1_355' title='bbox 3470 1741 3568 1810; x_wconf 79' lang='grc' dir='ltr'>τὴν</span> <span class='ocrx_word' id='word_1_356' title='bbox 3595 1740 3707 1793; x_wconf 82' lang='grc' dir='ltr'><strong>τῶν</strong></span> 
     </span>
    </p>
   </div>
   <div class='ocr_carea' id='block_1_48' title="bbox 2133 1833 3710 1905">
    <p class='ocr_par' dir='ltr' id='par_1_48' title="bbox 2133 1833 3710 1905">
     <span class='ocr_line' id='line_1_48' title="bbox 2133 1833 3710 1905; baseline 0 -17"><span class='ocrx_word' id='word_1_357' title='bbox 2133 1835 2366 1889; x_wconf 85' lang='grc' dir='ltr'>είδὼλων</span> <span class='ocrx_word' id='word_1_358' title='bbox 2389 1834 2777 1905; x_wconf 79' lang='grc' dir='ltr'><strong>ἀγωνιζόμενοι</strong></span> <span class='ocrx_word' id='word_1_359' title='bbox 2802 1833 2977 1901; x_wconf 61' lang='grc' dir='ltr'>δόξαν</span> <span class='ocrx_word' id='word_1_360' title='bbox 3005 1833 3133 1887; x_wconf 78' lang='grc' dir='ltr'>Θεοί</span> <span class='ocrx_word' id='word_1_361' title='bbox 3163 1833 3289 1905; x_wconf 81' lang='grc' dir='ltr'>γὰρ,</span> <span class='ocrx_word' id='word_1_362' title='bbox 3313 1833 3496 1905; x_wconf 78' lang='grc' dir='ltr'>φησὶν,</span> <span class='ocrx_word' id='word_1_363' title='bbox 3523 1833 3582 1889; x_wconf 85' lang='grc' dir='ltr'>οἳ</span> <span class='ocrx_word' id='word_1_364' title='bbox 3602 1836 3710 1888; x_wconf 72' lang='grc' dir='ltr'><strong>τίν</strong></span> 
     </span>
    </p>
   </div>
   <div class='ocr_carea' id='block_1_49' title="bbox 2132 1925 3710 1996">
    <p class='ocr_par' dir='ltr' id='par_1_49' title="bbox 2132 1925 3710 1996">
     <span class='ocr_line' id='line_1_49' title="bbox 2132 1925 3710 1996; baseline 0.001 -16"><span class='ocrx_word' id='word_1_365' title='bbox 2132 1927 2397 1996; x_wconf 84' lang='grc' dir='ltr'>οὐρανὸν</span> <span class='ocrx_word' id='word_1_366' title='bbox 2425 1927 2522 1980; x_wconf 82' lang='grc' dir='ltr'><strong>καὶ</strong></span> <span class='ocrx_word' id='word_1_367' title='bbox 2551 1926 2666 1996; x_wconf 79' lang='grc' dir='ltr'>τὴν</span> <span class='ocrx_word' id='word_1_368' title='bbox 2700 1926 2818 1996; x_wconf 80' lang='grc' dir='ltr'>γῆν</span> <span class='ocrx_word' id='word_1_369' title='bbox 2841 1926 2951 1980; x_wconf 79' lang='grc' dir='ltr'><strong>οὐκ</strong></span> <span class='ocrx_word' id='word_1_370' title='bbox 2994 1925 3315 1993; x_wconf 82' lang='grc' dir='ltr'>ἐποίησαν,</span> <span class='ocrx_word' id='word_1_371' title='bbox 3351 1927 3710 1982; x_wconf 58' lang='lat' dir='ltr'><strong>excusseram-</strong></span> 
     </span>
    </p>
   </div>
   <div class='ocr_carea' id='block_1_50' title="bbox 2124 2015 3710 2089">
    <p class='ocr_par' dir='ltr' id='par_1_50' title="bbox 2124 2015 3710 2089">
     <span class='ocr_line' id='line_1_50' title="bbox 2124 2015 3710 2089; baseline -0.001 -17"><span class='ocrx_word' id='word_1_372' title='bbox 2124 2036 2275 2073; x_wconf 81' lang='grc' dir='ltr'>σαν.</span> <span class='ocrx_word' id='word_1_373' title='bbox 2309 2019 2415 2072; x_wconf 78' lang='grc' dir='ltr'><strong>Καὶ</strong></span> <span class='ocrx_word' id='word_1_374' title='bbox 2438 2015 2620 2083; x_wconf 76' lang='grc' dir='ltr'>πάλιν,</span> <span class='ocrx_word' id='word_1_375' title='bbox 2666 2017 2815 2089; x_wconf 81' lang='grc' dir='ltr'><strong>Ἐγὼ</strong></span> <span class='ocrx_word' id='word_1_376' title='bbox 2860 2017 2935 2085; x_wconf 80' lang='grc' dir='ltr'>τῇ</span> <span class='ocrx_word' id='word_1_377' title='bbox 2975 2018 3131 2085; x_wconf 80' lang='grc' dir='ltr'>χειρί</span> <span class='ocrx_word' id='word_1_378' title='bbox 3153 2036 3274 2087; x_wconf 85' lang='grc' dir='ltr'><strong>μου</strong></span> <span class='ocrx_word' id='word_1_379' title='bbox 3308 2017 3579 2082; x_wconf 79' lang='grc' dir='ltr'><strong>ἐξέτεινα</strong></span> <span class='ocrx_word' id='word_1_380' title='bbox 3603 2020 3710 2073; x_wconf 73' lang='grc' dir='ltr'>τεν</span> 
     </span>
    </p>
   </div>
   <div class='ocr_carea' id='block_1_51' title="bbox 2132 2104 3710 2182">
    <p class='ocr_par' dir='ltr' id='par_1_51' title="bbox 2132 2104 3710 2182">
     <span class='ocr_line' id='line_1_51' title="bbox 2132 2104 3710 2182; baseline -0.001 -17"><span class='ocrx_word' id='word_1_381' title='bbox 2132 2112 2417 2180; x_wconf 82' lang='grc' dir='ltr'>οὐρανόν.</span> <span class='ocrx_word' id='word_1_382' title='bbox 2476 2111 2589 2165; x_wconf 75' lang='grc' dir='ltr'><strong>Καὶ</strong></span> <span class='ocrx_word' id='word_1_383' title='bbox 2644 2109 2857 2175; x_wconf 81' lang='grc' dir='ltr'>δεικνὺς</span> <span class='ocrx_word' id='word_1_384' title='bbox 2904 2108 3161 2182; x_wconf 78' lang='grc' dir='ltr'>θεότητος</span> <span class='ocrx_word' id='word_1_385' title='bbox 3218 2104 3359 2164; x_wconf 78' lang='grc' dir='ltr'>εἶναι</span> <span class='ocrx_word' id='word_1_386' title='bbox 3409 2109 3710 2180; x_wconf 67' lang='grc' dir='ltr'>δηλωτικὸν</span> 
     </span>
    </p>
   </div>
   <div class='ocr_carea' id='block_1_52' title="bbox 2134 2197 3713 2270">
    <p class='ocr_par' dir='ltr' id='par_1_52' title="bbox 2134 2197 3713 2270">
     <span class='ocr_line' id='line_1_52' title="bbox 2134 2197 3713 2270; baseline 0.001 -17"><span class='ocrx_word' id='word_1_387' title='bbox 2134 2197 2413 2270; x_wconf 74' lang='grc' dir='ltr'>πανταχοῦ</span> <span class='ocrx_word' id='word_1_388' title='bbox 2448 2199 2580 2253; x_wconf 77' lang='grc' dir='ltr'>αὐτὸ</span> <span class='ocrx_word' id='word_1_389' title='bbox 2621 2199 2857 2270; x_wconf 85' lang='grc' dir='ltr'>τίθησιν.</span> <span class='ocrx_word' id='word_1_390' title='bbox 2927 2199 3100 2264; x_wconf 77' lang='grc' dir='ltr'>Αὐτὸς</span> <span class='ocrx_word' id='word_1_391' title='bbox 3146 2199 3204 2253; x_wconf 74' lang='grc' dir='ltr'>δὲ</span> <span class='ocrx_word' id='word_1_392' title='bbox 3256 2201 3283 2254; x_wconf 89' lang='grc' dir='ltr'>ὀ</span> <span class='ocrx_word' id='word_1_393' title='bbox 3317 2200 3713 2268; x_wconf 70' lang='grc' dir='ltr'>εὐαγγελιστὴς</span> 
     </span>
    </p>
   </div>
   <div class='ocr_carea' id='block_1_53' title="bbox 2135 2290 3713 2362">
    <p class='ocr_par' dir='ltr' id='par_1_53' title="bbox 2135 2290 3713 2362">
     <span class='ocr_line' id='line_1_53' title="bbox 2135 2290 3713 2362; baseline 0 -19"><span class='ocrx_word' id='word_1_394' title='bbox 2135 2291 2258 2344; x_wconf 68' lang='grc' dir='ltr'>οὐδὲ</span> <span class='ocrx_word' id='word_1_395' title='bbox 2296 2291 2508 2354; x_wconf 78' lang='grc' dir='ltr'>τούτοις</span> <span class='ocrx_word' id='word_1_396' title='bbox 2535 2290 2783 2362; x_wconf 74' lang='grc' dir='ltr'>ἠρκέσθη</span> <span class='ocrx_word' id='word_1_397' title='bbox 2817 2293 2930 2354; x_wconf 77' lang='grc' dir='ltr'>τοῖς</span> <span class='ocrx_word' id='word_1_398' title='bbox 2955 2292 3221 2361; x_wconf 79' lang='grc' dir='ltr'>ῥήμασιν,</span> <span class='ocrx_word' id='word_1_399' title='bbox 3254 2291 3389 2345; x_wconf 80' lang='grc' dir='ltr'>ἀλλὰ</span> <span class='ocrx_word' id='word_1_400' title='bbox 3423 2293 3520 2346; x_wconf 79' lang='grc' dir='ltr'><strong>καὶ</strong></span> <span class='ocrx_word' id='word_1_401' title='bbox 3565 2291 3713 2362; x_wconf 74' lang='grc' dir='ltr'>ζωὴν</span> 
     </span>
    </p>
   </div>
   <div class='ocr_carea' id='block_1_54' title="bbox 2137 2382 3708 2453">
    <p class='ocr_par' dir='ltr' id='par_1_54' title="bbox 2137 2382 3708 2453">
     <span class='ocr_line' id='line_1_54' title="bbox 2137 2382 3708 2453; baseline -0.001 -16"><span class='ocrx_word' id='word_1_402' title='bbox 2137 2385 2303 2440; x_wconf 67' lang='grc' dir='ltr'>αὐτὸν</span> <span class='ocrx_word' id='word_1_403' title='bbox 2348 2385 2575 2438; x_wconf 74' lang='grc' dir='ltr'>ἐκάλεσε</span> <span class='ocrx_word' id='word_1_404' title='bbox 2615 2385 2712 2438; x_wconf 73' lang='grc' dir='ltr'>καὶ</span> <span class='ocrx_word' id='word_1_405' title='bbox 2765 2382 2901 2451; x_wconf 80' lang='grc' dir='ltr'>φῶς.</span> <span class='ocrx_word' id='word_1_406' title='bbox 2947 2384 3009 2436; x_wconf 80' lang='lat' dir='ltr'><strong>Ei</strong></span> <span class='ocrx_word' id='word_1_407' title='bbox 3062 2383 3241 2437; x_wconf 86' lang='grc' dir='ltr'>τοίνυν</span> <span class='ocrx_word' id='word_1_408' title='bbox 3288 2384 3377 2437; x_wconf 79' lang='grc' dir='ltr'><strong>ἀεὶ</strong></span> <span class='ocrx_word' id='word_1_409' title='bbox 3412 2383 3552 2453; x_wconf 72' lang='grc' dir='ltr'>μετὰ</span> <span class='ocrx_word' id='word_1_410' title='bbox 3612 2384 3708 2436; x_wconf 64' lang='grc' dir='ltr'><strong>τεῦ</strong></span> 
     </span>
    </p>
   </div>
   <div class='ocr_carea' id='block_1_55' title="bbox 2137 2472 3721 2548">
    <p class='ocr_par' dir='ltr' id='par_1_55' title="bbox 2137 2472 3721 2548">
     <span class='ocr_line' id='line_1_55' title="bbox 2137 2472 3721 2548; baseline 0.002 -19"><span class='ocrx_word' id='word_1_411' title='bbox 2137 2478 2350 2547; x_wconf 78' lang='grc' dir='ltr'>Πατρδς</span> <span class='ocrx_word' id='word_1_412' title='bbox 2373 2472 2463 2548; x_wconf 71' lang='grc' dir='ltr'>ἦν,</span> <span class='ocrx_word' id='word_1_413' title='bbox 2493 2479 2542 2530; x_wconf 85' lang='grc' dir='ltr'><strong>εί</strong></span> <span class='ocrx_word' id='word_1_414' title='bbox 2580 2477 2756 2530; x_wconf 84' lang='grc' dir='ltr'>πάντα</span> <span class='ocrx_word' id='word_1_415' title='bbox 2789 2475 2950 2538; x_wconf 76' lang='grc' dir='ltr'>αὐτὸς</span> <span class='ocrx_word' id='word_1_416' title='bbox 2969 2474 3426 2546; x_wconf 72' lang='grc' dir='ltr'>ἐδημιούργησεν,</span> <span class='ocrx_word' id='word_1_417' title='bbox 3461 2479 3509 2530; x_wconf 81' lang='grc' dir='ltr'><strong>εί</strong></span> <span class='ocrx_word' id='word_1_418' title='bbox 3533 2477 3721 2532; x_wconf 75' lang='grc' dir='ltr'>πάντα</span> 
     </span>
    </p>
   </div>
   <div class='ocr_carea' id='block_1_56' title="bbox 2139 2567 3713 2640">
    <p class='ocr_par' dir='ltr' id='par_1_56' title="bbox 2139 2567 3713 2640">
     <span class='ocr_line' id='line_1_56' title="bbox 2139 2567 3713 2640; baseline 0 -18"><span class='ocrx_word' id='word_1_419' title='bbox 2139 2569 2315 2633; x_wconf 73' lang='grc' dir='ltr'>αὐτὸς</span> <span class='ocrx_word' id='word_1_420' title='bbox 2332 2568 2647 2640; x_wconf 81' lang='grc' dir='ltr'><strong>παρήγαγε,</strong></span> <span class='ocrx_word' id='word_1_421' title='bbox 2684 2570 2777 2621; x_wconf 71' lang='grc' dir='ltr'><strong>καὶ</strong></span> <span class='ocrx_word' id='word_1_422' title='bbox 2817 2570 3129 2639; x_wconf 81' lang='grc' dir='ltr'>συγκροτεῖ,</span> <span class='ocrx_word' id='word_1_423' title='bbox 3159 2567 3318 2621; x_wconf 89' lang='grc' dir='ltr'>τοῦτο</span> <span class='ocrx_word' id='word_1_424' title='bbox 3363 2569 3471 2640; x_wconf 83' lang='grc' dir='ltr'><strong>γὰρ</strong></span> <span class='ocrx_word' id='word_1_425' title='bbox 3502 2569 3589 2623; x_wconf 75' lang='grc' dir='ltr'><strong>διὰ</strong></span> <span class='ocrx_word' id='word_1_426' title='bbox 3611 2568 3713 2638; x_wconf 78' lang='grc' dir='ltr'>τῆς</span> 
     </span>
    </p>
   </div>
   <div class='ocr_carea' id='block_1_57' title="bbox 2138 2654 3714 2732">
    <p class='ocr_par' dir='ltr' id='par_1_57' title="bbox 2138 2654 3714 2732">
     <span class='ocr_line' id='line_1_57' title="bbox 2138 2654 3714 2732; baseline -0.004 -15"><span class='ocrx_word' id='word_1_427' title='bbox 2138 2663 2282 2732; x_wconf 74' lang='grc' dir='ltr'>ζωῆς</span> <span class='ocrx_word' id='word_1_428' title='bbox 2312 2660 2552 2732; x_wconf 71' lang='grc' dir='ltr'>ᾐνίξατο,</span> <span class='ocrx_word' id='word_1_429' title='bbox 2578 2665 2627 2714; x_wconf 81' lang='grc' dir='ltr'><strong>εί</strong></span> <span class='ocrx_word' id='word_1_430' title='bbox 2660 2663 2835 2717; x_wconf 77' lang='grc' dir='ltr'>πάντα</span> <span class='ocrx_word' id='word_1_431' title='bbox 2866 2654 3098 2730; x_wconf 72' lang='grc' dir='ltr'>φωτίζεί</span> <span class='ocrx_word' id='word_1_432' title='bbox 3127 2676 3140 2690; x_wconf 94' lang='grc'><strong>·</strong></span> <span class='ocrx_word' id='word_1_433' title='bbox 3166 2660 3249 2723; x_wconf 89' lang='grc' dir='ltr'><strong>τίς</strong></span> <span class='ocrx_word' id='word_1_434' title='bbox 3274 2658 3445 2724; x_wconf 80' lang='grc' dir='ltr'>οὓτως</span> <span class='ocrx_word' id='word_1_435' title='bbox 3464 2661 3714 2729; x_wconf 76' lang='grc' dir='ltr'>ἀνόητος,</span> 
     </span>
    </p>
   </div>
   <div class='ocr_carea' id='block_1_58' title="bbox 2138 2751 3714 2827">
    <p class='ocr_par' dir='ltr' id='par_1_58' title="bbox 2138 2751 3714 2827">
     <span class='ocr_line' id='line_1_58' title="bbox 2138 2751 3714 2827; baseline 0.001 -22"><span class='ocrx_word' id='word_1_436' title='bbox 2138 2753 2215 2816; x_wconf 86' lang='grc' dir='ltr'>ὼς</span> <span class='ocrx_word' id='word_1_437' title='bbox 2258 2753 2430 2805; x_wconf 71' lang='grc' dir='ltr'>εἰπεῖν</span> <span class='ocrx_word' id='word_1_438' title='bbox 2459 2752 2550 2806; x_wconf 59' lang='grc' dir='ltr'><strong>τὸν</strong></span> <span class='ocrx_word' id='word_1_439' title='bbox 2593 2751 2988 2823; x_wconf 82' lang='grc' dir='ltr'>εύαγγελιστὴν</span> <span class='ocrx_word' id='word_1_440' title='bbox 3019 2752 3107 2805; x_wconf 69' lang='grc' dir='ltr'>διὰ</span> <span class='ocrx_word' id='word_1_441' title='bbox 3135 2753 3339 2805; x_wconf 79' lang='grc' dir='ltr'>τούτων</span> <span class='ocrx_word' id='word_1_442' title='bbox 3377 2752 3714 2827; x_wconf 72' lang='grc' dir='ltr'>ἐσπουδακέ-</span> 
     </span>
    </p>
   </div>
   <div class='ocr_carea' id='block_1_59' title="bbox 2139 2834 3715 2911">
    <p class='ocr_par' dir='ltr' id='par_1_59' title="bbox 2139 2834 3715 2911">
     <span class='ocr_line' id='line_1_59' title="bbox 2139 2834 3715 2911; baseline -0.003 -15"><span class='ocrx_word' id='word_1_443' title='bbox 2139 2860 2226 2896; x_wconf 89' lang='grc' dir='ltr'><strong>ναι</strong></span> <span class='ocrx_word' id='word_1_444' title='bbox 2254 2841 2550 2896; x_wconf 69' lang='grc' dir='ltr'>ἐλάττωσιν</span> <span class='ocrx_word' id='word_1_445' title='bbox 2586 2841 2843 2911; x_wconf 81' lang='grc' dir='ltr'>οεότητος</span> <span class='ocrx_word' id='word_1_446' title='bbox 2874 2839 3309 2910; x_wconf 75' lang='grc' dir='ltr'>εἰσηγήσασθαι,</span> <span class='ocrx_word' id='word_1_447' title='bbox 3352 2840 3420 2892; x_wconf 88' lang='grc' dir='ltr'><strong>δι’</strong></span> <span class='ocrx_word' id='word_1_448' title='bbox 3451 2834 3527 2895; x_wconf 85' lang='grc' dir='ltr'>ὦν</span> <span class='ocrx_word' id='word_1_449' title='bbox 3558 2840 3715 2910; x_wconf 84' lang='grc' dir='ltr'>μάλι-</span> 
     </span>
    </p>
   </div>
   <div class='ocr_carea' id='block_1_60' title="bbox 2141 2931 3715 3003">
    <p class='ocr_par' dir='ltr' id='par_1_60' title="bbox 2141 2931 3715 3003">
     <span class='ocr_line' id='line_1_60' title="bbox 2141 2931 3715 3003; baseline -0.003 -15"><span class='ocrx_word' id='word_1_450' title='bbox 2141 2952 2241 2988; x_wconf 92' lang='grc' dir='ltr'><strong>στα</strong></span> <span class='ocrx_word' id='word_1_451' title='bbox 2278 2934 2500 3003; x_wconf 74' lang='grc' dir='ltr'>ἰσότητα</span> <span class='ocrx_word' id='word_1_452' title='bbox 2528 2933 2621 2987; x_wconf 79' lang='grc' dir='ltr'>καὶ</span> <span class='ocrx_word' id='word_1_453' title='bbox 2653 2931 3069 3003; x_wconf 78' lang='grc' dir='ltr'>ἀπαραλλαξίαν</span> <span class='ocrx_word' id='word_1_454' title='bbox 3103 2933 3446 2999; x_wconf 67' lang='grc' dir='ltr'><strong>ἐνδείξασθαι</strong></span> <span class='ocrx_word' id='word_1_455' title='bbox 3487 2934 3715 2988; x_wconf 83' lang='grc' dir='ltr'>δυνατόν</span> 
     </span>
    </p>
   </div>
   <div class='ocr_carea' id='block_1_61' title="bbox 2140 3025 3715 3098">
    <p class='ocr_par' dir='ltr' id='par_1_61' title="bbox 2140 3025 3715 3098">
     <span class='ocr_line' id='line_1_61' title="bbox 2140 3025 3715 3098; baseline 0.001 -19"><span class='ocrx_word' id='word_1_456' title='bbox 2140 3029 2290 3092; x_wconf 63' lang='lat' dir='ltr'><strong>lost;</strong></span> <span class='ocrx_word' id='word_1_457' title='bbox 2322 3026 2415 3098; x_wconf 79' lang='grc' dir='ltr'><strong>Μὴ</strong></span> <span class='ocrx_word' id='word_1_458' title='bbox 2446 3027 2765 3097; x_wconf 80' lang='grc' dir='ltr'>συγχέωμεν</span> <span class='ocrx_word' id='word_1_459' title='bbox 2785 3026 2883 3096; x_wconf 83' lang='grc' dir='ltr'>τὴν</span> <span class='ocrx_word' id='word_1_460' title='bbox 2902 3025 3081 3080; x_wconf 84' lang='grc' dir='ltr'>κτίσιν</span> <span class='ocrx_word' id='word_1_461' title='bbox 3111 3026 3251 3098; x_wconf 78' lang='grc' dir='ltr'>μετὰ</span> <span class='ocrx_word' id='word_1_462' title='bbox 3281 3027 3375 3080; x_wconf 89' lang='grc' dir='ltr'><strong>τοῦ</strong></span> <span class='ocrx_word' id='word_1_463' title='bbox 3402 3029 3715 3092; x_wconf 85' lang='grc' dir='ltr'>κτίσαντος.</span> 
     </span>
    </p>
   </div>
   <div class='ocr_carea' id='block_1_62' title="bbox 461 3116 2035 3205">
    <p class='ocr_par' dir='ltr' id='par_1_62' title="bbox 461 3116 2035 3191">
     <span class='ocr_line' id='line_1_62' title="bbox 461 3116 2035 3191; baseline 0.005 -22"><span class='ocrx_word' id='word_1_464' title='bbox 461 3118 594 3186; x_wconf 89' lang='lat' dir='ltr'><strong>quin</strong></span> <span class='ocrx_word' id='word_1_465' title='bbox 642 3116 768 3170; x_wconf 88' lang='lat' dir='ltr'><strong>illttd</strong></span> <span class='ocrx_word' id='word_1_466' title='bbox 830 3119 954 3171; x_wconf 89' lang='lat' dir='ltr'><strong>item</strong></span> <span class='ocrx_word' id='word_1_467' title='bbox 988 3117 1039 3171; x_wconf 91' lang='lat' dir='ltr'><strong>in</strong></span> <span class='ocrx_word' id='word_1_468' title='bbox 1082 3133 1179 3173; x_wconf 87' lang='lat' dir='ltr'><strong>nos</strong></span> <span class='ocrx_word' id='word_1_469' title='bbox 1209 3122 1605 3191; x_wconf 84' lang='lat' dir='ltr'><strong>usurpabitur:</strong></span> <span class='ocrx_word' id='word_1_470' title='bbox 1640 3122 1711 3178; x_wconf 79' lang='lat' dir='ltr'><strong>Et</strong></span> <span class='ocrx_word' id='word_1_471' title='bbox 1770 3124 2035 3183; x_wconf 69' lang='lat' dir='ltr'><strong>coluerunt</strong></span> 
     </span>
    </p>
   </div>
   <div class='ocr_carea' id='block_1_63' title="bbox 2136 3116 3717 3205">
    <p class='ocr_par' dir='ltr' id='par_1_63' title="bbox 2141 3118 3717 3190">
     <span class='ocr_line' id='line_1_63' title="bbox 2141 3118 3717 3190; baseline 0.003 -18"><span class='ocrx_word' id='word_1_472' title='bbox 2141 3119 2229 3172; x_wconf 76' lang='grc' dir='ltr'>ἵνα</span> <span class='ocrx_word' id='word_1_473' title='bbox 2260 3118 2337 3190; x_wconf 85' lang='grc' dir='ltr'>μὴ</span> <span class='ocrx_word' id='word_1_474' title='bbox 2391 3119 2484 3172; x_wconf 77' lang='grc' dir='ltr'><strong>καὶ</strong></span> <span class='ocrx_word' id='word_1_475' title='bbox 2513 3120 2675 3188; x_wconf 82' lang='grc' dir='ltr'><strong>ἡμεῖς</strong></span> <span class='ocrx_word' id='word_1_476' title='bbox 2718 3118 3061 3189; x_wconf 82' lang='grc' dir='ltr'>ἀκούσωμεν,</span> <span class='ocrx_word' id='word_1_477' title='bbox 3109 3118 3190 3173; x_wconf 82' lang='grc' dir='ltr'>ὅτι</span> <span class='ocrx_word' id='word_1_478' title='bbox 3251 3119 3717 3189; x_wconf 77' lang='grc' dir='ltr'>Ἐσεϐἀσθησαν</span> 
     </span>
    </p>
   </div>
   <div class='ocr_carea' id='block_1_64' title="bbox 464 3204 1549 3274">
    <p class='ocr_par' dir='ltr' id='par_1_64' title="bbox 464 3204 1549 3274">
     <span class='ocr_line' id='line_1_64' title="bbox 464 3204 1549 3274; baseline 0.007 -19"><span class='ocrx_word' id='word_1_479' title='bbox 464 3212 764 3257; x_wconf 75' lang='lat' dir='ltr'><strong>creaturam</strong></span> <span class='ocrx_word' id='word_1_480' title='bbox 798 3204 965 3274; x_wconf 84' lang='lat' dir='ltr'><strong>magis</strong></span> <span class='ocrx_word' id='word_1_481' title='bbox 999 3221 1156 3274; x_wconf 86' lang='lat' dir='ltr'><strong>quam</strong></span> <span class='ocrx_word' id='word_1_482' title='bbox 1181 3204 1483 3262; x_wconf 83' lang='lat' dir='ltr'><strong>Creatorem</strong></span> <span class='ocrx_word' id='word_1_483' title='bbox 1508 3207 1549 3263; x_wconf 86' lang='grc'><strong>⁸.</strong></span> 
     </span>
    </p>
   </div>
   <div class='ocr_carea' id='block_1_65' title="bbox 465 3313 2036 3390">
    <p class='ocr_par' dir='ltr' id='par_1_65' title="bbox 465 3313 2036 3390">
     <span class='ocr_line' id='line_1_65' title="bbox 465 3313 2036 3390; baseline 0.004 -23"><span class='ocrx_word' id='word_1_484' title='bbox 465 3314 721 3384; x_wconf 82' lang='lat' dir='ltr'><strong>Ejusdem</strong></span> <span class='ocrx_word' id='word_1_485' title='bbox 749 3314 804 3366; x_wconf 85' lang='lat' dir='ltr'><strong>in</strong></span> <span class='ocrx_word' id='word_1_486' title='bbox 840 3313 937 3368; x_wconf 79' lang='lat' dir='ltr'><strong>illa</strong></span> <span class='ocrx_word' id='word_1_487' title='bbox 969 3313 1125 3369; x_wconf 80' lang='lat' dir='ltr'><strong>verba</strong></span> <span class='ocrx_word' id='word_1_488' title='bbox 1152 3334 1174 3374; x_wconf 91' lang='lat'><strong><em>:</em></strong></span> <span class='ocrx_word' id='word_1_489' title='bbox 1227 3335 1247 3369; x_wconf 79' lang='grc' dir='ltr'><strong>ι</strong></span> <span class='ocrx_word' id='word_1_490' title='bbox 1283 3318 1477 3374; x_wconf 83' lang='lat' dir='ltr'><strong>Omnia</strong></span> <span class='ocrx_word' id='word_1_491' title='bbox 1509 3335 1602 3390; x_wconf 78' lang='lat' dir='ltr'><strong>per</strong></span> <span class='ocrx_word' id='word_1_492' title='bbox 1654 3321 1826 3389; x_wconf 79' lang='lat' dir='ltr'><strong>ipsum</strong></span> <span class='ocrx_word' id='word_1_493' title='bbox 1889 3320 2036 3389; x_wconf 78' lang='lat' dir='ltr'><strong>facta</strong></span> 
     </span>
    </p>
   </div>
   <div class='ocr_carea' id='block_1_66' title="bbox 1165 3400 1355 3445">
    <p class='ocr_par' dir='ltr' id='par_1_66' title="bbox 1165 3400 1355 3445">
     <span class='ocr_line' id='line_1_66' title="bbox 1165 3400 1355 3445; baseline -0.021 -1"><span class='ocrx_word' id='word_1_494' title='bbox 1165 3400 1309 3445; x_wconf 79' lang='lat' dir='ltr'><strong>sunt.</strong></span> <span class='ocrx_word' id='word_1_495' title='bbox 1337 3407 1355 3440; x_wconf 74' lang='grc' dir='ltr'><strong>ι</strong></span> 
     </span>
    </p>
   </div>
   <div class='ocr_carea' id='block_1_67' title="bbox 535 3478 2038 3550">
    <p class='ocr_par' dir='ltr' id='par_1_67' title="bbox 535 3478 2038 3550">
     <span class='ocr_line' id='line_1_67' title="bbox 535 3478 2038 3550; baseline 0.006 -20"><span class='ocrx_word' id='word_1_496' title='bbox 535 3478 591 3530; x_wconf 87' lang='lat' dir='ltr'><strong>Si</strong></span> <span class='ocrx_word' id='word_1_497' title='bbox 629 3480 1062 3548; x_wconf 82' lang='lat' dir='ltr'><strong>praepositionem</strong></span> <span class='ocrx_word' id='word_1_498' title='bbox 1121 3482 1289 3548; x_wconf 88' lang='lat' dir='ltr'><strong>illam,</strong></span> <span class='ocrx_word' id='word_1_499' title='bbox 1319 3497 1431 3550; x_wconf 85' lang='lat' dir='ltr'><strong>per,</strong></span> <span class='ocrx_word' id='word_1_500' title='bbox 1492 3483 1883 3538; x_wconf 83' lang='lat' dir='ltr'><strong>imminutiouis</strong></span> <span class='ocrx_word' id='word_1_501' title='bbox 1943 3500 2038 3539; x_wconf 92' lang='lat' dir='ltr'><strong>no-</strong></span> 
     </span>
    </p>
   </div>
   <div class='ocr_carea' id='block_1_68' title="bbox 465 3572 2038 3641">
    <p class='ocr_par' dir='ltr' id='par_1_68' title="bbox 465 3572 2038 3641">
     <span class='ocr_line' id='line_1_68' title="bbox 465 3572 2038 3641; baseline 0.008 -21"><span class='ocrx_word' id='word_1_502' title='bbox 465 3575 571 3620; x_wconf 84' lang='lat' dir='ltr'><strong>tant</strong></span> <span class='ocrx_word' id='word_1_503' title='bbox 620 3572 921 3635; x_wconf 77' lang='lat' dir='ltr'><strong>existimas,</strong></span> <span class='ocrx_word' id='word_1_504' title='bbox 953 3574 1075 3628; x_wconf 88' lang='lat' dir='ltr'><strong>audi</strong></span> <span class='ocrx_word' id='word_1_505' title='bbox 1113 3573 1335 3628; x_wconf 84' lang='lat' dir='ltr'><strong>Paulum</strong></span> <span class='ocrx_word' id='word_1_506' title='bbox 1400 3574 1719 3631; x_wconf 89' lang='lat' dir='ltr'><strong>dicentem:</strong></span> <span class='ocrx_word' id='word_1_507' title='bbox 1780 3574 1879 3641; x_wconf 88' lang='lat' dir='ltr'><strong>Tu,</strong></span> <span class='ocrx_word' id='word_1_508' title='bbox 1932 3576 2038 3632; x_wconf 90' lang='lat' dir='ltr'><strong>Da-</strong></span> 
     </span>
    </p>
   </div>
   <div class='ocr_carea' id='block_1_69' title="bbox 462 3657 2035 3737">
    <p class='ocr_par' dir='ltr' id='par_1_69' title="bbox 462 3657 2035 3737">
     <span class='ocr_line' id='line_1_69' title="bbox 462 3657 2035 3737; baseline 0.011 -29"><span class='ocrx_word' id='word_1_509' title='bbox 462 3657 619 3720; x_wconf 63' lang='lat' dir='ltr'><strong>mitte.</strong></span> <span class='ocrx_word' id='word_1_510' title='bbox 644 3661 699 3714; x_wconf 84' lang='lat' dir='ltr'><strong>in</strong></span> <span class='ocrx_word' id='word_1_511' title='bbox 742 3664 1002 3731; x_wconf 82' lang='lat' dir='ltr'><strong>principio</strong></span> <span class='ocrx_word' id='word_1_512' title='bbox 1069 3676 1265 3718; x_wconf 83' lang='lat' dir='ltr'><strong>terram</strong></span> <span class='ocrx_word' id='word_1_513' title='bbox 1313 3666 1582 3735; x_wconf 80' lang='lat' dir='ltr'><strong>fundasti,</strong></span> <span class='ocrx_word' id='word_1_514' title='bbox 1610 3676 1660 3721; x_wconf 79' lang='lat' dir='ltr'><strong>et</strong></span> <span class='ocrx_word' id='word_1_515' title='bbox 1709 3687 1865 3737; x_wconf 75' lang='lat' dir='ltr'><strong>opera</strong></span> <span class='ocrx_word' id='word_1_516' title='bbox 1917 3687 2035 3725; x_wconf 87' lang='lat' dir='ltr'><strong>ma-</strong></span> 
     </span>
    </p>
   </div>
   <div class='ocr_carea' id='block_1_70' title="bbox 460 3755 2038 3829">
    <p class='ocr_par' dir='ltr' id='par_1_70' title="bbox 460 3755 2038 3829">
     <span class='ocr_line' id='line_1_70' title="bbox 460 3755 2038 3829; baseline 0.01 -28"><span class='ocrx_word' id='word_1_517' title='bbox 460 3764 622 3803; x_wconf 79' lang='lat' dir='ltr'><strong>nuum</strong></span> <span class='ocrx_word' id='word_1_518' title='bbox 657 3763 870 3807; x_wconf 82' lang='lat' dir='ltr'><strong>tuarum</strong></span> <span class='ocrx_word' id='word_1_519' title='bbox 909 3764 1032 3810; x_wconf 83' lang='lat' dir='ltr'><strong>sunt</strong></span> <span class='ocrx_word' id='word_1_520' title='bbox 1069 3759 1187 3811; x_wconf 73' lang='grc' dir='ltr'>σιείί</span> <span class='ocrx_word' id='word_1_521' title='bbox 1213 3757 1252 3810; x_wconf 65' lang='grc'><strong>⁸.</strong></span> <span class='ocrx_word' id='word_1_522' title='bbox 1280 3755 1437 3824; x_wconf 85' lang='lat' dir='ltr'><strong>Quod</strong></span> <span class='ocrx_word' id='word_1_523' title='bbox 1469 3757 1636 3829; x_wconf 79' lang='lat' dir='ltr'><strong>igitur</strong></span> <span class='ocrx_word' id='word_1_524' title='bbox 1664 3759 1731 3814; x_wconf 83' lang='lat' dir='ltr'><strong>de</strong></span> <span class='ocrx_word' id='word_1_525' title='bbox 1779 3759 1937 3816; x_wconf 81' lang='lat' dir='ltr'><strong>Patre</strong></span> <span class='ocrx_word' id='word_1_526' title='bbox 1978 3768 2038 3816; x_wconf 93' lang='lat' dir='ltr'><strong>ut</strong></span> 
     </span>
    </p>
   </div>
   <div class='ocr_carea' id='block_1_71' title="bbox 464 3852 2079 3921">
    <p class='ocr_par' dir='ltr' id='par_1_71' title="bbox 464 3852 2079 3921">
     <span class='ocr_line' id='line_1_71' title="bbox 464 3852 2079 3921; baseline 0.011 -23"><span class='ocrx_word' id='word_1_527' title='bbox 464 3860 811 3914; x_wconf 87' lang='lat' dir='ltr'><strong>procreatore</strong></span> <span class='ocrx_word' id='word_1_528' title='bbox 839 3852 1043 3908; x_wconf 87' lang='lat' dir='ltr'><strong>dictum</strong></span> <span class='ocrx_word' id='word_1_529' title='bbox 1074 3864 1177 3921; x_wconf 84' lang='lat' dir='ltr'><strong>est,</strong></span> <span class='ocrx_word' id='word_1_530' title='bbox 1238 3855 1291 3910; x_wconf 87' lang='lat' dir='ltr'><strong>id</strong></span> <span class='ocrx_word' id='word_1_531' title='bbox 1324 3857 1397 3911; x_wconf 87' lang='lat' dir='ltr'><strong>de</strong></span> <span class='ocrx_word' id='word_1_532' title='bbox 1443 3855 1582 3912; x_wconf 84' lang='lat' dir='ltr'><strong>Filio</strong></span> <span class='ocrx_word' id='word_1_533' title='bbox 1608 3859 1740 3913; x_wconf 89' lang='lat' dir='ltr'><strong>dicit</strong></span> <span class='ocrx_word' id='word_1_534' title='bbox 1798 3860 1926 3914; x_wconf 89' lang='lat' dir='ltr'><strong>item</strong></span> <span class='ocrx_word' id='word_1_535' title='bbox 1981 3869 2039 3916; x_wconf 91' lang='lat' dir='ltr'><strong>ut</strong></span> <span class='ocrx_word' id='word_1_536' title='bbox 2072 3876 2079 3881; x_wconf 87' lang='lat'>&#39;</span> 
     </span>
    </p>
   </div>
   <div class='ocr_carea' id='block_1_72' title="bbox 462 3948 2033 4017">
    <p class='ocr_par' dir='ltr' id='par_1_72' title="bbox 462 3948 2033 4017">
     <span class='ocr_line' id='line_1_72' title="bbox 462 3948 2033 4017; baseline 0.013 -28"><span class='ocrx_word' id='word_1_537' title='bbox 462 3951 833 4007; x_wconf 88' lang='lat' dir='ltr'><strong>procreatore,</strong></span> <span class='ocrx_word' id='word_1_538' title='bbox 869 3960 975 3999; x_wconf 79' lang='lat' dir='ltr'><strong>non</strong></span> <span class='ocrx_word' id='word_1_539' title='bbox 1037 3957 1217 3999; x_wconf 81' lang='lat' dir='ltr'><strong>autent</strong></span> <span class='ocrx_word' id='word_1_540' title='bbox 1276 3948 1510 4017; x_wconf 87' lang='lat' dir='ltr'><strong>cuipiam</strong></span> <span class='ocrx_word' id='word_1_541' title='bbox 1565 3950 2033 4009; x_wconf 84' lang='lat' dir='ltr'><strong>subministrante.</strong></span> 
     </span>
    </p>
   </div>
   <div class='ocr_carea' id='block_1_73' title="bbox 462 4024 2035 4108">
    <p class='ocr_par' dir='ltr' id='par_1_73' title="bbox 462 4024 2035 4108">
     <span class='ocr_line' id='line_1_73' title="bbox 462 4024 2035 4108; baseline 0.011 -26"><span class='ocrx_word' id='word_1_542' title='bbox 462 4026 634 4084; x_wconf 88' lang='lat' dir='ltr'><strong>Porro</strong></span> <span class='ocrx_word' id='word_1_543' title='bbox 660 4032 864 4086; x_wconf 90' lang='lat' dir='ltr'><strong>dictum</strong></span> <span class='ocrx_word' id='word_1_544' title='bbox 901 4044 982 4088; x_wconf 89' lang='lat' dir='ltr'><strong>est</strong></span> <span class='ocrx_word' id='word_1_545' title='bbox 1012 4035 1099 4090; x_wconf 87' lang='lat' dir='ltr'><strong>hic</strong></span> <span class='ocrx_word' id='word_1_546' title='bbox 1144 4024 1303 4102; x_wconf 76' lang='lat' dir='ltr'><strong>illud,</strong></span> <span class='ocrx_word' id='word_1_547' title='bbox 1356 4056 1447 4107; x_wconf 83' lang='lat' dir='ltr'><strong>per</strong></span> <span class='ocrx_word' id='word_1_548' title='bbox 1475 4042 1669 4108; x_wconf 81' lang='lat' dir='ltr'><strong>ipsum,</strong></span> <span class='ocrx_word' id='word_1_549' title='bbox 1727 4043 1869 4097; x_wconf 89' lang='lat' dir='ltr'><strong>nulla</strong></span> <span class='ocrx_word' id='word_1_550' title='bbox 1930 4045 2035 4100; x_wconf 88' lang='lat' dir='ltr'><strong>alia</strong></span> 
     </span>
    </p>
   </div>
   <div class='ocr_carea' id='block_1_74' title="bbox 465 4118 2039 4206">
    <p class='ocr_par' dir='ltr' id='par_1_74' title="bbox 465 4118 2039 4206">
     <span class='ocr_line' id='line_1_74' title="bbox 465 4118 2039 4206; baseline 0.013 -36"><span class='ocrx_word' id='word_1_551' title='bbox 465 4118 529 4172; x_wconf 90' lang='lat' dir='ltr'><strong>de</strong></span> <span class='ocrx_word' id='word_1_552' title='bbox 555 4132 717 4173; x_wconf 86' lang='lat' dir='ltr'><strong>causa</strong></span> <span class='ocrx_word' id='word_1_553' title='bbox 749 4124 849 4176; x_wconf 86' lang='lat' dir='ltr'><strong>nisi</strong></span> <span class='ocrx_word' id='word_1_554' title='bbox 876 4132 933 4176; x_wconf 92' lang='lat' dir='ltr'><strong>ut</strong></span> <span class='ocrx_word' id='word_1_555' title='bbox 964 4141 1029 4178; x_wconf 84' lang='lat' dir='ltr'><strong>ne</strong></span> <span class='ocrx_word' id='word_1_556' title='bbox 1057 4123 1252 4182; x_wconf 82' lang='lat' dir='ltr'><strong>Filium</strong></span> <span class='ocrx_word' id='word_1_557' title='bbox 1286 4131 1620 4200; x_wconf 84' lang='lat' dir='ltr'><strong>unigenitum</strong></span> <span class='ocrx_word' id='word_1_558' title='bbox 1686 4146 1808 4189; x_wconf 83' lang='lat' dir='ltr'><strong>esse</strong></span> <span class='ocrx_word' id='word_1_559' title='bbox 1862 4137 2039 4206; x_wconf 78' lang='lat' dir='ltr'><strong>suspi-</strong></span> 
     </span>
    </p>
   </div>
   <div class='ocr_carea' id='block_1_75' title="bbox 464 4209 2034 4290">
    <p class='ocr_par' dir='ltr' id='par_1_75' title="bbox 464 4209 2034 4290">
     <span class='ocr_line' id='line_1_75' title="bbox 464 4209 2034 4290; baseline 0.013 -29"><span class='ocrx_word' id='word_1_560' title='bbox 464 4209 626 4263; x_wconf 78' lang='lat' dir='ltr'><strong>ceris.</strong></span> <span class='ocrx_word' id='word_1_561' title='bbox 675 4209 808 4266; x_wconf 82' lang='lat' dir='ltr'><strong>Nam</strong></span> <span class='ocrx_word' id='word_1_562' title='bbox 867 4217 1012 4283; x_wconf 86' lang='lat' dir='ltr'><strong>quod</strong></span> <span class='ocrx_word' id='word_1_563' title='bbox 1076 4215 1381 4275; x_wconf 84' lang='lat' dir='ltr'><strong>Filiusnou</strong></span> <span class='ocrx_word' id='word_1_564' title='bbox 1439 4223 1510 4276; x_wconf 84' lang='lat' dir='ltr'><strong>sit</strong></span> <span class='ocrx_word' id='word_1_565' title='bbox 1569 4223 1793 4279; x_wconf 82' lang='lat' dir='ltr'><strong>inferior</strong></span> <span class='ocrx_word' id='word_1_566' title='bbox 1851 4224 2034 4290; x_wconf 80' lang='lat' dir='ltr'><strong>Patre,</strong></span> 
     </span>
    </p>
   </div>
   <div class='ocr_carea' id='block_1_76' title="bbox 467 4302 2034 4386">
    <p class='ocr_par' dir='ltr' id='par_1_76' title="bbox 467 4302 2034 4386">
     <span class='ocr_line' id='line_1_76' title="bbox 467 4302 2034 4386; baseline 0.013 -31"><span class='ocrx_word' id='word_1_567' title='bbox 467 4312 728 4371; x_wconf 77' lang='lat' dir='ltr'><strong>quantum</strong></span> <span class='ocrx_word' id='word_1_568' title='bbox 765 4308 1000 4374; x_wconf 74' lang='lat' dir='ltr'><strong>pertinet</strong></span> <span class='ocrx_word' id='word_1_569' title='bbox 1028 4311 1091 4362; x_wconf 84' lang='lat' dir='ltr'><strong>ad</strong></span> <span class='ocrx_word' id='word_1_570' title='bbox 1154 4302 1338 4366; x_wconf 84' lang='lat' dir='ltr'><strong>mundi</strong></span> <span class='ocrx_word' id='word_1_571' title='bbox 1402 4319 1855 4386; x_wconf 81' lang='lat' dir='ltr'><strong>procreationem,</strong></span> <span class='ocrx_word' id='word_1_572' title='bbox 1910 4322 2034 4377; x_wconf 86' lang='lat' dir='ltr'><strong>audi</strong></span> 
     </span>
    </p>
   </div>
   <div class='ocr_carea' id='block_1_77' title="bbox 469 4390 2034 4468">
    <p class='ocr_par' dir='ltr' id='par_1_77' title="bbox 469 4390 2034 4468">
     <span class='ocr_line' id='line_1_77' title="bbox 469 4390 2034 4468; baseline 0.012 -19"><span class='ocrx_word' id='word_1_573' title='bbox 469 4395 649 4466; x_wconf 90' lang='lat' dir='ltr'><strong>ipsum</strong></span> <span class='ocrx_word' id='word_1_574' title='bbox 707 4399 1015 4455; x_wconf 89' lang='lat' dir='ltr'><strong>dicentem:</strong></span> <span class='ocrx_word' id='word_1_575' title='bbox 1081 4402 1537 4468; x_wconf 82' lang='lat' dir='ltr'><strong>Quemadmodum</strong></span> <span class='ocrx_word' id='word_1_576' title='bbox 1594 4390 1761 4465; x_wconf 76' lang='lat' dir='ltr'><strong>Pater</strong></span> <span class='ocrx_word' id='word_1_577' title='bbox 1814 4415 2034 4468; x_wconf 83' lang='lat' dir='ltr'><strong>suscitat</strong></span> 
     </span>
    </p>
   </div>
   <div class='ocr_carea' id='block_1_78' title="bbox 2140 3209 3167 3280">
    <p class='ocr_par' dir='ltr' id='par_1_78' title="bbox 2140 3209 3167 3280">
     <span class='ocr_line' id='line_1_78' title="bbox 2140 3209 3167 3280; baseline 0.001 -15"><span class='ocrx_word' id='word_1_578' title='bbox 2140 3211 2256 3280; x_wconf 77' lang='grc' dir='ltr'>τὴν</span> <span class='ocrx_word' id='word_1_579' title='bbox 2286 3210 2490 3265; x_wconf 77' lang='grc' dir='ltr'>κτίσιν</span> <span class='ocrx_word' id='word_1_580' title='bbox 2519 3209 2678 3279; x_wconf 79' lang='grc' dir='ltr'>παρὰ</span> <span class='ocrx_word' id='word_1_581' title='bbox 2707 3209 2816 3264; x_wconf 84' lang='grc' dir='ltr'>τὸν</span> <span class='ocrx_word' id='word_1_582' title='bbox 2849 3210 3167 3266; x_wconf 79' lang='grc' dir='ltr'>κτίσαντα.</span> 
     </span>
    </p>
   </div>
   <div class='ocr_carea' id='block_1_79' title="bbox 2144 3324 3716 3395">
    <p class='ocr_par' dir='ltr' id='par_1_79' title="bbox 2144 3324 3716 3395">
     <span class='ocr_line' id='line_1_79' title="bbox 2144 3324 3716 3395; baseline -0.001 -13"><span class='ocrx_word' id='word_1_583' title='bbox 2144 3326 2256 3383; x_wconf 85' lang='grc' dir='ltr'><strong>Τοῦ</strong></span> <span class='ocrx_word' id='word_1_584' title='bbox 2283 3325 2471 3381; x_wconf 78' lang='grc' dir='ltr'>αὑτοῦ</span> <span class='ocrx_word' id='word_1_585' title='bbox 2509 3327 2580 3381; x_wconf 83' lang='grc' dir='ltr'><strong>ἐκ</strong></span> <span class='ocrx_word' id='word_1_586' title='bbox 2602 3325 2714 3394; x_wconf 78' lang='grc' dir='ltr'>τῆς</span> <span class='ocrx_word' id='word_1_587' title='bbox 2741 3326 3057 3395; x_wconf 78' lang='grc' dir='ltr'>ἑρμηνείας</span> <span class='ocrx_word' id='word_1_588' title='bbox 3079 3326 3188 3394; x_wconf 82' lang='grc' dir='ltr'>τῆς</span> <span class='ocrx_word' id='word_1_589' title='bbox 3211 3329 3295 3392; x_wconf 81' lang='grc' dir='ltr'>εις</span> <span class='ocrx_word' id='word_1_590' title='bbox 3327 3327 3395 3379; x_wconf 88' lang='grc' dir='ltr'><strong>τό</strong></span> <span class='ocrx_word' id='word_1_591' title='bbox 3421 3342 3432 3357; x_wconf 84' lang='grc'><strong>-</strong></span> <span class='ocrx_word' id='word_1_592' title='bbox 3464 3343 3484 3379; x_wconf 75' lang='grc' dir='ltr'><strong>ι</strong></span> <span class='ocrx_word' id='word_1_593' title='bbox 3510 3324 3716 3381; x_wconf 79' lang='grc' dir='ltr'>Πάντα</span> 
     </span>
    </p>
   </div>
   <div class='ocr_carea' id='block_1_80' title="bbox 2586 3395 3258 3466">
    <p class='ocr_par' dir='ltr' id='par_1_80' title="bbox 2586 3395 3258 3466">
     <span class='ocr_line' id='line_1_80' title="bbox 2586 3395 3258 3466; baseline -0.001 -17"><span class='ocrx_word' id='word_1_594' title='bbox 2586 3396 2662 3450; x_wconf 81' lang='grc' dir='ltr'>δι’</span> <span class='ocrx_word' id='word_1_595' title='bbox 2704 3395 2889 3450; x_wconf 85' lang='grc' dir='ltr'>αὐτοῦ</span> <span class='ocrx_word' id='word_1_596' title='bbox 2931 3395 3185 3466; x_wconf 78' lang='grc' dir='ltr'>ἐγένετο.</span> <span class='ocrx_word' id='word_1_597' title='bbox 3239 3416 3258 3448; x_wconf 80' lang='lat' dir='ltr'><strong>s</strong></span> 
     </span>
    </p>
   </div>
   <div class='ocr_carea' id='block_1_81' title="bbox 2212 3482 3711 3559">
    <p class='ocr_par' dir='ltr' id='par_1_81' title="bbox 2212 3482 3711 3559">
     <span class='ocr_line' id='line_1_81' title="bbox 2212 3482 3711 3559; baseline -0.002 -16"><span class='ocrx_word' id='word_1_598' title='bbox 2212 3490 2275 3543; x_wconf 83' lang='grc' dir='ltr'><strong>Εί</strong></span> <span class='ocrx_word' id='word_1_599' title='bbox 2331 3489 2391 3543; x_wconf 83' lang='grc' dir='ltr'>τὸ</span> <span class='ocrx_word' id='word_1_600' title='bbox 2422 3487 2522 3542; x_wconf 75' lang='grc' dir='ltr'>διὰ</span> <span class='ocrx_word' id='word_1_601' title='bbox 2574 3487 2817 3559; x_wconf 78' lang='grc' dir='ltr'>νομίζεις</span> <span class='ocrx_word' id='word_1_602' title='bbox 2875 3486 3225 3551; x_wconf 75' lang='grc' dir='ltr'>ἐλαττώσεως</span> <span class='ocrx_word' id='word_1_603' title='bbox 3272 3482 3437 3551; x_wconf 69' lang='grc' dir='ltr'>εἶναι,</span> <span class='ocrx_word' id='word_1_604' title='bbox 3474 3484 3711 3542; x_wconf 74' lang='grc' dir='ltr'>ἄκουσον</span> 
     </span>
    </p>
   </div>
   <div class='ocr_carea' id='block_1_82' title="bbox 2139 3578 3714 3650">
    <p class='ocr_par' dir='ltr' id='par_1_82' title="bbox 2139 3578 3714 3650">
     <span class='ocr_line' id='line_1_82' title="bbox 2139 3578 3714 3650; baseline -0.003 -14"><span class='ocrx_word' id='word_1_605' title='bbox 2139 3579 2355 3636; x_wconf 79' lang='grc' dir='ltr'>Παύλου</span> <span class='ocrx_word' id='word_1_606' title='bbox 2388 3580 2666 3647; x_wconf 73' lang='grc' dir='ltr'><strong>λέγοντος⁸</strong></span> <span class='ocrx_word' id='word_1_607' title='bbox 2696 3578 2779 3634; x_wconf 88' lang='grc' dir='ltr'><strong>Σὺ</strong></span> <span class='ocrx_word' id='word_1_608' title='bbox 2804 3581 2932 3633; x_wconf 83' lang='grc' dir='ltr'>κατ’</span> <span class='ocrx_word' id='word_1_609' title='bbox 2971 3579 3182 3649; x_wconf 76' lang='grc' dir='ltr'>ἀρχὰς,</span> <span class='ocrx_word' id='word_1_610' title='bbox 3220 3579 3420 3650; x_wconf 81' lang='grc' dir='ltr'>Κύριε,</span> <span class='ocrx_word' id='word_1_611' title='bbox 3462 3578 3576 3647; x_wconf 83' lang='grc' dir='ltr'>τὴν</span> <span class='ocrx_word' id='word_1_612' title='bbox 3597 3578 3714 3649; x_wconf 74' lang='grc' dir='ltr'>γῆν</span> 
     </span>
    </p>
   </div>
   <div class='ocr_carea' id='block_1_83' title="bbox 2138 3666 3715 3739">
    <p class='ocr_par' dir='ltr' id='par_1_83' title="bbox 2138 3666 3715 3739">
     <span class='ocr_line' id='line_1_83' title="bbox 2138 3666 3715 3739; baseline -0.003 -15"><span class='ocrx_word' id='word_1_613' title='bbox 2138 3671 2563 3739; x_wconf 77' lang='grc' dir='ltr'>ἐθεμελίωσας,</span> <span class='ocrx_word' id='word_1_614' title='bbox 2596 3668 2693 3722; x_wconf 76' lang='grc' dir='ltr'><strong>καὶ</strong></span> <span class='ocrx_word' id='word_1_615' title='bbox 2726 3669 2870 3738; x_wconf 74' lang='grc' dir='ltr'>ἔργα</span> <span class='ocrx_word' id='word_1_616' title='bbox 2900 3666 3019 3722; x_wconf 84' lang='grc' dir='ltr'>τῶν</span> <span class='ocrx_word' id='word_1_617' title='bbox 3047 3666 3268 3737; x_wconf 77' lang='grc' dir='ltr'>χειρῶν</span> <span class='ocrx_word' id='word_1_618' title='bbox 3303 3667 3419 3721; x_wconf 71' lang='grc' dir='ltr'><strong>σού</strong></span> <span class='ocrx_word' id='word_1_619' title='bbox 3468 3668 3625 3720; x_wconf 68' lang='grc' dir='ltr'>εἰσιν</span> <span class='ocrx_word' id='word_1_620' title='bbox 3658 3668 3715 3720; x_wconf 86' lang='grc' dir='ltr'><strong>οί</strong></span> 
     </span>
    </p>
   </div>
   <div class='ocr_carea' id='block_1_84' title="bbox 2139 3759 3716 3832">
    <p class='ocr_par' dir='ltr' id='par_1_84' title="bbox 2139 3759 3716 3832">
     <span class='ocr_line' id='line_1_84' title="bbox 2139 3759 3716 3832; baseline -0.003 -16"><span class='ocrx_word' id='word_1_621' title='bbox 2139 3761 2404 3830; x_wconf 76' lang='grc' dir='ltr'>οὐρανοί³</span> <span class='ocrx_word' id='word_1_622' title='bbox 2433 3760 2461 3813; x_wconf 85' lang='grc' dir='ltr'><em>ὃ</em></span> <span class='ocrx_word' id='word_1_623' title='bbox 2487 3761 2615 3832; x_wconf 70' lang='grc' dir='ltr'>περὶ</span> <span class='ocrx_word' id='word_1_624' title='bbox 2640 3759 2733 3813; x_wconf 88' lang='grc' dir='ltr'><strong>τοῦ</strong></span> <span class='ocrx_word' id='word_1_625' title='bbox 2762 3760 2975 3831; x_wconf 82' lang='grc' dir='ltr'>Πατρός</span> <span class='ocrx_word' id='word_1_626' title='bbox 3003 3762 3077 3823; x_wconf 81' lang='grc' dir='ltr'>ὡς</span> <span class='ocrx_word' id='word_1_627' title='bbox 3102 3759 3440 3831; x_wconf 79' lang='grc' dir='ltr'>δημιουργοῦ</span> <span class='ocrx_word' id='word_1_628' title='bbox 3472 3759 3716 3829; x_wconf 72' lang='grc' dir='ltr'>εἴρηται,</span> 
     </span>
    </p>
   </div>
   <div class='ocr_carea' id='block_1_85' title="bbox 2138 3850 3719 3923">
    <p class='ocr_par' dir='ltr' id='par_1_85' title="bbox 2138 3850 3719 3923">
     <span class='ocr_line' id='line_1_85' title="bbox 2138 3850 3719 3923; baseline -0.004 -15"><span class='ocrx_word' id='word_1_629' title='bbox 2138 3854 2296 3908; x_wconf 84' lang='grc' dir='ltr'>τοῦτο</span> <span class='ocrx_word' id='word_1_630' title='bbox 2325 3854 2455 3923; x_wconf 68' lang='grc' dir='ltr'>περὶ</span> <span class='ocrx_word' id='word_1_631' title='bbox 2486 3852 2580 3906; x_wconf 83' lang='grc' dir='ltr'><strong>τοῦ</strong></span> <span class='ocrx_word' id='word_1_632' title='bbox 2613 3851 2744 3906; x_wconf 89' lang='grc' dir='ltr'><strong>Υίοῦ</strong></span> <span class='ocrx_word' id='word_1_633' title='bbox 2782 3852 2954 3921; x_wconf 83' lang='grc' dir='ltr'>λέγει,</span> <span class='ocrx_word' id='word_1_634' title='bbox 2985 3853 3085 3906; x_wconf 76' lang='grc' dir='ltr'><strong>οὐκ</strong></span> <span class='ocrx_word' id='word_1_635' title='bbox 3117 3850 3184 3906; x_wconf 80' lang='grc' dir='ltr'>ἂν</span> <span class='ocrx_word' id='word_1_636' title='bbox 3205 3852 3398 3914; x_wconf 80' lang='grc' dir='ltr'>εἰπὼν,</span> <span class='ocrx_word' id='word_1_637' title='bbox 3452 3851 3501 3902; x_wconf 85' lang='grc' dir='ltr'><strong>εί</strong></span> <span class='ocrx_word' id='word_1_638' title='bbox 3535 3850 3611 3921; x_wconf 83' lang='grc' dir='ltr'>μὴ</span> <span class='ocrx_word' id='word_1_639' title='bbox 3641 3850 3719 3913; x_wconf 84' lang='grc' dir='ltr'>ὡς</span> 
     </span>
    </p>
   </div>
   <div class='ocr_carea' id='block_1_86' title="bbox 2140 3939 3719 4016">
    <p class='ocr_par' dir='ltr' id='par_1_86' title="bbox 2140 3939 3719 4016">
     <span class='ocr_line' id='line_1_86' title="bbox 2140 3939 3719 4016; baseline -0.005 -17"><span class='ocrx_word' id='word_1_640' title='bbox 2140 3948 2268 4015; x_wconf 71' lang='grc' dir='ltr'>περ).</span> <span class='ocrx_word' id='word_1_641' title='bbox 2298 3944 2654 4016; x_wconf 73' lang='grc' dir='ltr'>δημιουργοῦ,</span> <span class='ocrx_word' id='word_1_642' title='bbox 2690 3943 2807 3998; x_wconf 81' lang='grc' dir='ltr'>ἀλλ’</span> <span class='ocrx_word' id='word_1_643' title='bbox 2835 3944 2934 4015; x_wconf 82' lang='grc' dir='ltr'><strong>οὐχ</strong></span> <span class='ocrx_word' id='word_1_644' title='bbox 2966 3941 3370 4010; x_wconf 79' lang='grc' dir='ltr'>ὑπουργοῦντός</span> <span class='ocrx_word' id='word_1_645' title='bbox 3409 3957 3539 3993; x_wconf 88' lang='grc' dir='ltr'>τινι.</span> <span class='ocrx_word' id='word_1_646' title='bbox 3570 3939 3633 3992; x_wconf 76' lang='lat' dir='ltr'><strong>Et</strong></span> <span class='ocrx_word' id='word_1_647' title='bbox 3657 3939 3719 3992; x_wconf 77' lang='grc' dir='ltr'>δὲ</span> 
     </span>
    </p>
   </div>
   <div class='ocr_carea' id='block_1_87' title="bbox 2142 4017 3719 4105">
    <p class='ocr_par' dir='ltr' id='par_1_87' title="bbox 2142 4017 3719 4105">
     <span class='ocr_line' id='line_1_87' title="bbox 2142 4017 3719 4105; baseline -0.006 -15"><span class='ocrx_word' id='word_1_648' title='bbox 2142 4036 2375 4090; x_wconf 74' lang='grc' dir='ltr'>ἐνταῦθα</span> <span class='ocrx_word' id='word_1_649' title='bbox 2411 4017 2471 4088; x_wconf 79' lang='grc' dir='ltr'>τὸ</span> <span class='ocrx_word' id='word_1_650' title='bbox 2498 4035 2566 4088; x_wconf 84' lang='grc' dir='ltr'><strong>δι’</strong></span> <span class='ocrx_word' id='word_1_651' title='bbox 2593 4036 2757 4089; x_wconf 81' lang='grc' dir='ltr'>αὐτοῦ</span> <span class='ocrx_word' id='word_1_652' title='bbox 2781 4033 3017 4105; x_wconf 76' lang='grc' dir='ltr'>εἴρηται,</span> <span class='ocrx_word' id='word_1_653' title='bbox 3045 4031 3115 4086; x_wconf 88' lang='grc' dir='ltr'><strong>δι’</strong></span> <span class='ocrx_word' id='word_1_654' title='bbox 3141 4031 3296 4084; x_wconf 78' lang='grc' dir='ltr'>οὐδὲν</span> <span class='ocrx_word' id='word_1_655' title='bbox 3324 4030 3511 4101; x_wconf 72' lang='grc' dir='ltr'>ἕτερον</span> <span class='ocrx_word' id='word_1_656' title='bbox 3532 4029 3719 4082; x_wconf 80' lang='grc' dir='ltr'>τέθει-</span> 
     </span>
    </p>
   </div>
   <div class='ocr_carea' id='block_1_88' title="bbox 2140 4119 3717 4196">
    <p class='ocr_par' dir='ltr' id='par_1_88' title="bbox 2140 4119 3717 4196">
     <span class='ocr_line' id='line_1_88' title="bbox 2140 4119 3717 4196; baseline -0.006 -14"><span class='ocrx_word' id='word_1_657' title='bbox 2140 4145 2249 4192; x_wconf 87' lang='grc' dir='ltr'>ται,</span> <span class='ocrx_word' id='word_1_658' title='bbox 2281 4127 2399 4180; x_wconf 83' lang='grc' dir='ltr'>ἀλλ⁹</span> <span class='ocrx_word' id='word_1_659' title='bbox 2427 4128 2513 4181; x_wconf 85' lang='grc' dir='ltr'>ῖνα</span> <span class='ocrx_word' id='word_1_660' title='bbox 2542 4126 2615 4195; x_wconf 77' lang='grc' dir='ltr'>μὴ</span> <span class='ocrx_word' id='word_1_661' title='bbox 2650 4124 2944 4196; x_wconf 83' lang='grc' dir='ltr'>ἀγέννητον</span> <span class='ocrx_word' id='word_1_662' title='bbox 2976 4120 3297 4193; x_wconf 79' lang='grc' dir='ltr'>ὑποπτεύσῃ</span> <span class='ocrx_word' id='word_1_663' title='bbox 3326 4137 3409 4183; x_wconf 81' lang='grc' dir='ltr'><strong>τις</strong></span> <span class='ocrx_word' id='word_1_664' title='bbox 3435 4119 3525 4173; x_wconf 75' lang='grc' dir='ltr'><strong>τὸν</strong></span> <span class='ocrx_word' id='word_1_665' title='bbox 3562 4120 3717 4172; x_wconf 78' lang='grc' dir='ltr'>Υίόν.</span> 
     </span>
    </p>
   </div>
   <div class='ocr_carea' id='block_1_89' title="bbox 2152 4212 3716 4288">
    <p class='ocr_par' dir='ltr' id='par_1_89' title="bbox 2152 4212 3716 4288">
     <span class='ocr_line' id='line_1_89' title="bbox 2152 4212 3716 4288; baseline -0.006 -13"><span class='ocrx_word' id='word_1_666' title='bbox 2152 4222 2325 4287; x_wconf 77' lang='grc' dir='ltr'>Ἐπεὶ,</span> <span class='ocrx_word' id='word_1_667' title='bbox 2366 4221 2495 4275; x_wconf 78' lang='grc' dir='ltr'>ὅταν</span> <span class='ocrx_word' id='word_1_668' title='bbox 2526 4218 2669 4272; x_wconf 81' lang='grc' dir='ltr'>κατὰ</span> <span class='ocrx_word' id='word_1_669' title='bbox 2692 4219 2753 4271; x_wconf 74' lang='grc' dir='ltr'>τὸ</span> <span class='ocrx_word' id='word_1_670' title='bbox 2779 4220 2879 4288; x_wconf 85' lang='grc' dir='ltr'>τῆς</span> <span class='ocrx_word' id='word_1_671' title='bbox 2907 4215 3271 4287; x_wconf 85' lang='grc' dir='ltr'>δημιουργίας</span> <span class='ocrx_word' id='word_1_672' title='bbox 3303 4215 3523 4282; x_wconf 79' lang='grc' dir='ltr'>ἀξίωμα</span> <span class='ocrx_word' id='word_1_673' title='bbox 3559 4212 3716 4265; x_wconf 77' lang='grc' dir='ltr'>οὐδὲν</span> 
     </span>
    </p>
   </div>
   <div class='ocr_carea' id='block_1_90' title="bbox 2138 4304 3709 4383">
    <p class='ocr_par' dir='ltr' id='par_1_90' title="bbox 2138 4304 3709 4383">
     <span class='ocr_line' id='line_1_90' title="bbox 2138 4304 3709 4383; baseline -0.008 -16"><span class='ocrx_word' id='word_1_674' title='bbox 2138 4314 2357 4367; x_wconf 73' lang='grc' dir='ltr'>ἔλαττον</span> <span class='ocrx_word' id='word_1_675' title='bbox 2386 4314 2485 4383; x_wconf 85' lang='grc' dir='ltr'><strong>ἔχῃ</strong></span> <span class='ocrx_word' id='word_1_676' title='bbox 2516 4309 2611 4363; x_wconf 85' lang='grc' dir='ltr'><strong>τοῦ</strong></span> <span class='ocrx_word' id='word_1_677' title='bbox 2662 4308 2896 4379; x_wconf 75' lang='grc' dir='ltr'>Πατρὺς,</span> <span class='ocrx_word' id='word_1_678' title='bbox 2941 4307 3174 4362; x_wconf 79' lang='grc' dir='ltr'>ἄκουσον</span> <span class='ocrx_word' id='word_1_679' title='bbox 3210 4305 3374 4359; x_wconf 85' lang='grc' dir='ltr'>αὐτοῦ</span> <span class='ocrx_word' id='word_1_680' title='bbox 3416 4304 3666 4371; x_wconf 80' lang='grc' dir='ltr'>λέγοντος</span> <span class='ocrx_word' id='word_1_681' title='bbox 3695 4318 3709 4333; x_wconf 73' lang='grc'><strong>⁸</strong></span> 
     </span>
    </p>
   </div>
   <div class='ocr_carea' id='block_1_91' title="bbox 2139 4391 3716 4473">
    <p class='ocr_par' dir='ltr' id='par_1_91' title="bbox 2139 4391 3716 4473">
     <span class='ocr_line' id='line_1_91' title="bbox 2139 4391 3716 4473; baseline -0.01 -14"><span class='ocrx_word' id='word_1_682' title='bbox 2139 4404 2368 4473; x_wconf 80' lang='grc' dir='ltr'>Ὠσπερ</span> <span class='ocrx_word' id='word_1_683' title='bbox 2399 4405 2431 4457; x_wconf 84' lang='lat' dir='ltr'><strong>d</strong></span> <span class='ocrx_word' id='word_1_684' title='bbox 2459 4400 2661 4470; x_wconf 78' lang='grc' dir='ltr'>Πατὴρ</span> <span class='ocrx_word' id='word_1_685' title='bbox 2686 4400 2900 4468; x_wconf 76' lang='grc' dir='ltr'>ἐγείρει</span> <span class='ocrx_word' id='word_1_686' title='bbox 2933 4397 3074 4464; x_wconf 76' lang='grc' dir='ltr'>τοὺς</span> <span class='ocrx_word' id='word_1_687' title='bbox 3124 4395 3398 4465; x_wconf 78' lang='grc' dir='ltr'>νεκροὺς,</span> <span class='ocrx_word' id='word_1_688' title='bbox 3430 4392 3529 4447; x_wconf 81' lang='grc' dir='ltr'><strong>καὶ</strong></span> <span class='ocrx_word' id='word_1_689' title='bbox 3574 4391 3716 4452; x_wconf 77' lang='grc' dir='ltr'>ζωο-</span> 
     </span>
    </p>
   </div>
   <div class='ocr_carea' id='block_1_92' title="bbox 466 4479 2035 4574">
    <p class='ocr_par' dir='ltr' id='par_1_92' title="bbox 466 4491 2035 4574">
     <span class='ocr_line' id='line_1_92' title="bbox 466 4491 2035 4574; baseline 0.011 -34"><span class='ocrx_word' id='word_1_690' title='bbox 466 4499 701 4542; x_wconf 84' lang='lat' dir='ltr'><strong>mortuos</strong></span> <span class='ocrx_word' id='word_1_691' title='bbox 752 4499 802 4544; x_wconf 82' lang='lat' dir='ltr'><strong>et</strong></span> <span class='ocrx_word' id='word_1_692' title='bbox 839 4491 1087 4558; x_wconf 71' lang='lat' dir='ltr'><strong>t&#39;it&#39;iﬁcat,</strong></span> <span class='ocrx_word' id='word_1_693' title='bbox 1125 4495 1201 4547; x_wconf 81' lang='lat' dir='ltr'><strong>sic</strong></span> <span class='ocrx_word' id='word_1_694' title='bbox 1248 4505 1297 4568; x_wconf 70' lang='lat' dir='ltr'><strong>el</strong></span> <span class='ocrx_word' id='word_1_695' title='bbox 1332 4494 1381 4549; x_wconf 87' lang='lat' dir='ltr'><em>F</em></span> <span class='ocrx_word' id='word_1_696' title='bbox 1385 4498 1505 4552; x_wconf 81' lang='lat' dir='ltr'><strong>ilius</strong></span> <span class='ocrx_word' id='word_1_697' title='bbox 1555 4518 1682 4571; x_wconf 85' lang='lat' dir='ltr'><strong>quos</strong></span> <span class='ocrx_word' id='word_1_698' title='bbox 1708 4506 1810 4557; x_wconf 75' lang='grc' dir='ltr'>ιιιιίι</span> <span class='ocrx_word' id='word_1_699' title='bbox 1870 4507 2035 4574; x_wconf 78' lang='lat' dir='ltr'><strong>vit-iﬁ-</strong></span> 
     </span>
    </p>
   </div>
   <div class='ocr_carea' id='block_1_93' title="bbox 2136 4479 3712 4574">
    <p class='ocr_par' dir='ltr' id='par_1_93' title="bbox 2141 4484 3712 4561">
     <span class='ocr_line' id='line_1_93' title="bbox 2141 4484 3712 4561; baseline -0.01 -10"><span class='ocrx_word' id='word_1_700' title='bbox 2141 4495 2317 4561; x_wconf 82' lang='grc' dir='ltr'>ποιεῖ,</span> <span class='ocrx_word' id='word_1_701' title='bbox 2373 4495 2526 4549; x_wconf 83' lang='grc' dir='ltr'>οὕτω</span> <span class='ocrx_word' id='word_1_702' title='bbox 2568 4492 2667 4546; x_wconf 78' lang='grc' dir='ltr'>καί</span> <span class='ocrx_word' id='word_1_703' title='bbox 2715 4490 2905 4558; x_wconf 78' lang='grc' dir='ltr'>όΥίὸς</span> <span class='ocrx_word' id='word_1_704' title='bbox 2936 4490 3046 4557; x_wconf 76' lang='grc' dir='ltr'>οὓς</span> <span class='ocrx_word' id='word_1_705' title='bbox 3099 4487 3259 4543; x_wconf 72' lang='grc' dir='ltr'>θέλει</span> <span class='ocrx_word' id='word_1_706' title='bbox 3310 4484 3593 4548; x_wconf 82' lang='grc' dir='ltr'>ζωοποιεῖ.</span> <span class='ocrx_word' id='word_1_707' title='bbox 3650 4484 3712 4535; x_wconf 82' lang='lat' dir='ltr'><strong>Et</strong></span> 
     </span>
    </p>
   </div>
   <div class='ocr_carea' id='block_1_94' title="bbox 464 4579 2038 4655">
    <p class='ocr_par' dir='ltr' id='par_1_94' title="bbox 464 4579 2038 4655">
     <span class='ocr_line' id='line_1_94' title="bbox 464 4579 2038 4655; baseline 0.013 -21"><span class='ocrx_word' id='word_1_708' title='bbox 464 4592 547 4634; x_wconf 87' lang='lat' dir='ltr'><strong>cat</strong></span> <span class='ocrx_word' id='word_1_709' title='bbox 582 4581 604 4613; x_wconf 84' lang='lat'><strong>&#39;</strong></span> <span class='ocrx_word' id='word_1_710' title='bbox 640 4619 656 4634; x_wconf 94' lang='lat'><strong>.</strong></span> <span class='ocrx_word' id='word_1_711' title='bbox 694 4579 749 4637; x_wconf 89' lang='lat' dir='ltr'><strong>Si</strong></span> <span class='ocrx_word' id='word_1_712' title='bbox 778 4583 943 4651; x_wconf 79' lang='lat' dir='ltr'><strong>igitur</strong></span> <span class='ocrx_word' id='word_1_713' title='bbox 973 4588 1037 4638; x_wconf 87' lang='lat' dir='ltr'><strong>de</strong></span> <span class='ocrx_word' id='word_1_714' title='bbox 1064 4585 1203 4641; x_wconf 67' lang='lat' dir='ltr'><strong>Filio</strong></span> <span class='ocrx_word' id='word_1_715' title='bbox 1229 4603 1283 4642; x_wconf 89' lang='lat' dir='ltr'><strong>et</strong></span> <span class='ocrx_word' id='word_1_716' title='bbox 1325 4590 1375 4644; x_wconf 92' lang='lat' dir='ltr'><strong>in</strong></span> <span class='ocrx_word' id='word_1_717' title='bbox 1443 4590 1625 4647; x_wconf 81' lang='lat' dir='ltr'><strong>Veteri</strong></span> <span class='ocrx_word' id='word_1_718' title='bbox 1683 4592 2038 4655; x_wconf 82' lang='lat' dir='ltr'><strong>Testamento</strong></span> 
     </span>
    </p>
   </div>
   <div class='ocr_carea' id='block_1_95' title="bbox 466 4671 2039 4757">
    <p class='ocr_par' dir='ltr' id='par_1_95' title="bbox 466 4671 2039 4757">
     <span class='ocr_line' id='line_1_95' title="bbox 466 4671 2039 4757; baseline 0.011 -32"><span class='ocrx_word' id='word_1_719' title='bbox 466 4671 672 4727; x_wconf 84' lang='lat' dir='ltr'><strong>dictum</strong></span> <span class='ocrx_word' id='word_1_720' title='bbox 714 4685 870 4742; x_wconf 77' lang='lat' dir='ltr'><strong>putus</strong></span> <span class='ocrx_word' id='word_1_721' title='bbox 903 4693 916 4730; x_wconf 89' lang='lat'><strong>:</strong></span> <span class='ocrx_word' id='word_1_722' title='bbox 951 4673 1027 4729; x_wconf 84' lang='lat' dir='ltr'><strong>Tu</strong></span> <span class='ocrx_word' id='word_1_723' title='bbox 1047 4676 1097 4730; x_wconf 85' lang='lat' dir='ltr'><strong>in</strong></span> <span class='ocrx_word' id='word_1_724' title='bbox 1123 4679 1398 4747; x_wconf 79' lang='lat' dir='ltr'><strong>principio,</strong></span> <span class='ocrx_word' id='word_1_725' title='bbox 1422 4680 1666 4749; x_wconf 77' lang='lat' dir='ltr'><strong>Domine,</strong></span> <span class='ocrx_word' id='word_1_726' title='bbox 1696 4695 1891 4741; x_wconf 83' lang='lat' dir='ltr'><strong>terram</strong></span> <span class='ocrx_word' id='word_1_727' title='bbox 1914 4688 2039 4757; x_wconf 81' lang='lat' dir='ltr'><strong>[an-</strong></span> 
     </span>
    </p>
   </div>
   <div class='ocr_carea' id='block_1_96' title="bbox 465 4763 2036 4845">
    <p class='ocr_par' dir='ltr' id='par_1_96' title="bbox 465 4763 2036 4845">
     <span class='ocr_line' id='line_1_96' title="bbox 465 4763 2036 4845; baseline 0.008 -28"><span class='ocrx_word' id='word_1_728' title='bbox 465 4763 675 4829; x_wconf 76' lang='lat' dir='ltr'><strong>dasti‘,</strong></span> <span class='ocrx_word' id='word_1_729' title='bbox 709 4766 996 4835; x_wconf 74' lang='lat' dir='ltr'><strong>perspiCUa</strong></span> <span class='ocrx_word' id='word_1_730' title='bbox 1057 4779 1141 4822; x_wconf 88' lang='lat' dir='ltr'><strong>est</strong></span> <span class='ocrx_word' id='word_1_731' title='bbox 1187 4769 1359 4838; x_wconf 88' lang='lat' dir='ltr'><strong>ipsius</strong></span> <span class='ocrx_word' id='word_1_732' title='bbox 1415 4773 1647 4840; x_wconf 79' lang='lat' dir='ltr'><strong>dignitas</strong></span> <span class='ocrx_word' id='word_1_733' title='bbox 1699 4778 2036 4845; x_wconf 69' lang='lat' dir='ltr'><strong>procreatio-</strong></span> 
     </span>
    </p>
   </div>
   <div class='ocr_carea' id='block_1_97' title="bbox 469 4855 2035 4936">
    <p class='ocr_par' dir='ltr' id='par_1_97' title="bbox 469 4855 2035 4936">
     <span class='ocr_line' id='line_1_97' title="bbox 469 4855 2035 4936; baseline 0.009 -28"><span class='ocrx_word' id='word_1_734' title='bbox 469 4858 574 4909; x_wconf 89' lang='lat' dir='ltr'><strong>nis.</strong></span> <span class='ocrx_word' id='word_1_735' title='bbox 603 4855 757 4922; x_wconf 83' lang='lat' dir='ltr'><strong>Quod</strong></span> <span class='ocrx_word' id='word_1_736' title='bbox 789 4857 833 4912; x_wconf 89' lang='lat' dir='ltr'><strong>si</strong></span> <span class='ocrx_word' id='word_1_737' title='bbox 869 4860 934 4912; x_wconf 90' lang='lat' dir='ltr'><strong>de</strong></span> <span class='ocrx_word' id='word_1_738' title='bbox 958 4856 1119 4915; x_wconf 77' lang='lat' dir='ltr'><strong>Puer</strong></span> <span class='ocrx_word' id='word_1_739' title='bbox 1178 4861 1258 4915; x_wconf 91' lang='lat' dir='ltr'><strong>vis</strong></span> <span class='ocrx_word' id='word_1_740' title='bbox 1292 4864 1404 4917; x_wconf 58' lang='lat' dir='ltr'><strong>hinc</strong></span> <span class='ocrx_word' id='word_1_741' title='bbox 1440 4864 1762 4936; x_wconf 86' lang='lat' dir='ltr'><strong>Propltetatn</strong></span> <span class='ocrx_word' id='word_1_742' title='bbox 1814 4870 2035 4935; x_wconf 78' lang='lat' dir='ltr'><strong>dixisse,</strong></span> 
     </span>
    </p>
   </div>
   <div class='ocr_carea' id='block_1_98' title="bbox 469 4946 2044 5020">
    <p class='ocr_par' dir='ltr' id='par_1_98' title="bbox 469 4946 2044 5020">
     <span class='ocr_line' id='line_1_98' title="bbox 469 4946 2044 5020; baseline 0.011 -22"><span class='ocrx_word' id='word_1_743' title='bbox 469 4960 590 4998; x_wconf 88' lang='lat' dir='ltr'><strong>cum</strong></span> <span class='ocrx_word' id='word_1_744' title='bbox 618 4961 678 4999; x_wconf 79' lang='lat' dir='ltr'><strong>ea</strong></span> <span class='ocrx_word' id='word_1_745' title='bbox 709 4946 908 5003; x_wconf 82' lang='lat' dir='ltr'><strong>Paulus</strong></span> <span class='ocrx_word' id='word_1_746' title='bbox 939 4948 1073 5003; x_wconf 85' lang='lat' dir='ltr'><strong>Filio</strong></span> <span class='ocrx_word' id='word_1_747' title='bbox 1131 4952 1350 5020; x_wconf 87' lang='lat' dir='ltr'><strong>tribuat,</strong></span> <span class='ocrx_word' id='word_1_748' title='bbox 1386 4956 1539 5011; x_wconf 78' lang='lat' dir='ltr'><strong>idem</strong></span> <span class='ocrx_word' id='word_1_749' title='bbox 1566 4960 1870 5013; x_wconf 67' lang='lat' dir='ltr'><strong>coniicitur.</strong></span> <span class='ocrx_word' id='word_1_750' title='bbox 1937 4961 2044 5016; x_wconf 70' lang='lat' dir='ltr'><strong>Ne-</strong></span> 
     </span>
    </p>
   </div>
   <div class='ocr_carea' id='block_1_99' title="bbox 469 5033 2040 5114">
    <p class='ocr_par' dir='ltr' id='par_1_99' title="bbox 469 5033 2040 5114">
     <span class='ocr_line' id='line_1_99' title="bbox 469 5033 2040 5114; baseline 0.01 -31"><span class='ocrx_word' id='word_1_751' title='bbox 469 5046 575 5100; x_wconf 90' lang='lat' dir='ltr'><strong>que</strong></span> <span class='ocrx_word' id='word_1_752' title='bbox 598 5033 741 5085; x_wconf 88' lang='lat' dir='ltr'><strong>enint</strong></span> <span class='ocrx_word' id='word_1_753' title='bbox 781 5034 869 5087; x_wconf 90' lang='lat' dir='ltr'><strong>illa</strong></span> <span class='ocrx_word' id='word_1_754' title='bbox 924 5034 1064 5091; x_wconf 88' lang='lat' dir='ltr'><strong>Filio</strong></span> <span class='ocrx_word' id='word_1_755' title='bbox 1122 5053 1421 5110; x_wconf 84' lang='lat' dir='ltr'><strong>congruere</strong></span> <span class='ocrx_word' id='word_1_756' title='bbox 1476 5042 1678 5098; x_wconf 89' lang='lat' dir='ltr'><strong>Paulus</strong></span> <span class='ocrx_word' id='word_1_757' title='bbox 1739 5046 2040 5114; x_wconf 87' lang='lat' dir='ltr'><strong>statuisset,</strong></span> 
     </span>
    </p>
   </div>
   <div class='ocr_carea' id='block_1_100' title="bbox 469 5121 2043 5200">
    <p class='ocr_par' dir='ltr' id='par_1_100' title="bbox 469 5121 2043 5200">
     <span class='ocr_line' id='line_1_100' title="bbox 469 5121 2043 5200; baseline 0.011 -23"><span class='ocrx_word' id='word_1_758' title='bbox 469 5121 573 5177; x_wconf 83' lang='lat' dir='ltr'><strong>nisi</strong></span> <span class='ocrx_word' id='word_1_759' title='bbox 605 5137 945 5179; x_wconf 89' lang='lat' dir='ltr'><strong>communem</strong></span> <span class='ocrx_word' id='word_1_760' title='bbox 975 5126 1119 5180; x_wconf 81' lang='lat' dir='ltr'><strong>illius</strong></span> <span class='ocrx_word' id='word_1_761' title='bbox 1150 5130 1424 5200; x_wconf 81' lang='lat' dir='ltr'><strong>dignitatis</strong></span> <span class='ocrx_word' id='word_1_762' title='bbox 1449 5135 1708 5189; x_wconf 87' lang='lat' dir='ltr'><strong>honorem</strong></span> <span class='ocrx_word' id='word_1_763' title='bbox 1732 5138 2043 5193; x_wconf 79' lang='lat' dir='ltr'><strong>existimas-</strong></span> 
     </span>
    </p>
   </div>
   <div class='ocr_carea' id='block_1_101' title="bbox 469 5210 2044 5294">
    <p class='ocr_par' dir='ltr' id='par_1_101' title="bbox 469 5210 2044 5294">
     <span class='ocr_line' id='line_1_101' title="bbox 469 5210 2044 5294; baseline 0.01 -27"><span class='ocrx_word' id='word_1_764' title='bbox 469 5221 571 5268; x_wconf 87' lang='lat' dir='ltr'><strong>set.</strong></span> <span class='ocrx_word' id='word_1_765' title='bbox 602 5210 838 5266; x_wconf 62' lang='lat' dir='ltr'><strong>Summae</strong></span> <span class='ocrx_word' id='word_1_766' title='bbox 885 5218 1027 5270; x_wconf 88' lang='lat' dir='ltr'><strong>enim</strong></span> <span class='ocrx_word' id='word_1_767' title='bbox 1089 5216 1279 5274; x_wconf 87' lang='lat' dir='ltr'><strong>luisset</strong></span> <span class='ocrx_word' id='word_1_768' title='bbox 1338 5223 1578 5278; x_wconf 66' lang='lat' dir='ltr'><strong>audacia:</strong></span> <span class='ocrx_word' id='word_1_769' title='bbox 1635 5228 1775 5294; x_wconf 84' lang='lat' dir='ltr'><strong>quod</strong></span> <span class='ocrx_word' id='word_1_770' title='bbox 1836 5239 2044 5283; x_wconf 75' lang='lat' dir='ltr'><strong>natura:</strong></span> 
     </span>
    </p>
   </div>
   <div class='ocr_carea' id='block_1_102' title="bbox 467 5304 2044 5381">
    <p class='ocr_par' dir='ltr' id='par_1_102' title="bbox 467 5304 2044 5381">
     <span class='ocr_line' id='line_1_102' title="bbox 467 5304 2044 5381; baseline 0.011 -22"><span class='ocrx_word' id='word_1_771' title='bbox 467 5304 567 5369; x_wconf 75' lang='lat' dir='ltr'><strong>illi,</strong></span> <span class='ocrx_word' id='word_1_772' title='bbox 600 5304 683 5358; x_wconf 86' lang='lat' dir='ltr'><strong>cui</strong></span> <span class='ocrx_word' id='word_1_773' title='bbox 742 5305 878 5360; x_wconf 82' lang='lat' dir='ltr'><strong>nihil</strong></span> <span class='ocrx_word' id='word_1_774' title='bbox 943 5312 1243 5379; x_wconf 79' lang='lat' dir='ltr'><strong>comparari</strong></span> <span class='ocrx_word' id='word_1_775' title='bbox 1274 5327 1469 5381; x_wconf 82' lang='lat' dir='ltr'><strong>potest,</strong></span> <span class='ocrx_word' id='word_1_776' title='bbox 1504 5318 1772 5381; x_wconf 84' lang='lat' dir='ltr'><strong>convenit,</strong></span> <span class='ocrx_word' id='word_1_777' title='bbox 1803 5319 1854 5372; x_wconf 87' lang='lat' dir='ltr'><strong>id</strong></span> <span class='ocrx_word' id='word_1_778' title='bbox 1885 5331 2044 5376; x_wconf 84' lang='lat' dir='ltr'><strong>natu-</strong></span> 
     </span>
    </p>
   </div>
   <div class='ocr_carea' id='block_1_103' title="bbox 471 5395 2043 5473">
    <p class='ocr_par' dir='ltr' id='par_1_103' title="bbox 471 5395 2043 5473">
     <span class='ocr_line' id='line_1_103' title="bbox 471 5395 2043 5473; baseline 0.011 -24"><span class='ocrx_word' id='word_1_779' title='bbox 471 5395 1196 5470; x_wconf 72' lang='lat' dir='ltr'><strong>ratittl&#39;eriorideteriorique</strong></span> <span class='ocrx_word' id='word_1_780' title='bbox 1252 5404 1512 5473; x_wconf 82' lang='lat' dir='ltr'><strong>tribuere.</strong></span> <span class='ocrx_word' id='word_1_781' title='bbox 1564 5403 1755 5460; x_wconf 77' lang='lat' dir='ltr'><strong>Verum</strong></span> <span class='ocrx_word' id='word_1_782' title='bbox 1818 5409 2043 5466; x_wconf 80' lang='lat' dir='ltr'><strong>inferior</strong></span> 
     </span>
    </p>
   </div>
   <div class='ocr_carea' id='block_1_104' title="bbox 471 5483 2035 5570">
    <p class='ocr_par' dir='ltr' id='par_1_104' title="bbox 471 5483 2035 5570">
     <span class='ocr_line' id='line_1_104' title="bbox 471 5483 2035 5570; baseline 0.012 -32"><span class='ocrx_word' id='word_1_783' title='bbox 471 5501 577 5541; x_wconf 86' lang='lat' dir='ltr'><strong>non</strong></span> <span class='ocrx_word' id='word_1_784' title='bbox 612 5497 694 5544; x_wconf 86' lang='lat' dir='ltr'><strong>est</strong></span> <span class='ocrx_word' id='word_1_785' title='bbox 721 5487 912 5557; x_wconf 83' lang='lat' dir='ltr'><strong>Filius,</strong></span> <span class='ocrx_word' id='word_1_786' title='bbox 956 5506 1132 5561; x_wconf 85' lang='lat' dir='ltr'><strong>neque</strong></span> <span class='ocrx_word' id='word_1_787' title='bbox 1177 5483 1412 5549; x_wconf 75' lang='lat' dir='ltr'><strong>deterior</strong></span> <span class='ocrx_word' id='word_1_788' title='bbox 1454 5494 1637 5551; x_wconf 81' lang='lat' dir='ltr'><strong>Patre.</strong></span> <span class='ocrx_word' id='word_1_789' title='bbox 1696 5498 1880 5570; x_wconf 88' lang='lat' dir='ltr'><strong>Itaque</strong></span> <span class='ocrx_word' id='word_1_790' title='bbox 1931 5520 2035 5559; x_wconf 85' lang='lat' dir='ltr'><strong>non</strong></span> 
     </span>
    </p>
   </div>
   <div class='ocr_carea' id='block_1_105' title="bbox 470 5577 2036 5653">
    <p class='ocr_par' dir='ltr' id='par_1_105' title="bbox 470 5577 2036 5653">
     <span class='ocr_line' id='line_1_105' title="bbox 470 5577 2036 5653; baseline 0.013 -22"><span class='ocrx_word' id='word_1_791' title='bbox 470 5577 585 5636; x_wconf 66' lang='lat' dir='ltr'><strong>haec</strong></span> <span class='ocrx_word' id='word_1_792' title='bbox 614 5583 786 5637; x_wconf 81' lang='lat' dir='ltr'><strong>solum</strong></span> <span class='ocrx_word' id='word_1_793' title='bbox 813 5582 1010 5640; x_wconf 88' lang='lat' dir='ltr'><strong>Paulus</strong></span> <span class='ocrx_word' id='word_1_794' title='bbox 1034 5601 1197 5642; x_wconf 89' lang='lat' dir='ltr'><strong>ausus</strong></span> <span class='ocrx_word' id='word_1_795' title='bbox 1224 5595 1308 5641; x_wconf 89' lang='lat' dir='ltr'><strong>est</strong></span> <span class='ocrx_word' id='word_1_796' title='bbox 1363 5587 1565 5653; x_wconf 89' lang='lat' dir='ltr'><strong>dicere,</strong></span> <span class='ocrx_word' id='word_1_797' title='bbox 1629 5592 1723 5645; x_wconf 89' lang='lat' dir='ltr'><strong>sed</strong></span> <span class='ocrx_word' id='word_1_798' title='bbox 1792 5594 1894 5647; x_wconf 86' lang='lat' dir='ltr'><strong>alia</strong></span> <span class='ocrx_word' id='word_1_799' title='bbox 1952 5597 2036 5652; x_wconf 86' lang='lat' dir='ltr'><strong>Itis</strong></span> 
     </span>
    </p>
   </div>
   <div class='ocr_carea' id='block_1_106' title="bbox 542 5720 1899 5798">
    <p class='ocr_par' dir='ltr' id='par_1_106' title="bbox 542 5720 1899 5798">
     <span class='ocr_line' id='line_1_106' title="bbox 542 5720 1899 5798; baseline 0.01 -25"><span class='ocrx_word' id='word_1_800' title='bbox 542 5721 557 5751; x_wconf 84' lang='grc'>¹</span> <span class='ocrx_word' id='word_1_801' title='bbox 584 5720 841 5786; x_wconf 53' lang='lat' dir='ltr'><strong>lere-ml,</strong></span> <span class='ocrx_word' id='word_1_802' title='bbox 877 5722 959 5775; x_wconf 82' lang='grc' dir='ltr'><strong>Η.</strong></span> <span class='ocrx_word' id='word_1_803' title='bbox 1004 5723 1145 5778; x_wconf 83' lang='lat' dir='ltr'><strong>&#39;Isa.</strong></span> <span class='ocrx_word' id='word_1_804' title='bbox 1170 5739 1315 5790; x_wconf 78' lang='lat' dir='ltr'><strong>xuv,</strong></span> <span class='ocrx_word' id='word_1_805' title='bbox 1345 5726 1437 5782; x_wconf 72' lang='grc'><strong>24.</strong></span> <span class='ocrx_word' id='word_1_806' title='bbox 1518 5729 1537 5759; x_wconf 85' lang='grc'>³</span> <span class='ocrx_word' id='word_1_807' title='bbox 1564 5726 1719 5785; x_wconf 76' lang='lat' dir='ltr'><strong>Rom.</strong></span> <span class='ocrx_word' id='word_1_808' title='bbox 1744 5748 1779 5798; x_wconf 89' lang='grc' dir='ltr'><strong>ι,</strong></span> <span class='ocrx_word' id='word_1_809' title='bbox 1810 5732 1899 5787; x_wconf 72' lang='lat'><strong>23.</strong></span> 
     </span>
    </p>
   </div>
   <div class='ocr_carea' id='block_1_107' title="bbox 2142 4576 3709 4661">
    <p class='ocr_par' dir='ltr' id='par_1_107' title="bbox 2142 4576 3709 4661">
     <span class='ocr_line' id='line_1_107' title="bbox 2142 4576 3709 4661; baseline -0.011 -17"><span class='ocrx_word' id='word_1_810' title='bbox 2142 4591 2240 4661; x_wconf 82' lang='grc' dir='ltr'>μὲν</span> <span class='ocrx_word' id='word_1_811' title='bbox 2272 4584 2365 4642; x_wconf 79' lang='grc' dir='ltr'><strong>οῦν</strong></span> <span class='ocrx_word' id='word_1_812' title='bbox 2404 4589 2536 4657; x_wconf 77' lang='grc' dir='ltr'>περὶ</span> <span class='ocrx_word' id='word_1_813' title='bbox 2567 4583 2664 4638; x_wconf 87' lang='grc' dir='ltr'><strong>τοῦ</strong></span> <span class='ocrx_word' id='word_1_814' title='bbox 2724 4583 2857 4637; x_wconf 87' lang='grc' dir='ltr'>Υίοῦ</span> <span class='ocrx_word' id='word_1_815' title='bbox 2897 4585 2995 4638; x_wconf 73' lang='grc' dir='ltr'><strong>καὶ</strong></span> <span class='ocrx_word' id='word_1_816' title='bbox 3031 4584 3089 4636; x_wconf 80' lang='grc' dir='ltr'>ὲν</span> <span class='ocrx_word' id='word_1_817' title='bbox 3123 4583 3190 4652; x_wconf 81' lang='grc' dir='ltr'>τῇ</span> <span class='ocrx_word' id='word_1_818' title='bbox 3226 4579 3439 4650; x_wconf 81' lang='grc' dir='ltr'>παλαιᾷ</span> <span class='ocrx_word' id='word_1_819' title='bbox 3480 4578 3541 4630; x_wconf 75' lang='grc' dir='ltr'><strong>τὸ</strong></span> <span class='ocrx_word' id='word_1_820' title='bbox 3581 4576 3709 4628; x_wconf 81' lang='grc' dir='ltr'>κατ’</span> 
     </span>
    </p>
   </div>
   <div class='ocr_carea' id='block_1_108' title="bbox 2138 4670 3708 4752">
    <p class='ocr_par' dir='ltr' id='par_1_108' title="bbox 2138 4670 3708 4752">
     <span class='ocr_line' id='line_1_108' title="bbox 2138 4670 3708 4752; baseline -0.012 -15"><span class='ocrx_word' id='word_1_821' title='bbox 2138 4684 2210 4752; x_wconf 86' lang='grc' dir='ltr'>ἀρ</span> <span class='ocrx_word' id='word_1_822' title='bbox 2216 4681 2315 4751; x_wconf 49' lang='lat' dir='ltr'><strong>Ad;</strong></span> <span class='ocrx_word' id='word_1_823' title='bbox 2340 4695 2354 4710; x_wconf 85' lang='lat'><strong>&#39;</strong></span> <span class='ocrx_word' id='word_1_824' title='bbox 2385 4678 2469 4732; x_wconf 86' lang='grc' dir='ltr'><strong><em>Σὺ</em></strong></span> <span class='ocrx_word' id='word_1_825' title='bbox 2497 4676 2611 4744; x_wconf 79' lang='grc' dir='ltr'>τὴν</span> <span class='ocrx_word' id='word_1_826' title='bbox 2635 4673 2756 4744; x_wconf 76' lang='grc' dir='ltr'>γῆν</span> <span class='ocrx_word' id='word_1_827' title='bbox 2790 4673 3216 4745; x_wconf 72' lang='grc' dir='ltr'>ἐθεμελίωσας,</span> <span class='ocrx_word' id='word_1_828' title='bbox 3248 4670 3448 4738; x_wconf 82' lang='grc' dir='ltr'>Κύριε,</span> <span class='ocrx_word' id='word_1_829' title='bbox 3472 4670 3708 4739; x_wconf 74' lang='grc' dir='ltr'>εἴρηται.</span> 
     </span>
    </p>
   </div>
   <div class='ocr_carea' id='block_1_109' title="bbox 2141 4755 3711 4841">
    <p class='ocr_par' dir='ltr' id='par_1_109' title="bbox 2141 4755 3711 4841">
     <span class='ocr_line' id='line_1_109' title="bbox 2141 4755 3711 4841; baseline -0.01 -15"><span class='ocrx_word' id='word_1_830' title='bbox 2141 4773 2312 4841; x_wconf 77' lang='grc' dir='ltr'>σαφὲς</span> <span class='ocrx_word' id='word_1_831' title='bbox 2337 4773 2399 4824; x_wconf 85' lang='grc' dir='ltr'><strong>τδ</strong></span> <span class='ocrx_word' id='word_1_832' title='bbox 2422 4772 2518 4840; x_wconf 78' lang='grc' dir='ltr'>τῆς</span> <span class='ocrx_word' id='word_1_833' title='bbox 2553 4766 2919 4839; x_wconf 85' lang='grc' dir='ltr'>δημιουργίας</span> <span class='ocrx_word' id='word_1_834' title='bbox 2965 4764 3181 4835; x_wconf 76' lang='grc' dir='ltr'>ἀξίωμα</span> <span class='ocrx_word' id='word_1_835' title='bbox 3204 4780 3220 4795; x_wconf 90' lang='grc'><strong>·</strong></span> <span class='ocrx_word' id='word_1_836' title='bbox 3272 4763 3321 4816; x_wconf 86' lang='grc' dir='ltr'>εἰ</span> <span class='ocrx_word' id='word_1_837' title='bbox 3367 4761 3424 4813; x_wconf 79' lang='grc' dir='ltr'>δὲ</span> <span class='ocrx_word' id='word_1_838' title='bbox 3459 4759 3587 4828; x_wconf 75' lang='grc' dir='ltr'>περὶ</span> <span class='ocrx_word' id='word_1_839' title='bbox 3617 4755 3711 4810; x_wconf 70' lang='grc' dir='ltr'><strong>τεῦ</strong></span> 
     </span>
    </p>
   </div>
   <div class='ocr_carea' id='block_1_110' title="bbox 2141 4846 3715 4932">
    <p class='ocr_par' dir='ltr' id='par_1_110' title="bbox 2141 4846 3715 4932">
     <span class='ocr_line' id='line_1_110' title="bbox 2141 4846 3715 4932; baseline -0.012 -15"><span class='ocrx_word' id='word_1_840' title='bbox 2141 4861 2355 4932; x_wconf 83' lang='grc' dir='ltr'>Πατρδς</span> <span class='ocrx_word' id='word_1_841' title='bbox 2384 4859 2543 4912; x_wconf 90' lang='grc' dir='ltr'>τοῦτο</span> <span class='ocrx_word' id='word_1_842' title='bbox 2567 4857 2658 4912; x_wconf 74' lang='grc' dir='ltr'><strong>τδν</strong></span> <span class='ocrx_word' id='word_1_843' title='bbox 2688 4857 2977 4927; x_wconf 81' lang='grc' dir='ltr'>προφήτην</span> <span class='ocrx_word' id='word_1_844' title='bbox 2999 4853 3279 4924; x_wconf 76' lang='grc' dir='ltr'>εἰρηκέναι</span> <span class='ocrx_word' id='word_1_845' title='bbox 3305 4851 3509 4916; x_wconf 84' lang='grc' dir='ltr'>λέγεις,</span> <span class='ocrx_word' id='word_1_846' title='bbox 3535 4847 3629 4901; x_wconf 84' lang='grc' dir='ltr'>τὸν</span> <span class='ocrx_word' id='word_1_847' title='bbox 3657 4846 3715 4898; x_wconf 69' lang='grc' dir='ltr'>δὲ</span> 
     </span>
    </p>
   </div>
   <div class='ocr_carea' id='block_1_111' title="bbox 2140 4938 3714 5021">
    <p class='ocr_par' dir='ltr' id='par_1_111' title="bbox 2140 4938 3714 5021">
     <span class='ocr_line' id='line_1_111' title="bbox 2140 4938 3714 5021; baseline -0.011 -14"><span class='ocrx_word' id='word_1_848' title='bbox 2140 4953 2353 5009; x_wconf 82' lang='grc' dir='ltr'>Παῦλον</span> <span class='ocrx_word' id='word_1_849' title='bbox 2387 4950 2467 5020; x_wconf 85' lang='grc' dir='ltr'>τῷ</span> <span class='ocrx_word' id='word_1_850' title='bbox 2496 4950 2615 5020; x_wconf 83' lang='grc' dir='ltr'>Υἱῷ</span> <span class='ocrx_word' id='word_1_851' title='bbox 2658 4946 3165 5021; x_wconf 77' lang='grc' dir='ltr'>προσνενεμηκὲναι</span> <span class='ocrx_word' id='word_1_852' title='bbox 3220 4941 3283 4994; x_wconf 85' lang='grc' dir='ltr'><strong>τδ</strong></span> <span class='ocrx_word' id='word_1_853' title='bbox 3328 4940 3457 5009; x_wconf 79' lang='grc' dir='ltr'>περὶ</span> <span class='ocrx_word' id='word_1_854' title='bbox 3499 4938 3714 4991; x_wconf 79' lang='grc' dir='ltr'>ἐκείνου</span> 
     </span>
    </p>
   </div>
   <div class='ocr_carea' id='block_1_112' title="bbox 2137 5029 3721 5116">
    <p class='ocr_par' dir='ltr' id='par_1_112' title="bbox 2137 5029 3721 5116">
     <span class='ocr_line' id='line_1_112' title="bbox 2137 5029 3721 5116; baseline -0.011 -17"><span class='ocrx_word' id='word_1_855' title='bbox 2137 5046 2349 5116; x_wconf 75' lang='grc' dir='ltr'>λεχθὲν,</span> <span class='ocrx_word' id='word_1_856' title='bbox 2377 5045 2470 5098; x_wconf 75' lang='grc' dir='ltr'>καὶ</span> <span class='ocrx_word' id='word_1_857' title='bbox 2494 5042 2635 5097; x_wconf 79' lang='grc' dir='ltr'>οὓτω</span> <span class='ocrx_word' id='word_1_858' title='bbox 2664 5043 2726 5095; x_wconf 83' lang='grc' dir='ltr'>τὸ</span> <span class='ocrx_word' id='word_1_859' title='bbox 2747 5042 2879 5096; x_wconf 81' lang='grc' dir='ltr'>αὐτὸ</span> <span class='ocrx_word' id='word_1_860' title='bbox 2908 5039 3119 5108; x_wconf 89' lang='grc' dir='ltr'>γίνεται</span> <span class='ocrx_word' id='word_1_861' title='bbox 3142 5034 3324 5089; x_wconf 80' lang='grc' dir='ltr'>πάλιν.</span> <span class='ocrx_word' id='word_1_862' title='bbox 3357 5032 3493 5085; x_wconf 76' lang='grc' dir='ltr'>Οὐδὲ</span> <span class='ocrx_word' id='word_1_863' title='bbox 3521 5031 3632 5101; x_wconf 83' lang='grc' dir='ltr'><strong>γὰρ</strong></span> <span class='ocrx_word' id='word_1_864' title='bbox 3651 5029 3721 5081; x_wconf 84' lang='grc' dir='ltr'>ἂν</span> 
     </span>
    </p>
   </div>
   <div class='ocr_carea' id='block_1_113' title="bbox 2140 5123 3719 5208">
    <p class='ocr_par' dir='ltr' id='par_1_113' title="bbox 2140 5123 3719 5208">
     <span class='ocr_line' id='line_1_113' title="bbox 2140 5123 3719 5208; baseline -0.014 -15"><span class='ocrx_word' id='word_1_865' title='bbox 2140 5141 2235 5194; x_wconf 72' lang='grc' dir='ltr'><strong>καὶ</strong></span> <span class='ocrx_word' id='word_1_866' title='bbox 2259 5138 2337 5208; x_wconf 83' lang='grc' dir='ltr'>τῷ</span> <span class='ocrx_word' id='word_1_867' title='bbox 2360 5136 2473 5207; x_wconf 83' lang='grc' dir='ltr'><strong>Υίῷ</strong></span> <span class='ocrx_word' id='word_1_868' title='bbox 2494 5136 2726 5206; x_wconf 77' lang='grc' dir='ltr'>πρέπειν</span> <span class='ocrx_word' id='word_1_869' title='bbox 2751 5133 2883 5186; x_wconf 69' lang='grc' dir='ltr'>αὐτὸ</span> <span class='ocrx_word' id='word_1_870' title='bbox 2906 5130 2935 5183; x_wconf 86' lang='lat'><strong>6</strong></span> <span class='ocrx_word' id='word_1_871' title='bbox 2957 5128 3167 5190; x_wconf 89' lang='grc' dir='ltr'>Παῦλος</span> <span class='ocrx_word' id='word_1_872' title='bbox 3221 5123 3631 5208; x_wconf 76' lang='grc' dir='ltr'>ἐνομοθέτησεν,</span> <span class='ocrx_word' id='word_1_873' title='bbox 3668 5123 3719 5173; x_wconf 82' lang='grc' dir='ltr'><strong>εί</strong></span> 
     </span>
    </p>
   </div>
   <div class='ocr_carea' id='block_1_114' title="bbox 2145 5207 3728 5302">
    <p class='ocr_par' dir='ltr' id='par_1_114' title="bbox 2145 5207 3728 5302">
     <span class='ocr_line' id='line_1_114' title="bbox 2145 5207 3728 5302; baseline -0.013 -18"><span class='ocrx_word' id='word_1_874' title='bbox 2145 5230 2220 5302; x_wconf 79' lang='grc' dir='ltr'>μὴ</span> <span class='ocrx_word' id='word_1_875' title='bbox 2247 5207 2453 5298; x_wconf 70' lang='grc' dir='ltr'>σφόδρα</span> <span class='ocrx_word' id='word_1_876' title='bbox 2476 5225 2820 5299; x_wconf 74' lang='grc' dir='ltr'>ὲθάρῤει,ὅτι</span> <span class='ocrx_word' id='word_1_877' title='bbox 2839 5222 2906 5275; x_wconf 81' lang='grc' dir='ltr'><strong>τὸ.</strong></span> <span class='ocrx_word' id='word_1_878' title='bbox 2922 5221 3021 5290; x_wconf 82' lang='grc' dir='ltr'>τῆς</span> <span class='ocrx_word' id='word_1_879' title='bbox 3048 5217 3204 5282; x_wconf 82' lang='grc' dir='ltr'>ἀξίας</span> <span class='ocrx_word' id='word_1_880' title='bbox 3234 5214 3473 5285; x_wconf 85' lang='grc' dir='ltr'>ὁμότιμα</span> <span class='ocrx_word' id='word_1_881' title='bbox 3498 5207 3585 5282; x_wconf 75' lang='grc' dir='ltr'><strong>ἦν.</strong></span> <span class='ocrx_word' id='word_1_882' title='bbox 3611 5212 3728 5264; x_wconf 80' lang='grc' dir='ltr'><strong>Καὶ</strong></span> 
     </span>
    </p>
   </div>
   <div class='ocr_carea' id='block_1_115' title="bbox 2145 5304 3728 5393">
    <p class='ocr_par' dir='ltr' id='par_1_115' title="bbox 2145 5304 3728 5393">
     <span class='ocr_line' id='line_1_115' title="bbox 2145 5304 3728 5393; baseline -0.013 -18"><span class='ocrx_word' id='word_1_883' title='bbox 2145 5324 2257 5392; x_wconf 80' lang='grc' dir='ltr'>γὰρ</span> <span class='ocrx_word' id='word_1_884' title='bbox 2285 5317 2352 5393; x_wconf 79' lang='grc' dir='ltr'>ἦν</span> <span class='ocrx_word' id='word_1_885' title='bbox 2384 5320 2590 5390; x_wconf 83' lang='grc' dir='ltr'>τόλμης</span> <span class='ocrx_word' id='word_1_886' title='bbox 2618 5317 2857 5387; x_wconf 76' lang='grc' dir='ltr'>ἐσχάτης</span> <span class='ocrx_word' id='word_1_887' title='bbox 2894 5314 2964 5367; x_wconf 84' lang='grc' dir='ltr'>τὰ</span> <span class='ocrx_word' id='word_1_888' title='bbox 2982 5314 3048 5382; x_wconf 80' lang='grc' dir='ltr'><strong>τῇ</strong></span> <span class='ocrx_word' id='word_1_889' title='bbox 3082 5307 3404 5379; x_wconf 78' lang='grc' dir='ltr'>ἀσυγκρίτῳ</span> <span class='ocrx_word' id='word_1_890' title='bbox 3438 5304 3728 5376; x_wconf 63' lang='grc' dir='ltr'><strong>πρέποντπι⁵</strong></span> 
     </span>
    </p>
   </div>
   <div class='ocr_carea' id='block_1_116' title="bbox 2147 5399 3723 5483">
    <p class='ocr_par' dir='ltr' id='par_1_116' title="bbox 2147 5399 3723 5483">
     <span class='ocr_line' id='line_1_116' title="bbox 2147 5399 3723 5483; baseline -0.012 -16"><span class='ocrx_word' id='word_1_891' title='bbox 2147 5415 2330 5483; x_wconf 74' lang='grc' dir='ltr'>φύσει,</span> <span class='ocrx_word' id='word_1_892' title='bbox 2364 5413 2460 5466; x_wconf 78' lang='grc' dir='ltr'><strong>ἐπὶ</strong></span> <span class='ocrx_word' id='word_1_893' title='bbox 2482 5412 2580 5480; x_wconf 87' lang='grc' dir='ltr'>τὴν</span> <span class='ocrx_word' id='word_1_894' title='bbox 2608 5410 2817 5463; x_wconf 74' lang='grc' dir='ltr'>ἐλάττω</span> <span class='ocrx_word' id='word_1_895' title='bbox 2844 5406 2936 5460; x_wconf 73' lang='grc' dir='ltr'><strong>καὶ</strong></span> <span class='ocrx_word' id='word_1_896' title='bbox 2978 5402 3315 5459; x_wconf 68' lang='grc' dir='ltr'>ἀποδέουσαν</span> <span class='ocrx_word' id='word_1_897' title='bbox 3335 5399 3549 5468; x_wconf 77' lang='grc' dir='ltr'>ἐκείνης</span> <span class='ocrx_word' id='word_1_898' title='bbox 3580 5400 3723 5465; x_wconf 67' lang='grc' dir='ltr'><strong>ἀγλ-</strong></span> 
     </span>
    </p>
   </div>
   <div class='ocr_carea' id='block_1_117' title="bbox 2141 5488 3729 5575">
    <p class='ocr_par' dir='ltr' id='par_1_117' title="bbox 2141 5488 3729 5575">
     <span class='ocr_line' id='line_1_117' title="bbox 2141 5488 3729 5575; baseline -0.012 -16"><span class='ocrx_word' id='word_1_899' title='bbox 2141 5509 2274 5575; x_wconf 72' lang='grc' dir='ltr'>γεῖν.</span> <span class='ocrx_word' id='word_1_900' title='bbox 2319 5505 2458 5558; x_wconf 80' lang='grc' dir='ltr'>Ἀλλ’</span> <span class='ocrx_word' id='word_1_901' title='bbox 2494 5502 2619 5558; x_wconf 74' lang='grc' dir='ltr'>οὔτε</span> <span class='ocrx_word' id='word_1_902' title='bbox 2644 5502 2878 5556; x_wconf 71' lang='grc' dir='ltr'>ἐλάττων</span> <span class='ocrx_word' id='word_1_903' title='bbox 2912 5499 3082 5564; x_wconf 75' lang='grc' dir='ltr'>ἐστὶν,</span> <span class='ocrx_word' id='word_1_904' title='bbox 3105 5494 3230 5548; x_wconf 77' lang='grc' dir='ltr'>οὔτε</span> <span class='ocrx_word' id='word_1_905' title='bbox 3252 5491 3473 5548; x_wconf 82' lang='grc' dir='ltr'>ἁποδέει</span> <span class='ocrx_word' id='word_1_906' title='bbox 3507 5489 3605 5558; x_wconf 82' lang='grc' dir='ltr'>τῆς</span> <span class='ocrx_word' id='word_1_907' title='bbox 3628 5488 3729 5541; x_wconf 81' lang='grc' dir='ltr'><strong>τοῦ</strong></span> 
     </span>
    </p>
   </div>
   <div class='ocr_carea' id='block_1_118' title="bbox 2141 5582 3731 5669">
    <p class='ocr_par' dir='ltr' id='par_1_118' title="bbox 2141 5582 3731 5669">
     <span class='ocr_line' id='line_1_118' title="bbox 2141 5582 3731 5669; baseline -0.011 -18"><span class='ocrx_word' id='word_1_908' title='bbox 2141 5596 2354 5669; x_wconf 80' lang='grc' dir='ltr'>Πατρδς</span> <span class='ocrx_word' id='word_1_909' title='bbox 2385 5597 2573 5658; x_wconf 78' lang='grc' dir='ltr'>οὐσίας</span> <span class='ocrx_word' id='word_1_910' title='bbox 2605 5597 2633 5647; x_wconf 90' lang='grc' dir='ltr'>ὀ</span> <span class='ocrx_word' id='word_1_911' title='bbox 2670 5594 2819 5656; x_wconf 72' lang='grc' dir='ltr'>Υἱός.</span> <span class='ocrx_word' id='word_1_912' title='bbox 2848 5591 3052 5663; x_wconf 87' lang='grc' dir='ltr'>Διόπερ</span> <span class='ocrx_word' id='word_1_913' title='bbox 3075 5591 3136 5643; x_wconf 83' lang='grc' dir='ltr'><strong>οὐ</strong></span> <span class='ocrx_word' id='word_1_914' title='bbox 3164 5588 3337 5643; x_wconf 71' lang='grc' dir='ltr'>ταῦτα</span> <span class='ocrx_word' id='word_1_915' title='bbox 3367 5585 3529 5657; x_wconf 88' lang='grc' dir='ltr'>μόνον</span> <span class='ocrx_word' id='word_1_916' title='bbox 3557 5582 3731 5652; x_wconf 73' lang='grc' dir='ltr'><strong>ἐθάρ-</strong></span> 
     </span>
    </p>
   </div>
   <div class='ocr_carea' id='block_1_119' title="bbox 1978 5722 3720 5800">
    <p class='ocr_par' dir='ltr' id='par_1_119' title="bbox 1978 5722 3720 5800">
     <span class='ocr_line' id='line_1_119' title="bbox 1978 5722 3720 5800; baseline -0.006 -10"><span class='ocrx_word' id='word_1_917' title='bbox 1978 5738 1998 5765; x_wconf 74' lang='grc'><strong>⁶</strong></span> <span class='ocrx_word' id='word_1_918' title='bbox 2022 5734 2165 5791; x_wconf 78' lang='lat' dir='ltr'><strong>Psai.</strong></span> <span class='ocrx_word' id='word_1_919' title='bbox 2200 5750 2274 5800; x_wconf 84' lang='lat' dir='ltr'><strong>et,</strong></span> <span class='ocrx_word' id='word_1_920' title='bbox 2308 5732 2378 5788; x_wconf 78' lang='lat'><em>26</em></span> <span class='ocrx_word' id='word_1_921' title='bbox 2408 5749 2424 5799; x_wconf 85' lang='lat'><strong>;</strong></span> <span class='ocrx_word' id='word_1_922' title='bbox 2491 5732 2656 5786; x_wconf 79' lang='lat' dir='ltr'><strong>Hebr.</strong></span> <span class='ocrx_word' id='word_1_923' title='bbox 2691 5746 2731 5798; x_wconf 89' lang='lat' dir='ltr'><strong>t,</strong></span> <span class='ocrx_word' id='word_1_924' title='bbox 2766 5729 2853 5785; x_wconf 81' lang='grc'><strong>10.</strong></span> <span class='ocrx_word' id='word_1_925' title='bbox 2893 5732 3091 5785; x_wconf 81' lang='lat' dir='ltr'><strong>&#39;Joan.</strong></span> <span class='ocrx_word' id='word_1_926' title='bbox 3117 5744 3169 5794; x_wconf 83' lang='grc' dir='ltr'><strong>ν,</strong></span> <span class='ocrx_word' id='word_1_927' title='bbox 3202 5728 3293 5782; x_wconf 75' lang='lat'><strong>2|.</strong></span> <span class='ocrx_word' id='word_1_928' title='bbox 3334 5723 3516 5780; x_wconf 78' lang='lat' dir='ltr'><strong>‘Psal.</strong></span> <span class='ocrx_word' id='word_1_929' title='bbox 3548 5739 3600 5788; x_wconf 81' lang='grc' dir='ltr'><strong>ε,</strong></span> <span class='ocrx_word' id='word_1_930' title='bbox 3628 5722 3720 5779; x_wconf 74' lang='lat'><strong>26.</strong></span> 
     </span>
    </p>
   </div>
  </div>
