4064 6412
3630 299 3738 364 624

455 296 566 361 623
1683 303 2066 366 EUTHYMII
2110 302 2475 365 ZIGABENI

461 432 638 488 nostri
670 431 988 492 Scrvatoris
1039 433 1332 494 adventum
1370 442 1857 510 praenuntiantem,
1891 454 1946 502 et
1976 450 2030 502 ac

2151 438 2242 491 διὰ
2263 437 2356 492 τοῦ
2383 437 2540 507 ἁγίου
2577 436 2894 510 Πνεύματος
2923 441 3393 512 προκηρύττοντος
3416 479 3433 505 ,
3466 438 3559 494 καὶ
3599 439 3742 511 πρὸς

461 525 641 594 ipsum
701 523 899 584 Filium
949 528 1264 587 dicentem:
1303 548 1326 584 ι
1358 531 1566 590 Tecum
1612 536 1946 610 principium
1986 540 2030 595 in

2150 529 2311 584 αὑτὸν
2347 528 2600 598 λέγοντος
2652 527 2744 582 τὸν
2794 528 2958 582 Υίόν⁶
3025 549 3043 582 ι
3079 529 3237 584 Μετὰ
3281 528 3376 582 σοῦ
3410 531 3443 599 ἡ
3489 531 3631 600 ἀρχὴ
3680 532 3741 584 ἐν

461 617 548 674 die
615 621 836 676 virtutis
886 629 1035 688 tuae,
1101 622 1154 678 in
1206 623 1500 694 splendore
1553 637 1870 687 sanctorum
1919 642 2046 691 tuo-

461 725 582 764 rum
639 709 678 768 ⁸.
716 730 733 763 ι
787 710 913 768 Dies
947 713 1093 768 enim
1142 716 1366 772 virtutis
1399 716 1522 773 Filii
1556 735 1619 775 ea
1648 730 1752 786 est,
1787 739 1894 795 qua
1923 726 2046 781 uni-

459 815 681 858 versum
718 803 905 858 orbem
953 802 1306 873 judicaturus
1335 815 1443 875 est,
1477 815 1532 865 et
1565 811 1871 884 unicuique
1902 831 2044 871 mer-

458 891 645 948 cedem
700 891 1010 948 secundum
1062 909 1230 966 opera
1293 912 1392 952 sua
1452 899 1795 959 redditurus.
1850 903 2046 961 Veniet

457 992 640 1039 autem
690 985 923 1042 omnino
974 986 1144 1042 etiam
1192 988 1313 1060 ipse
1358 992 1641 1050 exsistens
1685 995 1739 1051 in
1775 995 1955 1064 Patre,
1989 1005 2044 1052 et

455 1075 664 1133 habens
709 1077 766 1132 in
819 1076 1006 1150 seipse
1059 1076 1306 1144 Patrem,
1355 1095 1472 1136 suae
1506 1090 1721 1140 naturae
1767 1083 2043 1155 quodam-

456 1168 616 1224 modo
651 1167 910 1242 principii
942 1186 1141 1243 expers
1188 1172 1548 1243 principium,
1583 1176 1800 1232 scilicet
1828 1192 1894 1232 ex
1925 1193 2036 1249 quo

455 1261 748 1323 duntaxat,
784 1272 1077 1333 prOpterea
1103 1262 1251 1334 quod
1280 1271 1364 1320 cst
1390 1280 1455 1319 ex
1484 1263 1664 1322 Patre.

863 1366 930 1421 In
967 1369 1229 1438 principio
1279 1379 1396 1424 erat
1442 1369 1688 1428 Verbum.

529 1452 798 1526 Principii
827 1456 896 1514 de
928 1473 1043 1530 quo
1075 1459 1168 1515 hic
1205 1461 1528 1536 quaerimus.
1567 1466 1752 1522 multa:
1784 1483 1849 1523 ac
1881 1472 2044 1524 variae

453 1545 887 1609 signiﬁcationes
909 1563 969 1605 se
1000 1548 1163 1606 nobis
1184 1548 1427 1606 oll‘erunt
1458 1553 1703 1623 undique
1728 1570 1853 1625 qua:
1884 1558 2042 1612 utilia

453 1640 567 1694 sint
606 1629 1096 1712 investigantibus,
1125 1651 1180 1699 et
1221 1657 1423 1700 canum
1459 1645 1632 1701 instar
1667 1664 1854 1704 veram
1896 1652 2040 1706 divi-

455 1746 650 1785 norum
676 1730 998 1804 dogmatum
1031 1735 1608 1806 comprehensionem,
1635 1748 1690 1794 et
1715 1753 2034 1798 accuratam

2149 619 2333 691 ἡμέρᾳ
2379 617 2480 688 τῆς
2524 615 2806 686 δυνάμειῇ
2838 632 2932 668 σου
2960 657 2974 679 ,
3025 617 3084 669 ὲν
3129 619 3196 687 τῇ
3244 616 3593 688 λαμπρότητι
3628 617 3739 670 τῶν

2150 712 2321 782 ἁγίων
2373 727 2488 763 σου.
2522 729 2542 763 ι
2574 708 2792 780 Ἡμέρα
2829 707 2937 779 γὰρ
2969 707 3256 780 δυνάμεως
3298 709 3392 763 τοῦ
3432 709 3584 772 Υίοῦ,
3617 709 3740 763 καθ’

2147 804 2216 877 ἢν
2247 802 2374 873 ὃλην
2409 805 2588 880 κρινεῖ
2610 800 2708 872 τὴν
2737 803 2887 855 οίκου
2900 799 3090 872 μένην,
3127 800 3227 855 καὶ
3256 800 3584 854 ἀποδίδωσιν
3609 799 3738 852 ὲκὰο

2151 914 2260 966 στῳ
2299 895 2439 950 κατὰ
2472 895 2540 949 τὰ
2591 893 2728 965 ἔργα
2759 891 2958 947 αὑτοῦ·
2994 893 3114 964 ἥξει
3155 893 3211 946 δὲ
3245 893 3462 955 πάντως
3492 894 3587 946 καὶ
3614 892 3740 946 τότε

2150 987 2312 1052 αὐτός
2345 1004 2404 1040 τε
2449 985 2524 1040 ὢν
2558 987 2614 1040 ὲν
2653 985 2850 1056 Πατρὶ,
2892 984 2986 1038 καὶ
3021 984 3159 1055 ἔχων
3187 986 3244 1037 ὲν
3282 983 3461 1065 ἑαυτῷ
3495 983 3586 1035 τὸν
3625 984 3738 1036 Πα-

2136 1075 2306 1150 ’τέρα.
2350 1076 2450 1148 τὴν
2484 1077 2722 1147 ἄναρχον
2753 1076 2850 1146 τῆς
2887 1075 3096 1138 οἰκείας
3147 1074 3364 1143 φύσεως
3407 1074 3570 1128 οἱονεί
3621 1091 3739 1137 πως

2148 1172 2346 1242 ἀρχὴν,
2375 1170 2517 1225 κατὰ
2557 1170 2716 1240 μόνον
2771 1168 2857 1234 τὸ,
2909 1167 2970 1232 ἐξ
3003 1161 3062 1222 οῦ
3086 1205 3101 1230 ,
3131 1168 3222 1221 διὰ
3264 1168 3324 1220 τὸ
3357 1167 3624 1237 ὑπάρχειν
3672 1169 3742 1220 ὲκ

2152 1263 2388 1336 Πατρός.

2595 1372 2696 1426 Ἐν
2729 1367 2890 1440 ἀρχῇ
2911 1366 2991 1441 ἦν
3016 1371 3050 1423 ὁ
3072 1370 3280 1437 Λόγος.

2220 1467 2314 1528 Εἰς
2343 1463 2542 1526 πολλὰς
2574 1465 2705 1534 ἡμῖν
2741 1463 2835 1516 καὶ
2865 1461 3158 1535 διαφόρους
3186 1461 3394 1523 ἐννοίας
3420 1462 3448 1514 ό
3478 1462 3606 1532 περὶ
3635 1460 3740 1530 τῆς

2150 1557 2337 1612 ἐνθάδε
2372 1554 2777 1626 σημαινομένης
2821 1553 2999 1624 ἀρχῆς
3044 1554 3527 1606 καταποικίλλεται
3557 1553 3736 1620 λόγος,

2151 1646 2484 1716 πανταχόθεν
2541 1645 2812 1715 θηρᾶσθαι
2873 1642 3191 1706 σπουδάζων
3247 1643 3317 1696 τὰ
3366 1644 3446 1706 είς
3473 1643 3740 1710 ὠφέλειαν

2144 1737 2506 1803 συντείνοντα,
2539 1737 2632 1790 καὶ
2656 1735 2964 1806 κατάληψιν
2995 1733 3169 1806 ἀληθῆ
3209 1733 3319 1786 τῶν
3345 1734 3502 1787 θείων
3532 1734 3739 1806 δογμά-

450 1820 841 1890 mysteriorum
863 1823 1136 1878 rationem
1155 1823 1544 1896 indagantibus
1565 1845 1578 1882 :
1603 1847 1620 1879 ι
1646 1827 1989 1887 Scrutamini
2013 1851 2030 1885 ι

2147 1847 2275 1893 των,
2330 1829 2425 1882 καὶ
2478 1829 2578 1900 τὴν
2624 1829 2680 1882 ὲν
2714 1830 2826 1891 τοῖς
2877 1826 3198 1898 μυστηρίοις
3241 1824 3529 1898 ἀκρίϐειαν
3576 1827 3740 1890 κυνὸς

453 1913 596 1968 cnim
631 1931 650 1965 ι
686 1922 912 1970 sanctas
959 1913 1276 1985 Scripturas
1297 1956 1312 1983 ,
1345 1937 1364 1971 ι
1397 1920 1602 1975 alicubi
1656 1909 1910 1980 salvator
1937 1925 2038 1990 ait,

2145 1922 2302 1992 δίκην
2366 1920 2698 1993 ἰχνηλατῶν·
2755 1939 2773 1971 ι
2821 1920 3130 1990 ‘Epsuvd're;
3149 1919 3256 1990 γάρ
3291 1935 3391 1971 που
3431 1917 3530 1981 τὰς
3575 1917 3740 1986 ἁγίας

455 2023 475 2056 ‹
507 2005 638 2076 quia
669 2019 766 2060 vos
800 2005 1010 2077 putatis
1036 2007 1092 2062 in
1124 2008 1259 2078 ipsis
1286 2010 1454 2066 vitam
1487 2018 1752 2067 aeternam
1787 2013 1989 2072 habere
2022 2037 2030 2072 :

2147 2013 2388 2084 Γραφὰς,
2468 2011 2632 2082 φησιν
2675 2011 2704 2064 ὁ
2767 2011 2979 2083 Σωτήρο
3037 2011 3119 2064 ὅτι
3182 2011 3240 2064 έν
3298 2010 3491 2073 αὐταῖς
3577 2010 3738 2080 ὑμεῖς

448 2107 502 2152 et
529 2097 636 2152 illae
671 2107 801 2153 sunt
829 2113 954 2168 quze
977 2099 1357 2155 testimonium
1392 2102 1681 2172 perhibent
1709 2103 1779 2160 de
1810 2121 1898 2162 me
1939 2106 1984 2164 '.
2015 2127 2030 2161 ι

2147 2105 2349 2159 δοκεῖτε
2377 2104 2522 2174 ζωὴν
2548 2101 2764 2157 αἰώνιον
2797 2101 2940 2174 ἔχειν
2963 2142 2976 2166 ,
3015 2103 3110 2155 καὶ
3141 2101 3302 2156 αὐταί
3334 2103 3474 2154 εἰσιν
3500 2103 3556 2155 αί
3593 2119 3735 2172 μαρσ

448 2185 682 2244 Videtur
714 2189 902 2260 itaque
936 2190 1134 2268 beatus
1164 2192 1505 2263 evangelista
1538 2195 1794 2266 principii
1818 2197 2030 2254 nomine

2147 2196 2403 2268 τυροῦσαι
2471 2195 2600 2266 περὶ
2663 2192 2821 2266 ἐμοῦ.
2859 2213 2878 2246 ι
2920 2193 3109 2248 Ἔοικε
3161 2193 3343 2246 τοίνυν
3387 2195 3416 2246 ὁ
3464 2193 3737 2264 μακάριος

448 2279 542 2335 hic
586 2288 914 2351 potestatem
965 2265 1136 2353 supra
1177 2283 1361 2338 omnia
1412 2285 1651 2354 positam
1704 2265 2030 2359 signiﬁcare,

2147 2265 2742 2358 EOECYTEMGT‘hCide‘hV
2769 2286 2979 2354 ἐνθάδε,
3007 2285 3106 2356 τὴν
3136 2285 3277 2339 κατὰ
3307 2285 3525 2339 πάντων
3579 2286 3735 2351 ἐξου-

446 2373 668 2432 Patrem
723 2376 1022 2438 nimirum,
1085 2385 1146 2432 ut
1197 2384 1254 2434 et
1306 2392 1473 2448 supra
1528 2381 1714 2433 omnia
1769 2382 2030 2438 collocata

2147 2381 2284 2446 σίαν,
2320 2379 2465 2434 τοῦτ’
2511 2379 2648 2442 ἔστι,
2677 2380 2769 2433 τὸν
2801 2380 3027 2450 Πατέρα
3069 2380 3378 2450 σημαίνεινο
3418 2378 3507 2432 ἵνα
3536 2378 3602 2448 δὴ
3641 2379 3739 2432 καὶ

443 2475 642 2520 natura
672 2465 858 2521 divina
892 2475 1190 2537 appareat,
1222 2482 1345 2537 qua:
1387 2468 1756 2541 quodcunque
1789 2481 2030 2529 creatum

2147 2473 2323 2527 in:de
2347 2473 2565 2526 πάντων
2591 2473 2624 2542 ἡ
2658 2471 2780 2526 θεία
2808 2471 3066 2543 φαίνηται
3097 2471 3278 2541 φύσις,
3310 2472 3417 2524 πᾶν
3449 2469 3587 2541 ὅπερ
3619 2470 3737 2523 ἐστὶ

444 2564 531 2613 est
568 2557 674 2614 sub
723 2557 960 2631 pedibus
997 2558 1192 2625 habet,
1230 2567 1284 2614 ct
1327 2559 1492 2615 rebus
1546 2575 1577 2614 a
1624 2577 1685 2618 se
1739 2563 1793 2617 in
1849 2580 2030 2620 rerum

2147 2565 2362 2636 γενητὸν
2407 2564 2512 2618 ὑπὸ
2530 2563 2696 2629 πόδας
2715 2563 2942 2634 ἔχουσα,
2964 2564 3245 2635 μονονουχὶ
3271 2563 3366 2617 καὶ
3393 2563 3734 2634 ἐποχουμένη

445 2659 702 2706 naturam
731 2650 900 2705 editis
939 2650 1341 2720 propemodum
1383 2651 1603 2708 insidet.
1644 2653 1703 2708 ln
1740 2654 1843 2710 hoc
1869 2655 2030 2726 igitur

2147 2660 2245 2722 ιοίς
2277 2657 2343 2711 δι’
2368 2657 2539 2726 αὐτῆς
2581 2658 2663 2720 εἰς
2727 2656 2788 2709 τὸ
2838 2652 2980 2708 εἶναι
3012 2655 3395 2726 κεκλημένοις.
3438 2656 3527 2706 Ἐν
3557 2654 3735 2728 ταύτῃ

447 2742 721 2813 principio
755 2743 902 2811 quod
937 2751 1023 2798 est
1055 2742 1111 2798 in
1143 2757 1338 2799 omnes
1368 2752 1424 2798 et
1465 2759 1635 2815 supra
1669 2761 1886 2811 omnes,
1917 2759 2030 2804 erat

2147 2750 2429 2823 τοιγαροῦν
2449 2753 2518 2822 τῇ
2550 2748 2715 2822 ἀρχῇ,
2750 2751 2818 2821 τῇ
2845 2748 2987 2802 κατὰ
3016 2751 3233 2801 πάντων
3265 2760 3359 2801 και
3380 2747 3472 2800 ἐπὶ
3499 2747 3730 2808 πάντας.

453 2833 710 2900 Verbum,
739 2849 849 2890 non
889 2849 1014 2889 cum
1051 2834 1312 2890 omnibus
1352 2835 1459 2892 sub
1495 2837 1727 2906 pedibus
1759 2839 1902 2908 ejus,
1936 2843 2030 2897 sed

2147 2839 2205 2914 ἣν
2234 2846 2262 2896 ό
2289 2843 2479 2912 Λόγος,
2508 2843 2568 2894 οὐ
2595 2840 2734 2912 μετὰ
2780 2840 2996 2892 πάντων
3036 2837 3139 2891 ὑπὸ
3187 2837 3355 2900 πόδας
3384 2836 3575 2906 αὐτῆς,
3613 2834 3734 2889 ἀλλ’

455 2930 610 2976 extra
641 2924 824 2978 omnia
856 2927 912 2980 in
942 2925 1063 2996 ipso
1096 2929 1448 2995 naturaliter,
1493 2945 1594 2984 ceu
1645 2931 1858 2987 fructus
1891 2949 2030 2989 eoa:-

2147 2920 2253 2986 ιξω
2277 2921 2492 2975 πάντων
2516 2920 2574 2979 ὲν
2608 2918 2744 2989 αὐτῇ
2772 2919 3036 2986 φυσικῶς,
3080 2918 3155 2981 ὡς
3189 2919 3400 2990 καρπὸς
3431 2919 3722 2982 συναῖδιος,

457 3020 684 3078 ternns,
721 3015 937 3082 locum,
982 3026 1042 3072 ut
1103 3019 1176 3074 ita
1240 3017 1452 3089 dicam,
1513 3020 1722 3080 habens
1777 3026 2030 3081 omnibus

2147 3007 2310 3063 τόπον
2334 3007 2522 3080 ὥσπερ
2541 3007 2679 3079 ἔχων
2703 3007 2812 3061 τῶν
2855 3009 3108 3062 ἁπάντων
3133 3008 3488 3080 ἀρχαιότερον
3513 3010 3610 3078 τὴν
3634 3007 3728 3061 τοῦ

455 3104 851 3174 antiquiorem,
911 3106 1094 3163 Patris
1154 3109 1414 3166 nimirum
1484 3120 1757 3168 naturam.
1825 3113 2030 3170 idcirco

2147 3102 2508 3173 γεννήσαντος
2536 3100 2718 3172 φύσιν.
2750 3102 2841 3156 Διὸ
2883 3100 2948 3173 δὴ
2995 3101 3089 3155 καὶ
3127 3101 3414 3174 ἐλεύθερος
3439 3103 3729 3173 ἐλευθέρου

451 3195 617 3252 etiam
664 3196 802 3252 liber
851 3199 1022 3255 libero
1054 3198 1216 3257 Patre
1247 3203 1502 3274 genitus,
1556 3204 1802 3261 universi
1857 3206 2030 3275 impe-

2149 3195 2362 3267 Πατρὺς
2385 3193 2665 3264 πεφυκὼς,
2692 3194 2792 3265 τὴν
2825 3192 2965 3248 κατὰ
3007 3193 3226 3247 πάντων
3254 3194 3429 3265 ἀρχὴν
3462 3195 3558 3248 σὺν
3581 3194 3731 3265 αὐτῷ

451 3284 594 3339 rium
632 3301 742 3342 una
780 3303 904 3342 cum
943 3289 1064 3359 ipso
1100 3291 1285 3348 habet.
1325 3291 1584 3358 Quaenam
1606 3309 1738 3364 ergo
1766 3294 1840 3349 sit
1874 3294 2030 3352 dein-

2149 3288 2499 3357 κεκτὴσεται.
2555 3287 2652 3352 Τίς
2703 3281 2797 3340 οὖν
2845 3287 2954 3357 ἄρα
3005 3285 3101 3340 καὶ¹
3133 3283 3229 3338 νῦν
3273 3287 3302 3338 ὁ
3331 3285 3426 3353 τῆς
3458 3285 3515 3336 έν
3549 3284 3731 3354 τούτῳ

451 3389 581 3445 ceps
627 3376 821 3434 horum
875 3381 1167 3437 verborum
1203 3391 1519 3449 structura,
1555 3400 1734 3456 operae
1783 3387 2020 3456 pretium

449 3473 536 3521 est
578 3467 1039 3526 animadvertere.
1095 3471 1356 3529 Nonnulli
1404 3475 1704 3541 audacter,
1758 3485 1819 3532 ut
1866 3487 2028 3535 antea

447 3555 710 3621 diximus,
743 3559 836 3616 Dei
863 3559 1104 3618 Verbum
1137 3573 1250 3619 tum
1288 3565 1526 3636 primum
1565 3567 1619 3622 in
1649 3583 1832 3624 rerum
1857 3579 2030 3626 rnatu-

446 3663 565 3702 ram
614 3648 824 3706 editum
874 3653 1233 3720 asserebant,
1295 3670 1420 3711 cum
1477 3667 1764 3728 assumpto
1823 3669 2030 3717 sanctae

445 3738 690 3812 Virginis
724 3743 931 3815 templo
959 3754 1184 3815 propter
1215 3761 1317 3802 nos
1349 3747 1530 3805 factus
1554 3758 1638 3804 est
1670 3749 1855 3805 homo.
1885 3751 2025 3818 Quid

441 3845 573 3900 ergo
615 3829 836 3885 demum
887 3831 1031 3896 erit,
1069 3834 1118 3888 si
1168 3841 1264 3888 aut
1303 3843 1525 3894 creatus
1567 3845 1661 3892 aut
1711 3836 1920 3902 factus,
1974 3849 2026 3896 et

440 3919 688 3988 ejusdem
729 3935 856 3975 cum
889 3921 1011 3977 aliis
1051 3923 1315 3979 omnibus
1352 3933 1582 3991 naturae,
1617 3926 1685 3982 de
1723 3928 1926 3998 quibus
1973 3939 2026 3984 et

439 4027 469 4062 e
513 4010 687 4064 nihilo
733 4011 977 4075 creatio,
1019 4023 1072 4067 et
1122 4013 1407 4070 servitutis
1447 4031 1648 4072 nomen
1683 4025 1739 4070 ct
1789 4033 1876 4072 res
1908 4017 2025 4088 ipsa

436 4101 562 4171 jure
600 4100 903 4156 dicuntur?
945 4102 1089 4167 Quid
1134 4103 1280 4158 enim
1328 4113 1576 4159 creatum
1625 4106 2026 4175 cunctipotenti

444 4193 553 4247 Deo
583 4191 794 4248 servire
823 4191 1049 4264 impune
1087 4193 1456 4251 detrectabit?
1487 4196 1629 4264 Quid
1659 4208 1840 4254 autem
1886 4216 2024 4256 cun-

440 4283 728 4353 ctipotenti
771 4283 1065 4356 principio,
1101 4287 1381 4356 potestati,
1420 4295 1476 4344 et
1513 4289 1879 4347 dominationi
1914 4308 2024 4349 non

335 4437 345 4448 ι
442 4377 784 4446 subjarebit,
842 4393 1006 4448 quam
1047 4379 1164 4450 ipse
1219 4379 1424 4436 alicubi
1475 4397 1699 4452 quoquc
1748 4382 2020 4454 signiticat

441 4468 703 4526 Salomon
738 4471 929 4528 dicens
963 4491 976 4526 :
1020 4490 1039 4523 ε
1081 4470 1216 4528 Cum
1242 4472 1463 4542 justitia
1493 4473 1642 4530 enim
1677 4483 2023 4546 prmparatur
2064 4503 2105 4558 ι)

439 4559 639 4616 solium
681 4564 972 4633 potestatis
1005 4563 1025 4592 ⁸
1058 4602 1072 4617 .
1111 4582 1130 4616 ι
1169 4562 1404 4621 Paratus
1435 4565 1582 4621 enim
1630 4573 1716 4623 est
1760 4567 2024 4638 praeclare

437 4653 504 4708 ad
529 4652 804 4722 justitiam
831 4656 922 4710 ille
960 4655 1197 4712 thronus
1235 4655 1357 4726 ejus
1391 4657 1652 4712 nimirum
1681 4674 1804 4730 quae
1853 4675 2021 4730 supra

437 4758 629 4799 omnes
665 4754 748 4799 est
788 4747 1102 4818 potestatis.
1159 4749 1226 4803 Et
1256 4748 1399 4824 quis
1432 4748 1522 4806 ille
1560 4749 1795 4807 thronus
1829 4753 1923 4820 sit,
1955 4751 2023 4806 de

437 4849 546 4904 quo
574 4834 666 4890 hic
701 4835 1004 4908 loquimur,
1032 4839 1158 4895 audi
1186 4838 1358 4896 Deum
1385 4857 1485 4912 per
1505 4825 1676 4897 unum
1703 4853 2018 4899 sanctorum

437 4925 710 4981 dicentem
761 4947 774 4982 :
833 4947 852 4981 ι
885 4929 1097 4986 Οωὶιιηι
1147 4931 1280 4986 mihi
1327 4932 1642 4991 thronus!)
1688 4935 1875 5007 Itaque
1924 4952 2019 5007 pa-

440 5023 618 5070 latum
654 5025 738 5072 est
773 5018 840 5073 ad
873 5019 1145 5088 justitiam
1174 5023 1402 5087 etelum,
1436 5024 1542 5079 hoc
1574 5033 1677 5092 est,
1710 5027 1803 5097 qui
1849 5029 2020 5082 caelos

439 5107 687 5161 incolunt
737 5110 911 5166 sancti
965 5112 1216 5183 spiritus.
1287 5113 1561 5180 Quoniam
1609 5131 1744 5188 ergo
1793 5133 2019 5173 necesse

433 5208 554 5254 erat
587 5201 836 5255 conﬁteri
874 5217 981 5256 una
1027 5219 1151 5258 cum
1189 5205 1313 5260 aliis
1345 5209 1634 5270 creaturis?
1661 5208 1860 5280 subjici
1908 5207 2020 5263 Deo

436 5309 499 5346 ac
537 5290 682 5349 Patri
723 5291 922 5348 Filium
946 5333 961 5358 ,
999 5305 1258 5364 tanquam
1301 5299 1487 5354 servili
1524 5300 1840 5355 conditione
1875 5316 2017 5371 prae-

434 5385 638 5449 ditum,
685 5396 738 5441 et
785 5385 1040 5456 principii
1091 5392 1346 5456 potestati
1527 5392 1755 5461 perinde
1801 5407 1863 5446 ac
1912 5393 2018 5447 alia

435 5477 738 5538 subditum.
769 5478 837 5541 si,
875 5484 933 5532 ut
963 5478 1043 5532 illi
1079 5479 1289 5546 volunt,
1319 5497 1450 5548 sero
1480 5483 1719 5555 genitus,
1741 5492 1795 5539 et
1824 5499 2015 5539 eorum

436 5571 528 5641 qui
585 5573 638 5626 in
689 5581 934 5638 tempore
985 5571 1116 5629 lacti
1151 5583 1282 5630 sunt
1339 5593 1482 5634 unus
1532 5585 1616 5634 cst
1653 5597 1665 5632 :
1700 5579 2018 5633 necessatio

524 5735 534 5756 '
571 5727 716 5782 Psal.
747 5744 858 5797 ctx,
894 5730 948 5786 3.
1029 5731 1049 5762 θ
1086 5727 1222 5786 Joan
1282 5750 1336 5801 ν,
1370 5733 1460 5790 59.
1542 5731 1562 5762 ³
1595 5729 1756 5786 Prov.
1797 5745 1908 5797 xw,
1947 5728 2036 5786 1‘2.

2149 3379 2496 3448 κατασκευῆς
2521 3379 2807 3449 γενήσεται
2837 3378 3013 3446 λόγος,
3035 3376 3323 3432 ἀκόλουθον
3348 3374 3597 3428 συνιδεῖν.
3617 3377 3728 3426 Ῥι-

2160 3467 2482 3539 ίιοκινδύνως
2513 3467 2677 3534 τινὲς,
2711 3467 2966 3540 καθάπερ
2990 3467 3198 3538 ἔφημεν
3227 3468 3284 3519 ὲν
3311 3467 3422 3528 τοῖς
3443 3463 3720 3533 ἀνωτέρω,

2159 3561 2240 3613 τὸν
2263 3560 2355 3612 τοῦ
2384 3559 2520 3613 Θεοῦ
2577 3559 2748 3629 Λόγον
2791 3558 2911 3613 τότε
2936 3558 3000 3629 δὴ
3024 3558 3239 3629 πρῶτον
3276 3559 3353 3620 είς
3373 3554 3434 3610 τδ
3461 3549 3597 3607 εἶναι
3633 3572 3726 3606 κε-

2151 3651 2377 3724 κλῆσθαι
2411 3650 2820 3722 διισχυρίζοντο,
2847 3651 2935 3704 ὅτε
2967 3650 3059 3706 τὸν
3095 3650 3161 3704 ὲκ
3194 3649 3295 3718 τῆς
3327 3645 3486 3715 ἁγίας
3514 3643 3726 3716 Παρθέ-

2148 3760 2241 3796 νου
2294 3742 2422 3796 ναδν
2468 3742 2671 3806 λαϐὼν,
2703 3740 2990 3813 ἄνθρωπος
3017 3741 3210 3808 γέγονε
3249 3739 3315 3792 δι’
3341 3738 3489 3808 ἡμᾶς
3519 3735 3607 3788 Τ.ί
3637 3729 3730 3787 οὖν

2150 3833 2216 3887 ἂν
2241 3834 2328 3904 εἴη
2379 3831 2586 3896 λοιπὸν,
2622 3832 2782 3903 εἴπερ
2835 3829 3133 3904 ᾖγενητὸς
3189 3829 3283 3882 καὶ
3337 3825 3727 3897 πεποιημένος,

2149 3926 2241 3980 καὶ
2267 3928 2379 3990 τοῖς
2405 3925 2586 3988 ἄλλοις
2615 3924 2818 3979 ἅπασιν
2858 3922 3124 3994 όμοφυὴς,
3158 3915 3238 3984 οἷς
3269 3918 3329 3986 ἐξ
3360 3919 3461 3972 οὐκ
3495 3917 3664 3971 ὄντων
3695 3915 3729 3984 ἡ

2147 4019 2379 4087 γένεσις,
2413 4017 2505 4071 καὶ
2541 4017 2602 4070 τὺ
2629 4017 2729 4086 τῆς
2756 4015 3000 4077 δουλείας
3033 4011 3206 4082 ὃνομά
3251 4027 3313 4064 τε
3362 4010 3458 4063 καὶ
3491 4009 3730 4079 πρᾶγμα

2145 4110 2371 4172 δικαίως
2398 4107 2826 4179 ὲπαληθεύεται;
2858 4106 2923 4159 Τί
2947 4103 3057 4175 γὰρ
3087 4103 3195 4156 τῶν
3221 4100 3604 4172 πεποιημένων
3632 4098 3733 4168 τὴν

2147 4202 2252 4255 ὑπὸ
2275 4201 2352 4274 τῷ
2388 4201 2605 4256 πάντων
2657 4197 2949 4270 κρατοῦντι
2989 4195 3109 4266 Θεῷ
3138 4194 3386 4247 δουλείαν
3434 4190 3733 4252 ἀκινδύνως

2147 4291 2548 4363 παραιτήσεται
2574 4307 2589 4357 ;
2648 4289 2700 4342 τί
2732 4288 2788 4342 δὲ
2813 4288 2910 4358 οὐχ
2936 4284 3205 4354 ὑποκύψει
3243 4285 3310 4355 τῇ
3339 4282 3481 4336 κατὰ
3516 4280 3733 4333 πάντων

2145 4389 2288 4458 ἀρχῇ
2318 4402 2378 4438 τε
2435 4383 2530 4437 καὶ
2580 4380 2823 4452 ἐξουσίᾳ.
2874 4380 2969 4432 καὶ
2999 4377 3301 4450 κυριότητι,
3342 4376 3408 4444 ἢν
3436 4373 3530 4426 και
3570 4371 3734 4433 αὐτός

2147 4495 2247 4531 που
2281 4473 2537 4547 σημαίνει
2564 4472 2738 4540 λέγων
2759 4473 2788 4526 ό
2819 4469 3070 4541 Σολομὼν
3085 4485 3103 4533 j
3143 4487 3160 4519 ι
3199 4464 3353 4521 Μετὰ
3383 4463 3492 4534 γὰρ
3531 4462 3738 4516 δικαιο-

2148 4571 2314 4638 σύνης
2375 4564 2724 4637 ὲτοιμὰζεται
2774 4562 2963 4633 θρόνος
3009 4563 3225 4632 ἁρχῆς;
3263 4575 3282 4610 ι
3315 4557 3574 4624 Ἕτοιμος
3623 4551 3737 4622 γὰρ

2147 4664 2241 4717 καὶ
2271 4661 2404 4715 πολὺ
2429 4659 2551 4712 λίαν
2588 4654 2870 4726 εὐπρεπὴς
2898 4655 2978 4718 είς
3007 4650 3398 4720 δικαιοσύνηνὸ
3427 4648 3527 4718 τῆς
3560 4645 3740 4715 ἀρχῆς

2147 4755 2356 4824 θρόνος,
2379 4754 2477 4822 τῆς
2505 4749 2600 4804 ἐπὶ
2627 4748 2833 4812 πάντας
2863 4746 3084 4818 δηλαδή.
3110 4745 3221 4799 Καὶ
3251 4744 3332 4806 τίς
3350 4740 3376 4792 ό
3400 4740 3587 4811 θρόνος
3610 4735 3745 4805 περὶ

2147 4833 2208 4895 οῦ
2247 4841 2343 4894 νῦν
2372 4841 2401 4894 ό
2429 4839 2604 4909 λόγος,
2636 4836 2802 4892 ἄκουε
2833 4836 3084 4903 λέγοντος
3113 4836 3208 4889 τοῦ
3241 4831 3375 4889 Θεοῦ
3396 4832 3462 4886 δι’
3485 4829 3602 4892 ἐνὸς
3628 4825 3743 4879 τῶν

2147 4933 2340 5002 ἁγίωνο
2380 4949 2398 4983 t
2446 4931 2504 4984 Ὀ
2561 4929 2791 5001 οὐρανός
2852 4944 2942 4999 μοι
2973 4929 3179 5000 θρόνος.
3220 4945 3238 4980 ι
3270 4922 3480 4980 Οὐκοῦν
3519 4920 3746 4988 ἕτοιμος

2122 5026 2226 5087 ἐίς
2254 5023 2596 5092 δικαιοσύνην
2627 5022 2656 5074 ὁ
2682 5020 2929 5094 οὐρανὸς,
2953 5019 3097 5074 τοῦτ’
3127 5019 3264 5082 ἐστι,
3282 5018 3369 5071 ,τὰ
3408 5018 3467 5070 ὲν
3490 5015 3601 5075 τοῖς
3642 5010 3747 5064 οὐ·-

2149 5119 2330 5190 ρανοῖς
2364 5115 2494 5186 ἁγια
2549 5116 2853 5187 πνεύματα.
2912 5113 3130 5185 Ἐπειδὴ
3187 5111 3367 5165 τοίνυν
3412 5105 3479 5180 ἦν
3523 5104 3744 5175 ἀνάγκη

2150 5208 2551 5279 συνομολογεῖν,
2580 5207 2719 5280 μετὰ
2740 5207 2848 5262 τῶν
2874 5206 3050 5263 ἄλλων
3079 5203 3400 5275 ποιημάτων
3418 5199 3711 5256 ὑποκεῖσθα
3725 5218 3747 5252 ι

2149 5301 2223 5374 τῷ
2244 5301 2362 5374 Θεῷ
2396 5301 2488 5356 καὶ⁹
2539 5301 2715 5375 Πατρὶ
2751 5299 2842 5354 τὸν
2898 5298 3049 5362 Υίδν,
3109 5297 3187 5361 ὡς
3235 5296 3508 5365 οἰκετικὴν
3547 5292 3748 5362 ἔχοντα

2147 5395 2318 5463 τάξιν,
2379 5395 2473 5451 καὶ
2519 5389 2624 5449 ὑπὸ
2673 5393 2773 5465 τὴν
2822 5392 2924 5462 τῆς
2991 5391 3165 5462 ἀρχῆς
3225 5388 3471 5454 ἐξουσίαν
3538 5381 3745 5451 ὁμοίως

2150 5481 2424 5542 πίπτοντα
2443 5469 2553 5558 τοῖς
2587 5485 2790 5550 ἄλλοις,
2843 5485 3004 5556 εἴπερ
3044 5484 3161 5537 ἐστὶ
3197 5481 3318 5536 κατ’
3349 5478 3588 5536 ἐκείνους
3613 5472 3742 5539 ὀψι-

2149 5581 2334 5652 γενὴς,
2366 5576 2586 5635 καὶτῶν
2615 5579 2672 5633 ὲν
2698 5576 2875 5650 χρόνῳ
2890 5574 3276 5648 πεποιημένων
3295 5565 3395 5632 εἷς’
3426 5562 3746 5634 ἀναγκαίως
