4064 6442
437 412 543 476 625

1391 410 1782 476 PANOPLIA
1818 408 2285 473 DOGMATICA.
2324 433 2390 447 ·-
2432 408 2584 471 ΤΙΤ.
2626 409 2734 471 XI.

3587 407 3693 470 626

428 552 457 603 6
489 548 759 620 μακάριος
801 547 1195 620 εὖαγγελιστὴς
1241 547 1568 621 δριμύτερον
1614 550 1728 613 τοῖς
1783 550 2005 622 ἑτεροδι-

2119 543 2315 599 beatus
2353 542 2693 615 evangelista
2721 541 2905 598 acrius
2934 540 3162 598 insultat
3204 542 3497 605 haereticis,
3527 550 3582 596 et
3628 545 3697 595 ab

427 641 789 696 δασκαλοῦσιν
818 642 1077 715 ὲπιττηδᾷ⁸
1133 642 1226 696 καὶ
1268 642 1514 708 δουλείας
1563 643 1660 714 μὲν
1688 643 1905 715 ἀπάσης
1932 645 2017 710 εξ-

426 735 572 788 ἐὶκει
600 734 692 788 τδν
726 733 892 790 Υίόν·
950 736 1015 790 ἐκ
1061 735 1118 790 δὲ
1171 736 1271 808 τῆς
1321 738 1611 811 ἐλευθέρας
1642 738 1738 793 καὶ
1794 739 2017 795 πάντων

424 826 704 897 ἀρχούσης
755 828 945 893 οὐσίας
987 829 1336 901 ἑκπεφηνότα
1373 831 1629 892 δεικνύει,
1657 833 1753 887 καὶ
1786 833 1845 887 ἐν
1874 833 2013 905 αὐτῇ

422 918 678 984 φυσικῶς
700 920 965 992 ὑπάρχειν
992 921 1347 995 ἰσχυρίζεται,
1375 923 1571 994 λέγων·
1591 925 1696 979 Ἐν
1728 923 1889 995 ἀρχῇ
1932 921 2014 994 ἦν

424 1010 459 1061 ὁ
493 1010 709 1077 Λόγος.

511 1097 826 1153 Ἑπιπλέκει
869 1100 927 1155 δὲ
984 1101 1063 1171 τῷ
1084 1103 1187 1172 τῆς
1231 1104 1427 1174 ἀρχῆς
1470 1104 1696 1177 ὀνόματι
1725 1108 2014 1179 χρησίμως

415 1188 485 1241 τὸ
516 1184 615 1258 ἦν,
646 1190 733 1243 ῑνα
762 1190 837 1262 μὴ
867 1191 1031 1262 μόνον
1058 1193 1307 1268 εὐκλεὴς,
1346 1196 1483 1251 ἀλλὰ
1520 1198 1712 1267 νοῆται
1759 1199 1852 1252 καὶ
1880 1217 2004 1268 προ-

416 1277 641 1345 αιὼνιος
664 1296 678 1310 ·
700 1280 937 1336 τέθειται
959 1282 1070 1356 γὰρ
1121 1287 1180 1339 ὲν
1202 1286 1413 1351 τούτοις
1452 1288 1512 1341 τὺ
1537 1284 1635 1358 ἦν,
1672 1290 1751 1353 είς
1786 1289 2009 1359 βαθεῖάν

411 1379 566 1470 1τινα,
601 1369 1131 1470 καὶ-ἀκαταληπτονὶ
1161 1376 1255 1470 διαὶ
1411 1376 1517 1441 ἔξω
1541 1377 1749 1470 χρόνων
1772 1379 2013 1451 ἄρρητον

410 1459 680 1543 ¹γέννησιν
700 1461 977 1516 ἀνατεῖνον
1036 1463 1132 1517 τοῦ
1181 1466 1514 1538 θεωροῦντος
1544 1469 1643 1541 τὴν
1680 1471 1907 1527 ἔννοιαν.
1938 1470 2013 1526 Τὸ

422 1550 533 1621 τὰρ
563 1547 661 1623 ἦν,
687 1553 1012 1624 ἀδιορίστως
1035 1556 1372 1630 ὲκφωνηθὲν,
1399 1563 1480 1627 είς
1511 1564 1663 1618 ποῖον
1682 1566 1818 1635 ἡμῖν
1837 1582 2008 1620 κατα-

417 1641 573 1715 λήξει
653 1644 841 1708 τόπον,
885 1645 971 1699 ἀεὶ
1022 1648 1376 1718 προελαύνειν
1430 1652 1525 1707 τοῦ
1569 1652 1853 1719 διώκοντος
1914 1656 2008 1711 νοῦ

420 1734 691 1803 πεφυκὸς,
730 1736 826 1789 καὶ
850 1737 918 1805 ἢν
944 1736 1124 1809 οἴηταί
1142 1756 1225 1804 τις
1254 1741 1398 1812 ἔχειν
1423 1743 1589 1799 αὑτοῦ
1604 1746 1705 1817 τὴν
1721 1747 2008 1801 κατάπαυ-

2116 633 2267 689 omni
2298 631 2523 703 quidem
2556 631 2823 689 servitute
2846 630 3045 686 Filium
3082 632 3349 701 vindicat,
3384 640 3438 688 et
3472 633 3543 687 ab
3572 647 3697 686 om-

2116 724 2397 795 nipotente
2448 723 2758 779 substantia
2810 737 3036 778 manare
3084 723 3360 789 ostendit,
3415 723 3473 778 in
3523 734 3699 792 eaque

2116 815 2446 869 naturaliter
2489 814 2671 884 ipsum
2726 812 2999 869 exsistere
3055 814 3280 881 asserit,
3333 814 3528 870 dicens
3568 831 3583 869 :
3628 812 3697 867 In

2112 906 2370 974 principio
2399 914 2516 960 erat
2564 902 2812 960 Verbum.

2190 1082 2450 1149 Principii
2477 1090 2659 1138 autem
2693 1082 2967 1139 vocabulo
3023 1082 3184 1149 illud,
3210 1093 3350 1146 erat,
3383 1081 3689 1153 subiungit,

2112 1180 2172 1227 ut
2198 1187 2306 1227 non
2349 1173 2528 1227 solum
2567 1172 2868 1242 gloriosus,
2907 1187 3097 1229 verum
3125 1172 3289 1228 etiam
3313 1181 3441 1229 ante
3486 1175 3693 1228 sarcula

2109 1264 2329 1335 genitus
2362 1264 2719 1336 intelligatur.
2756 1263 2893 1320 Illud
2924 1264 3105 1329 enim,
3150 1273 3300 1331 erat,
3333 1264 3424 1320 hic
3448 1266 3691 1335 positum

2111 1366 2234 1420 est,
2300 1369 2413 1425 quo
2474 1356 2902 1427 contemplantis
2962 1357 3183 1412 animus
3240 1356 3297 1412 in
3361 1357 3691 1427 profundam

2107 1447 2405 1518 quamdam
2450 1456 2507 1504 et
2543 1446 3190 1518 incomprehensibilem,
3240 1454 3299 1504 et
3360 1446 3691 1504 ineffabilem

2107 1554 2231 1609 quae
2259 1546 2464 1595 cuncta
2505 1549 2733 1610 superat
2763 1546 3013 1610 tempora
3058 1539 3473 1610 generationem
3506 1541 3692 1595 inten-

2107 1632 2293 1687 datur.
2332 1650 2351 1685 ι
2388 1631 2520 1687 Erat
2550 1649 2569 1684 ι
2596 1631 2766 1698 enim,
2799 1629 3086 1686 indeﬁnite
3118 1629 3418 1700 prolatum,
3446 1643 3689 1700 quonam

2108 1721 2163 1775 in
2212 1719 2334 1777 loco
2384 1733 2486 1775 nos
2536 1718 2728 1785 sistet,
2788 1729 2915 1774 cum
2976 1724 3399 1790 prosequentem
3455 1729 3691 1774 mentem

420 1844 529 1891 σιν,
554 1827 763 1898 ταύτην
781 1828 875 1883 τοῦ
900 1829 1157 1886 ἐπέκεινα
1184 1810 1387 1905 δρόμου
1426 1810 1750 1908 ποιούμενον
1782 1840 1960 1911 ἀρχήν
1982 1858 1998 1905 ;

2108 1818 2305 1866 natura
2330 1826 2431 1865 sua
2460 1825 2683 1882 semper
2708 1818 3034 1875 antevertat,
3065 1820 3122 1867 et
3150 1825 3315 1880 quam
3349 1810 3498 1867 illius
3530 1810 3692 1881 quie-

424 1939 445 1972 ι
482 1915 592 1974 Ἦν
642 1915 739 1975 οὖν
781 1922 809 1975 6
863 1921 1035 1991 Λόγος
1064 1924 1124 1977 ἑν
1162 1926 1327 1997 ἀρχῇ,
1362 1946 1381 1979 ι
1411 1929 1555 1983 τοῦτ’
1606 1930 1774 1996 ἔστιν,
1813 1931 1889 1995 ὡς
1943 1934 2004 1986 ὲν

417 2013 565 2083 ἀρχῇ
596 2014 661 2085 τῇ
688 2013 783 2066 ἐπὶ
810 2014 1010 2082 πάντα,
1036 2018 1133 2071 καὶ
1161 2016 1223 2082 ἐξ
1264 2019 1435 2091 αὐτῆς
1462 2021 1724 2093 ὑπάρχων
1754 2024 1999 2091 φυσικῶς

417 2104 482 2157 τὸ
503 2104 823 2158 δεσποτικὸν
850 2103 991 2175 ἔχων
1028 2105 1266 2180 ἀξίωμα.
1296 2111 1360 2164 El
1376 2111 1433 2165 δὲ
1457 2110 1616 2166 τοῦτο
1642 2113 1860 2187 ἀληθὲς,
1884 2116 2002 2180 πῶς

415 2196 502 2248 ἔτι
550 2196 801 2267 γενητὸς,
834 2198 868 2271 ἢ
901 2200 1304 2273 πεποιημένοςς
1342 2203 1517 2257 Ὅπου
1550 2205 1606 2258 δὲ
1646 2206 1780 2271 ὅλως
1808 2208 1869 2260 τὸ
1896 2207 1997 2275 ἦν,

416 2287 564 2340 κατὰ
584 2287 707 2341 τίνα
733 2290 936 2359 τρόπον
976 2290 1040 2345 τὸ
1095 2294 1217 2347 οὐκ
1270 2288 1346 2364 ἦν
1389 2296 1740 2368 εισσήσεταις
1778 2300 1812 2371 ἢ
1848 2302 2005 2353 ποῖον

419 2376 535 2441 ἔξει
559 2377 746 2433 λοιπὸν
770 2380 862 2435 τὸν
889 2383 1030 2438 κατὰ
1053 2383 1150 2438 τοῦ
1178 2384 1308 2439 Υίοῦ
1342 2389 1535 2454 τόπον;

587 2638 706 2693 Τοῦ
732 2637 923 2694 αὐτοῦ
950 2637 1019 2691 ἐκ
1049 2635 1156 2691 τοῦ
1180 2635 1316 2704 περὶ
1344 2634 1588 2703 Τρώδος
1625 2635 1836 2703 λόγου.

488 2729 663 2801 ΕΙπερ
693 2730 767 2802 μὴ
794 2725 863 2801 ἦν
904 2746 1032 2784 ποτε
1060 2730 1150 2783 ὅτε
1176 2728 1279 2783 οὐκ
1313 2723 1404 2798 ἦν,
1438 2726 1627 2798 φησιν,
1665 2726 1805 2782 ἀλλὰ
1832 2725 2001 2790 ἀιδιός

408 2823 622 2881 ἁστινό
646 2822 795 2890 Υἱὸς,
817 2822 913 2876 καὶ
934 2822 1270 2893 συνυπάρχει
1292 2819 1372 2891 τῷ
1398 2821 1597 2892 Πατρὶ,
1619 2820 1721 2875 οὐκ
1740 2818 1821 2875 In
1849 2819 2001 2886 Υίδν,

412 2917 532 2971 ιλλ*
566 2915 799 2986 ἀδελφὸν
828 2915 953 2980 λέγε
986 2914 1197 2983 τοῦτον,
1229 2915 1507 2970 συναωιον
1546 2911 1691 2969 εἶναι
1724 2913 2000 2982 λέγοντες,

410 3012 511 3065 καὶ
543 3011 678 3064 Υιδν
705 3005 847 3064 sive!
895 3027 1101 3081 φαμεν.
1154 3010 1221 3064 Ei
1245 3011 1346 3079 μιν
1372 3008 1468 3064 οὖν
1505 3008 1693 3073 ἁπλῶς
1716 3002 1787 3079 ἧν
1816 3006 2002 3061 συναι-

409 3106 548 3171 διος,
606 3105 704 3159 καὶ
757 3103 880 3176 οὐχὶ
912 3104 1064 3173 Υίδς,
1095 3103 1282 3176 χώραν
1331 3099 1481 3175 εῖχεν
1510 3102 1665 3175 ὑμῶν
1685 3103 1720 3173 ἡ
1746 3102 1997 3156 ὑπόνοια.

2104 1911 2211 1958 tem
2251 1917 2376 1959 esse
2416 1902 2734 1972 putaveris,
2780 1902 2924 1956 hanc
2966 1901 3253 1956 ulterioris
3289 1915 3492 1958 cursus
3524 1900 3693 1958 faciat

2103 1992 2354 2051 initium?
2390 2010 2411 2045 ι
2441 1992 2572 2048 Erat
2608 2012 2629 2045 ι
2662 1993 2831 2064 igitur
2868 2011 2887 2045 ι
2919 1992 3159 2049 Verbum
3209 1993 3266 2048 in
3313 1993 3622 2064 principio,
3664 2013 3685 2046 ι

2106 2087 2213 2143 hoc
2242 2095 2359 2151 est,
2405 2085 2461 2139 in
2496 2092 2771 2155 potestate
2802 2100 2925 2155 quae
2962 2093 3047 2140 est
3091 2099 3259 2155 supra
3293 2085 3497 2151 omnia,
3539 2093 3595 2139 et
3621 2101 3687 2141 ex

2105 2180 2222 2251 ipsa
2269 2180 2544 2235 exsistens
2598 2177 2964 2241 naturaliter,
3018 2173 3348 2245 Dominique
3398 2175 3689 2245 majestate

2103 2272 2415 2342 praditum.
2467 2269 2627 2337 Quod
2655 2268 2702 2323 si
2739 2269 2813 2322 ita
2844 2275 2964 2333 est,
3003 2268 3284 2338 quomodo
3316 2276 3541 2324 creatus
3590 2268 3660 2323 de

2108 2379 2259 2420 mum
2300 2372 2398 2417 aut
2443 2363 2623 2418 factus
2648 2361 2793 2415 erit?
2825 2357 2929 2415 Ubi
2954 2359 3194 2431 denique
3243 2359 3377 2415 illud
3424 2370 3544 2414 erat
3580 2360 3682 2414 ali-

2105 2469 2219 2527 quo
2241 2453 2404 2510 modo
2430 2470 2534 2509 non
2561 2459 2700 2516 erat,
2729 2450 2911 2512 inibit,
2941 2457 3037 2505 aut
3062 2466 3225 2521 quem
3252 2449 3476 2505 tandem
3503 2450 3685 2505 locum

2106 2545 2333 2603 habebit
2362 2544 2417 2599 in
2450 2541 2629 2597 Filio?

2430 2634 2686 2699 Eiusdem
2713 2652 2781 2691 ea:
2811 2636 2946 2691 libro
2984 2637 3048 2689 de
3080 2636 3366 2693 Triuitate.

2180 2724 2240 2781 Si
2287 2741 2568 2797 nunquam
2604 2725 2730 2793 fuit,
2758 2728 3034 2797 inquiunt,
3084 2744 3208 2782 cum
3248 2744 3358 2784 non
3390 2740 3556 2793 esset.
3587 2732 3685 2787 sed

2110 2818 2369 2888 proprius
2398 2827 2485 2875 est
2508 2817 2704 2884 Filius,
2725 2827 2779 2874 et
2805 2820 2970 2875 simul
2989 2820 3204 2877 exsistit
3231 2835 3356 2877 cum
3385 2822 3563 2888 Patre,
3589 2838 3687 2878 cur

2107 2911 2284 2969 Filius
2337 2926 2403 2968 ac
2434 2925 2545 2967 non
2590 2910 2762 2967 frater
2801 2913 2983 2982 potius
3008 2913 3353 2982 appellatur?
3391 2912 3530 2969 Eum
3559 2930 3686 2969 eum

2108 3002 2269 3059 Patre
2324 3010 2588 3059 internum
2642 3003 2924 3070 dicentes,
2966 3003 3165 3059 Filium
3205 3004 3374 3060 etiam
3427 3003 3687 3059 dicimus.

2107 3097 2166 3153 Si
2198 3107 2463 3152 internum
2490 3097 2661 3170 igitur
2682 3098 2849 3153 simul
2872 3112 2997 3153 cum
3037 3095 3198 3153 Patre
3223 3097 3551 3162 diceremus,
3578 3114 3685 3151 non

422 3197 647 3268 Ἐπειδὴ
677 3198 735 3251 δὲ
772 3198 911 3269 πρὸς
960 3197 1040 3270 τῷ
1085 3198 1243 3268 ἀϊδίῳ
1295 3198 1393 3252 καὶ
1442 3196 1576 3252 Υἱδν
1604 3195 2000 3267 ὁμολογοῦμεν,

2108 3201 2286 3249 autem
2324 3191 2545 3258 Filium,
2570 3190 2754 3247 locum
2792 3190 3017 3246 haberet
3046 3198 3227 3247 vestra
3256 3188 3521 3262 suspicio.
3550 3189 3687 3247 Cum

410 3291 532 3355 πῶς
558 3291 586 3344 6
614 3289 744 3356 Υίδς
772 3290 1003 3359 ἀδελφός
1029 3292 1149 3344 ἐστι
1185 3289 1283 3345 τοῦ
1319 3292 1719 3361 γεννήσαντος;

400 3542 410 3561 ,
860 3487 962 3543 Ἐκ
995 3489 1102 3543 τοῦ
1138 3490 1329 3544 αὐτοῦ
1361 3492 1571 3558 λόγου.

482 3584 662 3650 Eii-rep
700 3584 734 3653 ἡ
765 3582 950 3645 πίστις
976 3582 1136 3653 ἡμῶν
1186 3583 1267 3645 είς
1314 3583 1533 3653 Πατέρα
1580 3585 1677 3638 καὶ
1707 3582 1838 3638 Υίόν
1863 3584 2001 3651 ἐστι,

442 3676 531 3728 καὶ
561 3676 693 3731 οὕτω
724 3674 1127 3746 βαπτιζόμεθα,
1192 3676 1321 3730 ποία
1379 3677 1679 3748 ἀδελφότης
1734 3679 1796 3731 ἐν
1824 3676 2003 3747 τούτῳ

435 3768 763 3840 φαίνεται;ἣ
796 3768 913 3833 πῶς
948 3772 976 3822 ὁ
1007 3769 1182 3837 Λόγος
1215 3770 1446 3840 ἀδελφὸς
1483 3768 1627 3825 εἶναι
1660 3769 1885 3825 δύναται
1938 3764 2002 3825 οὗ

419 3861 532 3914 ἐστι
568 3861 744 3930 Λόγος
769 3878 785 3927 ;

1040 3974 1148 4030 Kal
1181 3973 1377 4028 τοῦτο.

491 4069 611 4122 Οὐκ
648 4068 711 4122 ἐκ
738 4085 883 4132 τινος
915 4068 1090 4139 ἀρχῆς
1130 4065 1599 4138 προϋπαρχούσης
1632 4068 2003 4140 ἐγεννήθησαν

414 4164 445 4215 6
475 4164 671 4234 Πατὴρ
730 4168 824 4220 καὶ
878 4167 906 4218 6
938 4164 1089 4228 Υἱὸς,
1128 4164 1216 4216 ἵνα
1265 4163 1359 4216 καὶ
1384 4163 1607 4232 ἀδελφοὶ
1646 4161 2001 4232 νομισθῶσιν,

411 4254 532 4307 ἀλλ’
567 4257 596 4307 6
622 4255 815 4325 Πατὴρ
865 4254 1011 4325 ἁρχὴ
1072 4252 1169 4306 τοῦ
1200 4252 1355 4317 Υίοῠ,
1402 4254 1499 4306 καὶ
1528 4255 1705 4307 τίκτει
1728 4252 1819 4307 τὸν
1850 4254 2000 4318 Υίδν,

414 4347 511 4399 καὶ
542 4345 694 4414 μένει
728 4346 942 4416 Πατὴρ,
984 4347 1079 4399 καὶ
1110 4346 1207 4413 οὐχ
1259 4345 1389 4409 Υἱός
1431 4362 1575 4408 τινος
1622 4346 1873 4414 λέγεται⁸
1906 4347 2005 4399 καὶ

415 4439 446 4488 6
481 4438 609 4500 Υίδς
642 4438 756 4501 υἱός
787 4439 927 4503 ἐστι,
964 4439 1057 4490 καὶ
1079 4439 1216 4507 ὅπερ
1245 4439 1365 4489 ἐστὶ
1403 4440 1580 4507 μένει,
1610 4441 1706 4490 καὶ
1727 4438 1827 4491 οὐκ
1852 4438 2006 4491 ἀδελ-

2104 3297 2287 3342 autem
2349 3286 2555 3357 pariter
2607 3294 2660 3339 et
2712 3291 3001 3351 internum,
3033 3293 3091 3338 et
3140 3282 3336 3337 Filium
3395 3281 3686 3345 fateamur,

2104 3377 2384 3451 quomodo
2415 3376 2588 3435 Filius
2622 3378 2888 3449 genitoris
2912 3376 3083 3432 frater
3119 3390 3243 3432 esse
3280 3374 3478 3447 queat?

2554 3491 2621 3547 Et
2645 3492 2756 3547 haec
2778 3508 2844 3545 ea:
2873 3492 3054 3547 eodem
3087 3491 3246 3546 libro.

2180 3587 2238 3642 Si
2272 3586 2406 3643 fides
2438 3594 2625 3641 nostra
2652 3586 2706 3640 in
2731 3587 2947 3641 Patrem
2972 3594 3027 3637 et
3050 3581 3248 3639 Filium
3281 3590 3387 3648 est,
3420 3592 3585 3651 atque
3611 3581 3684 3634 ita

2108 3682 2482 3751 baptizamur,
2512 3694 2762 3753 quaenam
2791 3678 2883 3733 hic
2917 3677 3269 3741 fraternitas,
3293 3682 3354 3730 ut
3384 3676 3457 3729 ita
3485 3674 3687 3737 dicam,

2106 3773 2369 3843 apparet?
2402 3775 2511 3827 Aut
2544 3770 2823 3841 quomodo
2856 3767 3097 3824 Verbum
3151 3771 3320 3823 frater
3350 3781 3473 3824 esse
3503 3772 3684 3835 potest

2106 3865 2277 3930 illius,
2305 3863 2467 3934 cujus
2494 3871 2578 3920 est
2600 3860 2879 3919 Verbum?

2780 3974 2849 4029 Et
2877 3977 2987 4031 lucc

2178 4072 2296 4128 Non
2350 4088 2417 4127 ex
2469 4072 2583 4127 ullo
2620 4058 2982 4125 antecedente
3025 4065 3296 4137 principio
3332 4063 3498 4137 geniti
3556 4071 3688 4118 sunt

2108 4167 2267 4222 Pater
2291 4174 2345 4221 et
2376 4166 2573 4232 Filius,
2601 4170 2662 4219 ut
2696 4163 2895 4218 fratres
2915 4162 3078 4218 etiam
3112 4160 3329 4231 possint
3352 4157 3680 4216 existimari.

2109 4262 2215 4319 Sed
2244 4262 2406 4317 Pater
2436 4271 2523 4317 est
2553 4260 2677 4316 Filii
2718 4258 3071 4330 principium,
3110 4267 3163 4313 et
3194 4254 3395 4310 Filium
3430 4254 3596 4323 parit,
3630 4262 3686 4306 ct

2109 4364 2291 4408 manet
2328 4353 2512 4415 Pater,
2550 4366 2653 4406 nec
2682 4350 2850 4406 ullius
2881 4364 3002 4405 esse
3038 4347 3213 4403 Filius
3240 4348 3461 4402 dicitur.
3510 4343 3685 4397 Filius

2108 4447 2235 4499 item
2292 4443 2465 4499 Filius
2511 4451 2621 4507 est,
2665 4451 2722 4497 et
2773 4441 2920 4511 quod
2966 4448 3051 4496 est
3099 4449 3303 4505 manet,
3358 4455 3459 4494 nec
3514 4438 3687 4491 frater

416 4530 522 4597 φός
547 4545 692 4591 τινος
717 4530 859 4583 κατὰ
904 4530 1071 4599 φύσιν
1103 4530 1345 4597 λέγεται,
1389 4530 1544 4582 ποῖον
1572 4527 1666 4582 οὖν
1695 4529 1812 4594 ἕξει
1838 4530 2004 4583 τόπον

2113 4536 2444 4604 cuiusquam
2498 4545 2695 4589 natura
2730 4532 2955 4589 dicitur.
3006 4531 3144 4598 Quis
3169 4531 3335 4599 igitur
3367 4531 3423 4585 in
3459 4530 3547 4585 his
3580 4529 3689 4583 fra-

415 4619 724 4691 ἀδελφότης
756 4621 816 4673 ἐν
848 4621 1059 4682 τούτοις
1082 4635 1097 4685 ἷ

1040 4735 1150 4791 Καὶ
1182 4734 1380 4789 τοῦτο.

498 4829 559 4881 Ei
588 4828 792 4892 τέλειος
813 4829 841 4880 6
868 4827 1080 4898 Πατὴρ,
1114 4830 1320 4882 τέλειον
1341 4830 1497 4885 ἔσται
1531 4831 1625 4884 καὶ
1649 4830 1707 4881 τὸ
1733 4828 1791 4893 ἐξ
1814 4828 2005 4882 αὑτοῦ.

426 4922 538 4974 Καὶ
569 4922 619 4974 ει
669 4922 804 4991 πρὸς
832 4921 1007 4992 τούτῳ
1035 4921 1095 4974 τὸ
1145 4920 1318 4976 ἀΐδιον
1349 4922 1488 4993 ἔχει,
1523 4923 1693 4977 ἀΐδιον
1724 4923 1879 4977 ἔσται
1913 4924 2006 4975 καὶ

425 5011 576 5078 τδὲξ
630 5014 801 5066 ἀϊδίου
856 5014 1091 5081 Πατρός,
1152 5014 1253 5067 οὐκ
1307 5015 1756 5087 ὲπισυμόεὕηκὸς
1805 5018 1871 5086 τῇ
1912 5014 2005 5067 τοῦ

424 5107 787 5176 γεννήσαντος
810 5105 990 5179 οὐσίᾳ,
1018 5105 1133 5160 ἀλλ’
1165 5107 1254 5159 ἀεὶ
1305 5108 1659 5178 συνυπάρχον
1691 5109 1854 5177 αὐτῇ,
1912 5109 2006 5160 καὶ

422 5196 524 5247 οὐκ
576 5196 765 5260 ἀτελὲς
803 5196 894 5249 διὰ
945 5197 1010 5249 τὸ
1044 5196 1104 5250 ἐν
1129 5197 1309 5268 χρόνῳ
1367 5197 1624 5265 γενέσθαι
1659 5202 1801 5253 κατά
1828 5215 2001 5261 τινας,

423 5287 557 5340 ἀλλὰ
584 5289 791 5341 τέλειον
812 5288 906 5342 διὰ
942 5288 1002 5343 τὸ
1039 5288 1148 5358 πρὸ
1172 5290 1373 5354 παντὸς
1413 5286 1555 5342 εἶναι
1582 5290 1794 5360 χρόνου.

1035 5488 1146 5541 Καὶ
1187 5488 1385 5543 τοῦτο.

509 5575 808 5639 ’Δντίθεσις
866 5579 969 5631 οὐκ
1017 5579 1226 5651 ἀληθὴς
1270 5581 1603 5651 ἀνατρέπειν
1651 5583 1883 5639 δοκοῦσα
1908 5585 2005 5639 τοῦ

425 5667 559 5720 Υιοῦ
591 5668 653 5721 τὺ
684 5667 858 5723 ἀΐδιον
880 5670 1078 5735 οὕτως.
1112 5674 1175 5726 Εί
1207 5674 1385 5743 τομήν
1424 5692 1592 5744 φησιν
1626 5676 1659 5746 ἡ
1701 5675 1824 5731 θεία
1846 5677 2005 5746 φύσις

423 5761 523 5813 οὐκ
555 5760 888 5829 ἐπιδέχεται,
921 5762 1008 5815 διὰ
1038 5764 1097 5817 τὸ
1127 5765 1202 5833 μὴ
1226 5760 1364 5817 εἶναι
1394 5766 1603 5830 πάθους
1625 5767 1874 5837 δεκτική.
1908 5764 2004 5833 Οἷς

423 5856 531 5924 γὰρ
556 5855 616 5908 τὸ
657 5854 890 5926 πάσχειν
918 5858 1061 5912 κατὰ
1112 5860 1273 5927 φύσιν
1309 5859 1566 5931 ὑπάρχει,
1618 5862 1829 5927 τούτοις
1856 5863 2002 5917 ἐστιν

2111 4628 2352 4682 ternilali
2381 4628 2578 4683 locus?

2782 4739 2848 4792 Et
2879 4739 3011 4805 Iure.

2184 4832 2237 4886 Si
2269 4831 2545 4901 perfectus
2567 4843 2653 4888 est
2686 4834 2866 4897 Pater,
2903 4831 3208 4902 perfectum
3235 4839 3340 4885 erit
3369 4841 3423 4885 et
3448 4829 3593 4899 quod
3620 4845 3687 4883 ex

2111 4926 2230 4995 ipso
2268 4933 2371 4980 est.
2408 4923 2468 4979 Si
2495 4934 2732 4979 aeternus
2764 4935 3023 4994 praetcrea
3056 4932 3165 4986 est,
3199 4930 3460 4976 internum
3496 4924 3603 4976 erit
3636 4928 3691 4974 et

2109 5018 2184 5081 id,
2237 5019 2381 5088 quod
2438 5036 2501 5072 ex
2553 5016 2716 5073 Patre
2748 5027 2955 5073 aeterno
3013 5024 3117 5072 est.
3176 5014 3361 5087 Neque
3416 5016 3692 5087 gignentis

2110 5110 2427 5178 adjunctum
2464 5112 2743 5177 essentia,
2770 5112 2861 5166 sed
2893 5127 3017 5165 enm
3051 5111 3168 5182 ipsa
3200 5110 3363 5167 simul
3392 5094 3707 5172 exsistens,‘

2116 5217 2243 5266 nec,
2278 5213 2334 5255 ut
2384 5202 2608 5271 quidam
2643 5205 2851 5266 volunt,
2910 5204 3290 5274 imperfectum
3341 5203 3471 5267 erit,
3505 5208 3692 5268 utpote

2114 5291 2320 5347 factum
2349 5293 2402 5347 in
2436 5301 2681 5362 tempore
2723 5294 2814 5349 sed
2847 5293 3177 5364 perfectum,
3201 5293 3346 5363 quod
3378 5301 3508 5345 ante
3527 5300 3691 5342 omne

2107 5394 2320 5453 tempus
2351 5386 2607 5440 exsistat.

2790 5498 2853 5553 Et
2886 5503 3016 5555 ha'c.

2182 5591 2541 5661 Argumenta,
2598 5594 2801 5662 quibus
2854 5592 2975 5646 Filii
3011 5596 3279 5645 conantur
3325 5586 3687 5642 eternitatem

2107 5693 2371 5742 evertere.
2426 5684 2561 5741 falsa
2614 5698 2764 5739 sunt.
2804 5682 2859 5736 Si
2898 5683 3101 5744 divina,
3158 5681 3438 5745 inquiunt,
3490 5689 3687 5733 natura

2107 5778 2282 5829 secari
2318 5793 2425 5830 non
2483 5786 2680 5848 potest,
2736 5776 2860 5842 quia
2905 5775 2957 5827 in
3017 5774 3161 5827 illam
3213 5766 3531 5829 atl‘cictiones
3582 5789 3690 5826 non

2111 5868 2336 5922 cadunt.
2369 5867 2500 5934 Quae
2553 5870 2699 5924 enim
2761 5878 2960 5924 natura
3014 5868 3335 5925 aﬂ‘ecnones
3372 5869 3692 5933 admittunt,
