4064 6394
492 305 602 375 635
1726 309 1932 370 EUI‘H
1944 310 2113 371 YMII
2154 310 2516 373 ZIGABENI

3653 321 3766 387 636

494 422 673 479 divina
708 420 926 488 seditio,
952 421 1105 483 nulla,
1144 436 1320 492 pugna
1366 434 1489 477 csse
1518 430 1718 490 potest,
1762 424 1857 477 sed
1887 427 2068 494 potius

2175 426 2335 480 κείων
2368 426 2599 489 παίδων,
2626 424 2739 496 ἔχει
2763 422 2885 478 τινὰ
2905 416 3219 494 λόγον’ῐσως
3248 424 3276 478 6
3304 425 3539 490 τοιοῦτος
3567 427 3761 498 θυμός⁸

494 522 737 584 apparet,
761 512 957 568 Filium
990 529 1202 584 semper
1231 514 1471 568 tribucre
1493 515 1716 583 gloriam
1752 515 1923 580 Patri,
1954 534 2072 584 quae

2177 519 2224 569 εἰ
2253 516 2308 570 δὲ
2341 514 2651 581 στασιάζειν
2686 515 2807 569 καθ’
2840 516 3039 586 ἑαυτῆς
3070 517 3101 587 ή
3135 515 3256 568 θεία
3288 516 3449 584 φύσις
3486 518 3586 570 οὐκ
3630 515 3761 583 οἶδε,

492 608 630 661 ratio
668 616 773 671 est,
804 616 857 659 ιιι
893 603 1128 669 Patrem,
1166 622 1274 675 quo
1309 605 1502 660 Filium
1538 607 1769 666 tolleret.
1806 625 1866 660 ea
1908 611 2074 665 verba

2176 608 2427 677 φαίνεται
2463 609 2519 661 δὲ
2549 607 2754 679 μᾶλλον
2788 609 2814 660 ὁ
2854 607 2982 671 Υἱὸς
3018 607 3105 659 ἀεὶ
3135 605 3214 676 τῷ
3244 606 3425 678 Πατρὶ
3463 606 3561 677 rip}
3594 606 3756 673 δόξαν

493 697 691 752 dixisse
736 697 1094 766 suspicemur,
1132 712 1195 750 ac
1229 714 1333 752 non
1384 698 1581 767 potius,
1623 710 1679 751 ut
1731 700 1894 753 falsos
1943 702 2072 753 deos

491 799 757 844 everteret
795 791 865 841 ita
896 791 1132 842 locuttttn
1164 805 1284 844 esse
1318 790 1627 844 fateamur?
1706 790 1888 857 Quid?
1918 791 2070 857 Quod

493 883 772 949 Servator,
834 900 955 938 cntn
1028 884 1255 939 dixisset
1287 902 1299 938 :
1363 884 1431 938 Ut
1470 896 1787 956 cognoscant
1820 900 1867 939 te
1893 904 2079 940 verum

493 975 676 1034 Deum.
702 979 767 1029 de
796 992 854 1037 se
873 978 1057 1035 statim
1081 977 1299 1047 subiicit
1327 997 1339 1032 :
1368 977 1434 1032 Et
1462 996 1612 1049 quem
1638 980 1855 1046 misisti,
1885 977 2070 1034 Iesum

461 1037 789 1135 itiltristutn,
834 1078 892 1123 ut
922 1067 1011 1137 qui
1055 1084 1157 1122 non
1191 1068 1261 1122 sit
1295 1084 1324 1121 a
1353 1068 1531 1124 Patris
1580 1073 1815 1127 essentia
1846 1086 2068 1141 separa-

463 1154 595 1223 'ttts,
643 1170 903 1228 quantum
947 1160 1012 1210 ad
1070 1160 1366 1213 divinitatis
1407 1162 1669 1218 rationem
1711 1159 1934 1227 attinet,
1975 1162 2069 1216 sed

487 1261 698 1316 semper
730 1263 851 1300 cunt
876 1245 1032 1301 Patre
1070 1249 1430 1317 coniunctus?

450 1370 471 1435 ὲ

488 1541 573 1595 E1:
611 1543 791 1599 eodem
826 1544 964 1600 libro
997 1551 1051 1604 in
1096 1549 1373 1673 illaOt'zrba
1399 1565 1421 1604 :
1447 1569 1483 1611 t,
1512 1552 1683 1613 Iesus
1710 1567 1889 1612 autem
1908 1526 2071 1627 {treﬁ-

1164 1638 1241 1673 cte
1280 1636 1358 1673 at.
1397 1641 1412 1673 ι

1164 1636 1358 1675 creoat.
1397 1641 1412 1674 I

565 1707 715 1772 Quod
749 1708 801 1762 in
826 1709 1003 1780 aliqua
1054 1726 1112 1767 re
1146 1704 1478 1780 proiicit,ab
1507 1717 1594 1769 illa
1640 1719 1913 1777 diversum
1962 1728 2066 1774 est.

2173 700 2486 763 ἀποδιδοὺς,
2523 704 2672 754 ποῖον
2706 700 2821 771 ἔχει
2862 700 3019 767 λόγον
3042 699 3103 753 τὸ
3135 701 3216 763 εις
3262 699 3545 769 ἀναίρεσιν
3588 699 3758 753 αὑτοῦ

2172 792 2399 846 τοιαῦτα
2425 794 2591 862 φάναι
2618 794 2709 846 τὸν
2741 794 2995 863 Πατέρα;
3029 791 3239 845 Οὐκοῦν
3276 792 3412 861 πρὸς
3446 794 3766 865 ἀνατροπὴν

2177 885 2378 954 μᾶλλον
2414 886 2522 938 τῶν
2553 885 2929 955 ψευδωνύμων
2972 886 3109 938 θεῶν
3142 885 3395 956 εἰρῆσθαι
3428 886 3498 939 τὰ
3532 887 3765 940 τοιαῦτα

2172 977 2439 1045 δώσομεν.
2495 973 2628 1030 Εἶτα
2664 978 2800 1047 πρὸς
2849 976 3060 1040 τούτοις
3102 977 3279 1046 λέγων
3314 977 3341 1028 6
3375 977 3590 1050 Σωτὴρ,
3623 980 3766 1033 Ἵνα

2172 1066 2515 1136 γινώσκωσι
2544 1082 2618 1121 σε
2648 1068 2755 1122 τὸν
2799 1069 2995 1136 μόνον
3030 1068 3326 1135 ἀληθινὸν
3356 1068 3529 1130 Θεὸν,
3567 1071 3765 1123 ἑαυτὸν

2170 1158 2335 1221 εὐθὺς
2375 1159 2663 1220 συνάπτει,
2698 1158 2904 1214 Καίηὸν
2932 1159 3304 1225 ἀπέστειλας
3337 1159 3588 1227 Ἰησοῦν
3627 1162 3765 1225 Χρι-

2170 1252 2343 1315 στὸν,
2402 1251 2478 1313 ὡς
2527 1252 2626 1320 τῆς
2672 1250 2768 1303 τοῦ
2812 1248 3027 1323 Πατρδς
3068 1250 3255 1313 οὐσίας
3288 1251 3597 1321 ἀδιαίρετος
3653 1250 3761 1315 ῶν,

2168 1348 2295 1401 ὅσον
2319 1340 2455 1416 ἧκεν
2481 1346 2560 1407 είς
2596 1344 2852 1415 θεότητος
2880 1345 3058 1414 λόγον,
3087 1346 3181 1399 καὶ
3214 1345 3429 1408 πάντως
3460 1348 3600 1410 μετὰ
3645 1346 3761 1399 Πα-

2169 1457 2199 1492 τ
2207 1439 2298 1510 ρὸς
2325 1437 2447 1492 νοού
2455 1455 2636 1508 μενος.

2175 1550 2287 1606 Τοῦ
2308 1550 2493 1607 αὐτοῦ
2512 1549 2759 1613 ,βιϐλίου
2789 1552 2877 1615 εις
2899 1548 2992 1603 τό·
3027 1569 3045 1602 t
3069 1548 3308 1617 Ἰησοῦς
3341 1550 3699 1617 apostemata.
3732 1568 3753 1600 ε

2244 1712 2317 1764 Τὸ
2356 1713 2413 1764 ἔν
2456 1728 2560 1763 τινι
2608 1710 2919 1779 προκόπτον
2958 1710 3145 1779 ἔτερόν
3190 1712 3309 1763 ἐστι
3364 1709 3498 1776 παρ’
3551 1712 3752 1771 ἐκεῖνο,

490 1797 670 1864 Quare
719 1800 766 1853 si
813 1801 865 1853 in
916 1802 1182 1871 sapientia
1229 1805 1494 1872 proﬁcere
1547 1808 1767 1871 dicitur,
1814 1824 1921 1865 non
1958 1812 2069 1877 ipsa

2175 1804 2229 1857 ὲν
2258 1796 2303 1871 ᾧ
2331 1804 2668 1873 προκόπτειν
2699 1802 2939 1869 λέγεται.
2983 1802 3044 1853 Ei
3083 1801 3264 1854 τοίνυν
3311 1804 3368 1854 ὲν
3411 1803 3572 1874 σοφίᾳ
3613 1819 3754 1873 προ-

492 1891 777 1946 crescebat
806 1893 1095 1962 sapientia,
1129 1897 1220 1949 sed
1254 1896 1304 1955 in
1336 1912 1398 1950 ea
1431 1899 1705 1954 crescebat
1735 1900 1854 1971 ejus
1882 1901 2073 1954 huma-

490 1982 651 2036 nitas.
698 1985 831 2037 Cutn
869 1986 1011 2038 enim
1046 1987 1289 2055 quotidie
1343 1990 1511 2058 magis
1558 1991 1607 2044 in
1656 1992 1775 2059 ipso
1817 1994 2071 2047 divinitas

490 2072 768 2139 pateﬁeret
795 2084 846 2129 et
880 2077 1272 2143 declararctur,
1310 2082 1422 2148 ipse
1463 2096 1677 2152 semper
1701 2085 2073 2140 admirabilior

490 2164 869 2231 spectantibus
904 2168 1210 2224 videbatur.
1265 2170 1377 2225 Hoc
1421 2183 1601 2228 autem
1635 2172 1943 2245 signiﬁcant
1982 2177 2073 2231 illa

490 2258 656 2309 verba
690 2266 706 2310 ξ
750 2255 1073 2324 Proﬁciebat
1103 2262 1156 2314 in
1194 2264 1535 2326 sapientia'.

1034 2350 1101 2406 In
1125 2354 1307 2408 eadem
1340 2358 1513 2415 verba.

564 2444 620 2497 In
669 2446 933 2514 sapientia
970 2448 1292 2516 proficiebat
1340 2452 1652 2509 humanitas
1700 2454 1811 2510 hoc.
1856 2457 2013 2515 modo
2051 2475 2069 2514 :

492 2538 769 2608 Sapientia
791 2540 867 2610 (id
903 2551 986 2596 est
1018 2542 1111 2597 Dei
1144 2541 1409 2613 Verbum)
1444 2546 1683 2603 hominis
1710 2556 1959 2603 naturam
1988 2551 2069 2603 in-

491 2633 620 2684 aluta
672 2631 831 2687 faelis
871 2640 925 2687 et
970 2634 1227 2703 operibus
1274 2638 1609 2695 admirandis
1642 2640 1901 2711 templum
1936 2657 1967 2696 a
2012 2658 2072 2697 se

491 2723 784 2789 delectum,
816 2733 869 2780 et
903 2736 1239 2796 assumptum
1271 2729 1442 2784 oculis
1466 2730 2067 2815 intueptiumodivinnm

493 2817 750 2883 reddens,
780 2818 1047 2887 proiicere
1096 2819 1348 2875 faciebat.
1411 2821 1586 2893 Atque
1640 2824 1715 2879 ita
1761 2826 2072 2883 humanitas

495 2906 676 2963 divina
711 2924 807 2979 per
837 2911 1161 2981 sapientiam
1192 2911 1383 2968 effecta
1414 2914 1752 2984 proficiebat.

1169 3089 1241 3145 Et
1270 3090 1402 3147 hac.

564 3179 832 3246 Quoniam
862 3195 1115 3238 crescere
1160 3189 1346 3247 carnis
1384 3197 1471 3247 est
1500 3191 1804 3261 proprium,
1847 3190 1903 3246 in
1951 3190 2066 3262 ipsa

494 3272 696 3327 dicitur
740 3288 1013 3343 crescere,
1060 3277 1213 3345 cujus
1250 3278 1573 3337 affectiones
1618 3282 1864 3353 proprias
1914 3297 2073 3337 acceo

493 3369 680 3429 perat;
724 3362 922 3419 nullius
970 3364 1141 3429 enim,
1171 3367 1274 3422 nisi
1318 3364 1485 3438 ipsius
1520 3369 1706 3437 Verbi,
1751 3381 1871 3429 erat
1917 3386 2069 3428 caro.

489 3455 857 3520 Quamobrem
890 3465 949 3509 ut
999 3457 1174 3526 ipsum
1215 3460 1444 3515 dicimus
1470 3478 1636 3519 carne
1671 3480 1909 3531 passum,
1946 3464 2075 3520 licet.

494 3564 624 3602 caro
647 3549 758 3604 sola
790 3563 945 3616 passa
975 3551 1068 3614 sit,
1096 3552 1221 3620 quia
1240 3569 1548 3622 quanquam
1582 3558 1655 3609 uti
1680 3555 1824 3611 Deus
1852 3572 2071 3627 passum

496 3634 736 3707 nonest,
775 3657 905 3698 caro
936 3650 1137 3711 tamen,
1176 3659 1294 3714 quae
1313 3661 1472 3715 passa
1502 3657 1605 3713 est,
1646 3649 1814 3718 ipsius
1840 3649 1970 3717 fuit;
1994 3651 2075 3706 sic

493 3739 655 3789 etiam
702 3738 898 3792 dicitur
928 3752 1198 3802 crescere,
1234 3738 1439 3795 nullum
1481 3743 1558 3796 uti
1611 3742 1752 3798 Dens
1800 3743 2074 3813 accipiens

494 3831 917 3897 incrementum,
966 3833 1062 3889 sed
1094 3834 1350 3903 quoniam
1384 3834 1439 3889 in
1480 3836 1596 3907 ipso
1637 3836 1917 3909 proprium
1950 3851 2073 3892 cre-

493 3920 594 3974 scit
613 3936 808 3992 corpus
829 3924 1018 3993 ipsius.

534 4102 617 4158 Ex
639 4103 816 4159 eodem
848 4104 1004 4170 libro,
1039 4108 1091 4159 in
1121 4123 1180 4159 ea
1207 4106 1413 4173 verba;
1438 4107 1616 4173 Pater,
1635 4108 1876 4173 clari/ica
1897 4124 1992 4163 me.
2013 4125 2032 4161 ›

567 4201 637 4251 At
670 4214 777 4267 quo
809 4212 988 4267 pacto,
1014 4200 1288 4266 inquiunt,
1314 4217 1422 4255 non
1452 4204 1523 4257 sit
1552 4202 1853 4257 absurdum
1887 4201 2073 4255 dicere

497 4289 699 4345 Filium
758 4293 1061 4345 secundum
1115 4294 1409 4347 essentiam
1460 4295 1692 4350 similem
1742 4309 1867 4349 esse
1898 4294 2071 4356 Patri,

498 4400 623 4439 cum
650 4386 764 4454 ipse
790 4384 1016 4454 gloriam
1040 4398 1070 4437 a
1089 4383 1252 4441 Patre
1274 4388 1453 4457 petat?
1476 4388 1613 4442 Dicit
1641 4388 1787 4441 enim
1813 4405 1826 4440 :
1848 4405 1865 4438 t
1890 4386 2072 4450 Pater,

2095 3120 2142 3180 ο

2172 1898 2400 1951 κόπτειν
2429 1896 2669 1966 εἴρηται.
2704 1895 2803 1965 οὖχ
2867 1896 2898 1964 ἠ
2935 1894 3096 1961 σοφία
3139 1893 3501 1962 προέκοπτεν,
3552 1895 3666 1945 ἀλλ’
3701 1898 3758 1945 ἐν

2171 1990 2314 2061 αὐτῇ
2373 1988 2436 2041 τὸ
2482 1988 2847 2057 ἀνθρώπινον.
2901 1986 3461 2055 Ἀποκαλυπτομένης
3515 1989 3623 2055 γὰρ
3659 1991 3757 2039 καὶ

2171 2080 2591 2151 φανερουμένης
2627 2079 2899 2150 ὁσημέραι
2940 2078 3037 2145 τῆς
3069 2076 3321 2146 θεότητος
3353 2078 3408 2129 ὲν
3441 2079 3614 2144 αὐτῷ,
3669 2081 3760 2131 ἀεὶ

2172 2172 2617 2241 θαυμαστότερος
2649 2172 2802 2239 παρὰ
2825 2174 2935 2233 τοῖς
2967 2173 3166 2241 ὁρῶσιν
3194 2172 3423 2239 ὲγίνετο.
3462 2174 3571 2225 Καὶ
3604 2174 3761 2226 τοίτό

2171 2266 2289 2317 ἐστι
2313 2263 2371 2316 τὸ
2395 2262 2778 2331 Προέκοπτεν
2809 2262 2880 2314 ἐν
2906 2263 3117 2331 σοφίᾳ..

2769 2356 2866 2420 ΕΖ(
2900 2356 2966 2408 τὸ
2990 2357 3158 2409 αὐτό.

2254 2450 2348 2503 Ἐν
2388 2450 2553 2522 σοφίᾳ
2594 2448 2905 2519 προέκοπτε
2947 2449 3006 2501 τὸ
3045 2448 3387 2520 ἀνθρώπινον
3433 2449 3575 2501 κατὰ
3611 2449 3763 2502 τόνδε

2168 2542 2261 2593 τὸν
2294 2541 2519 2611 τρόπον.
2558 2540 2668 2609 Τὴν
2700 2538 2795 2591 τοῦ
2831 2538 3119 2608 ἀνθρώπου
3154 2538 3317 2608 φύσιν
3353 2539 3689 2611 ὲνδυσαμένη
3729 2543 3763 2611 ἡ
3792 2578 3795 2581 -

2174 2634 2353 2703 σοφία,
2394 2633 2671 2686 τουτέστιν
2700 2633 2727 2685 6
2767 2631 2860 2684 τοῦ
2893 2631 3028 2685 Θεοῦ
3064 2633 3256 2700 Λόγος,
3293 2632 3437 2685 κατὰ
3472 2631 3647 2703 βραχὺ
3674 2633 3765 2688 διὰ

2171 2725 2280 2780 τῶν
2313 2724 2488 2797 ἔργων
2521 2725 2616 2779 καὶ
2646 2722 2755 2779 τῶν
2788 2724 3109 2795 παραδόξων
3138 2723 3598 2793 ἀποτελεσμάτων
3636 2724 3763 2778 θευ-

2171 2816 2405 2871 ποιοῦσα
2428 2816 2579 2888 παρὰ
2604 2816 2714 2879 τοῖς
2738 2815 2903 2887 ὁρῶσι
2932 2812 3021 2868 τὸν
3049 2815 3427 2885 ἀναληφθέντα
3454 2816 3604 2877 ναὸν,
3631 2833 3767 2885 προ-

2170 2907 2397 2963 κόπτειν
2454 2909 2620 2961 αὑτὸν
2674 2908 2870 2961 ὶποίει.
2924 2907 3078 2961 Κατὰ
3124 2908 3283 2960 τοῦτο
3338 2903 3432 2961 οὖν
3485 2910 3541 2961 έν
3602 2910 3769 2981 σοφίᾳ

2170 3003 2513 3071 προέκοπτεν
2544 3001 2956 3071 ή·ἁνθρωπότης
2988 3000 3388 3070 θεοποιουμένη
3405 3000 3473 3054 δι’
3501 3001 3692 3070 αὐτῆς.

2798 3090 2907 3146 Καὶ
2936 3090 3135 3146 τοῦτο.

2257 3184 2478 3256 Ἐπειδὴ
2517 3184 2581 3254 τῇ
2613 3183 2775 3253 σαρκὶ
2812 3180 2873 3235 τὸ
2910 3182 3248 3253 προκόπτειν
3272 3182 3570 3253 ὀφείλεται,
3604 3183 3764 3251 λέγε-

2170 3294 2265 3333 ται
2291 3276 2627 3348 προκόπτειν
2654 3276 2729 3338 ὡς
2762 3276 2821 3327 έν
2853 3275 2993 3346 αὐτῇ
3023 3275 3344 3345 γενόμενος,
3381 3275 3563 3328 καὶτὰ
3594 3275 3763 3341 αὐτῆς

2178 3368 2607 3438 ίδιοποιούμενος
2636 3366 2808 3437 πάθη.
2835 3364 2911 3418 Οὐ
2935 3365 3045 3436 γὰρ
3070 3366 3155 3418 ἑτέ
3165 3383 3261 3436 ρον
3279 3366 3426 3427 τινὸς
3447 3360 3515 3435 ἦν
3541 3366 3574 3433 ή
3599 3363 3757 3432 σάρξ,

2173 3460 2291 3516 ἀλλ’
2338 3458 2506 3513 αὐτοῦ
2553 3458 2648 3512 τοῦ
2690 3460 2887 3526 Λόγου.
2929 3458 3043 3510 Καὶ
3085 3456 3274 3527 ῶσπερ
3318 3456 3548 3526 λέγομεν
3592 3454 3756 3507 αὑτὸν

2177 3551 2510 3605 πεπονθέναι
2575 3552 2781 3615 σαρκὶ,
2850 3550 3031 3603 καίτοι
3095 3549 3264 3618 μόνης
3323 3545 3601 3615 παθούσης
3658 3543 3757 3613 τῆς

2177 3647 2405 3718 σαρκὸς,
2450 3646 2752 3716 ἐπειδήπερ
2783 3645 2878 3699 καὶ
2896 3645 2943 3697 εί
2972 3646 3049 3714 μὴ
3068 3643 3337 3698 πέπονθεν
3362 3643 3437 3706 ὡς
3463 3640 3621 3708 θεὸς,
3647 3640 3761 3693 ἀλλ’

2176 3743 2310 3797 [διον
2341 3736 2409 3812 ἦν
2447 3737 2614 3793 αὐτοῦ
2645 3738 2706 3791 τδ
2735 3736 2944 3805 πάσχον
2986 3735 3147 3804 σῶμα
3167 3777 3183 3801 ,
3215 3734 3389 3796 οὕτω,
3429 3733 3532 3787 κᾶν
3559 3731 3762 3803 προκό-

2177 3852 2335 3888 πτειν
2378 3834 2605 3904 λέγηται
2641 3829 2928 3901 προκοπὴν
2969 3826 3653 3907 οὖδεμίαννέπιδεχόμενος
3689 3823 3765 3886 ὡς

2174 3927 2332 3989 Θεὸς,
2373 3924 2464 3978 διὰ
2507 3922 2569 3976 τὸ
2598 3922 2935 3991 προκόπτειν
2974 3922 3034 3973 ἐν
3078 3918 3225 3991 αὐτῷ
3254 3918 3352 3990 τὴν
3400 3918 3538 3971 ἰδίαν
3586 3918 3768 3987 σάρκα

2180 4016 2516 4087 προκόπτειν
2533 4013 2774 4079 λέγεται.

2182 4107 2295 4163 Τοῦ
2317 4106 2506 4160 αὑτοῦ
2536 4105 2784 4170 βιϐλίου
2810 4105 2899 4169 εις
2930 4102 2998 4155 τό
3017 4117 3029 4133 ο
3053 4100 3296 4168 «Πάτερ,
3331 4098 3601 4164 δόξασόν
3631 4115 3759 4163 με.»

2248 4202 2361 4255 Καὶ
2388 4201 2529 4263 πῶς,
2563 4199 2753 4267 φασὶν.
2790 4196 2892 4249 οὐκ
2927 4196 3129 4249 ἄτοπον
3156 4193 3343 4261 ὅμοιον
3392 4186 3533 4243 εἶναι
3581 4188 3766 4255 λέγειν

2178 4293 2301 4348 κατ’
2330 4291 2520 4346 οὐσίαν
2548 4290 2641 4342 τὸν
2679 4288 2807 4341 Υίὺν
2856 4286 2934 4356 τῷ
2967 4283 3169 4353 Πατρὶ,
3205 4284 3262 4344 ὃς
3310 4298 3374 4349 γε
3401 4279 3561 4344 δόξαν
3596 4279 3768 4333 αἰτῶν

2181 4385 2498 4458 εὑρίσκεται
2528 4383 2662 4451 παρ’
2696 4378 2904 4445 αὑτοῦ;
2938 4377 3107 4445 Λέγει
3129 4375 3274 4446 γάρ·
3312 4394 3331 4426 ι
3373 4373 3578 4441 Πάτερ,
3607 4369 3773 4458 δόξα-

498 4477 741 4549 gloriﬂca
767 4495 848 4535 me
871 4495 933 4534 ea
967 4479 1139 4551 gloria
1170 4455 1334 4551 quam
1370 4480 1635 4537 habebam
1669 4480 1810 4549 apud
1835 4492 1887 4535 te
1920 4488 2074 4534 ante-

2184 4455 2276 4535 σόν
2306 4496 2378 4551 με
2429 4480 2497 4547 τῇ
2536 4473 2664 4547 δόξῃ
2695 4466 2728 4548 ᾖ
2777 4468 2924 4541 εἶχον
2955 4471 3062 4540 πρὸ
3109 4467 3200 4520 τοῦ
3246 4467 3341 4518 τὸν
3378 4465 3582 4534 κόσμον
3615 4457 3767 4514 εἶναι

498 4587 664 4642 quam
700 4573 940 4629 mundus
971 4584 1115 4629 esset
1133 4574 1206 4627 ’.ι
1232 4570 1367 4627 Nam
1395 4574 1440 4626 si
1462 4573 1667 4627 habens
1691 4575 1845 4641 petit,
1869 4582 2075 4626 temere

496 4679 562 4720 ac
593 4680 1003 4735 supervacanee
1030 4666 1082 4721 id
1109 4664 1289 4720 facere
1316 4663 1568 4730 videtur;
1605 4663 1651 4718 si
1677 4678 1805 4719 vero
1828 4678 1942 4723 non
1974 4662 2075 4717 ha-

497 4755 652 4821 bens,
685 4756 974 4813 manifeste
1016 4757 1119 4810 ltoc
1159 4757 1280 4825 ipso
1328 4754 1572 4810 declarat
1613 4770 1673 4810 se
1716 4769 1829 4809 non
1862 4762 2076 4810 tantum

497 4865 622 4904 esse
652 4861 817 4920 atque
849 4858 936 4905 est
964 4849 1192 4919 largitor
1223 4848 1311 4903 ille
1337 4864 1368 4901 a
1407 4834 1514 4915 quo
1557 4847 1661 4902 sibi
1701 4849 1817 4903 dari
1849 4850 2001 4917 petit.

572 4944 671 5011 Qui
711 4946 987 5001 nominum
1012 4948 1119 5002 vim
1147 4952 1401 5003 accurate
1426 4943 1721 5013 inquirunt,
1749 4956 1802 4999 et
1826 4945 2080 4999 uniuscu-

495 5036 697 5109 jusque
751 5039 1198 5107 signiﬁcationem
1246 5041 1537 5110 diligenter
1575 5036 1879 5101 excntiunt,
1923 5035 2083 5105 δόξης

500 5145 702 5186 nomen
740 5131 1025 5200 dupliciter
1050 5133 1345 5201 accipiunt.
1383 5130 1688 5199 Aliquando
1714 5127 1859 5182 enim
1896 5128 1949 5183 id
1976 5142 2085 5195 .pro

503 5220 712 5279 honore
735 5222 905 5291 accipi
922 5221 1125 5279 .debere
1149 5228 1396 5286 censent,
1412 5218 1700 5288 aliquando
1718 5232 1814 5284 pro
1834 5216 2086 5282 opinione

500 5313 614 5368 sive
641 5313 831 5373 notitia
871 5328 885 5365 :
928 5322 987 5369 ut
1029 5313 1075 5366 si
1107 5312 1227 5385 quis
1260 5320 1413 5380 roget
1456 5309 1583 5379 quid
1613 5308 1809 5377 aliquis
1840 5304 2084 5370 δοξάσαι,

506 5405 610 5459 hoc
634 5412 740 5467 est,
767 5404 1022 5474 Opittelttr
1046 5415 1111 5455 ac
1132 5401 1334 5456 sentiat
1355 5402 1419 5455 de
1449 5399 1587 5465 sole,
1611 5406 1703 5453 aut
1723 5396 1829 5451 alio
1842 5398 2082 5467 quodam

506 5480 807 5563 elemento,
839 5505 1021 5549 utrum
1053 5500 1238 5551 creata
1266 5492 1380 5547 haec
1408 5492 1516 5547 sint
1545 5504 1744 5555 necne,
1790 5491 1932 5547 dicet
1963 5505 2087 5559 pro-

2175 4574 2327 4643 παρὰ
2357 4571 2461 4624 σοί.
2503 4589 2520 4620 ι
2557 4568 2619 4621 Et
2651 4567 2748 4636 μὲν
2775 4563 2885 4635 γὰρ
2917 4562 3057 4633 ἔχων
3084 4561 3249 4625 αἰτεῖ,
3292 4557 3567 4627 περιττῶς
3600 4554 3774 4607 τοῦτο

2174 4667 2427 4735 φανεῖται
2494 4660 2699 4713 ποιῶν·
2759 4660 2811 4712 εἰ
2841 4657 2898 4711 δὲ
2956 4656 3031 4729 μὴ
3064 4654 3230 4726 ἔχων,
3289 4653 3449 4722 δῆλος
3510 4646 3771 4703 ἔντεῦθέν

2175 4758 2347 4816 ὲστιν,
2402 4751 2503 4805 οὐκ
2546 4748 2623 4803 ὢν
2680 4747 2937 4810 τοσοῦτος
2986 4748 3111 4809 ὅσος
3146 4747 3174 4799 6
3204 4745 3441 4817 χορηγὸς
3467 4740 3545 4795 ὣν
3578 4738 3769 4811 ἐξῄτει

2174 4845 2383 4899 λαὸεἶν.

2256 4949 2320 5002 Ol
2368 4944 2478 4998 τῶν
2522 4941 2803 5014 ὀνομάτων
2850 4937 3097 5010 ἀκριϐεῖς
3131 4929 3438 5000 ἐξετασταὶ,
3469 4926 3565 4983 καὶ
3603 4924 3665 4978 τὸ
3704 4921 3778 5014 εξ

2186 5040 2417 5095 ἑκάστου
2470 5013 2870 5106 σημαινόμενον
2904 5028 3090 5097 σαφῶς
3130 5024 3537 5093 δοκιμάζοντες,
3574 5016 3636 5070 τὸ
3666 5013 3777 5106 τῆς

2186 5132 2342 5202 δόξης
2371 5105 2541 5199 ὄνομα
2571 5126 2751 5181 νοοῦσι
2771 5121 3055 5195 διχῶς.Ι1ῆ
3085 5120 3181 5190 μὲν
3203 5116 3310 5187 γὰρ
3338 5113 3429 5167 ἐπὶ
3450 5110 3615 5202 τιμῆς
3637 5105 3779 5202 αὐτὸ

2188 5199 2488 5296 λαμϐάνειν
2542 5220 2874 5289 ὑπειλήφασι
2922 5215 3054 5277 δεῖν,
3093 5211 3167 5279 πῆ
3212 5208 3269 5261 δὲ
3316 5205 3479 5260 πάλιν
3669 5199 3780 5266 τῆς

2186 5290 2442 5387 γνιίισεως
2472 5315 2761 5369 τάττουσιν
2783 5327 2796 5339 ⁸
2823 5306 3010 5375 ὥσπερ
3037 5303 3102 5357 ἂν
3141 5300 3196 5355 εῐ
3216 5316 3299 5363 τις
3330 5297 3497 5363 λέγοι,
3520 5290 3668 5387 τί-ἆν
3687 5305 3783 5351 τις

2189 5380 2410 5475 δοξάσαι
2436 5405 2566 5477 περὶ
2608 5403 2701 5458 τοῦ
2748 5400 2901 5471 ἡλίου
2946 5395 3132 5466 τυχὸν,
3157 5393 3191 5464 ἢ
3220 5389 3348 5462 περί
3393 5402 3539 5449 τινος
3582 5380 3776 5477 ἑτέροιο

2193 5474 2753 5574 στοιχείουςπότερον
2794 5489 2999 5561 γενητὰ
3043 5487 3217 5542 ταῦτα
3267 5484 3301 5555 ἢ
3346 5474 3787 5574 arbuteis-pst

508 5584 671 5655 tecto,
700 5587 793 5657 qui
825 5595 971 5644 recte
998 5584 1251 5655 opinatur
1272 5597 1337 5638 ac
1366 5581 1548 5649 sentit,
1572 5596 1693 5639 esse
1715 5592 1917 5638 creata.
1953 5582 2074 5651 Ergt

2194 5565 2577 5665 γοῦν-πάντως
2614 5591 2643 5643 6
2664 5565 2905 5653 δοξάζων
2934 5579 3131 5652 ὀρθῶς,
3159 5578 3235 5643 ὡς
3262 5575 3349 5647 εἴη
3379 5568 3601 5643 γενητά.
3629 5565 3778 5621 Οὐκ-

583 5782 598 5811 ‘
636 5780 772 5838 Luc.
818 5799 876 5850 tt,
912 5782 967 5837 5.
