4064 6392
552 320 661 383 639

1779 320 2100 382 EUTHYM
2114 321 2167 379 Ιὶ
2213 322 2388 382 ZlGA
2403 318 2583 381 BENI

3707 319 3820 385 650

551 432 717 488 ﬁcare
743 430 843 485 soli
870 429 1273 494 Deoconvenit,
1301 430 1567 501 justilicat
1621 439 1803 485 autem
1844 430 2112 492 Christus.

2230 437 2379 486 καιοῖ
2408 434 2463 487 δὲ
2506 432 2763 502 Χρισιὸς,
2798 431 2914 497 πῶς
2947 431 3047 487 οὒκ
3085 431 3203 486 ἔστι
3258 430 3424 502 φύσει
3459 431 3630 500 Θεόςς
3658 434 3723 488 Et
3756 435 3818 488 δὶ

548 523 823 595 quomodo
856 539 962 578 non
991 524 1094 578 erit
1117 532 1309 576 natura
1329 521 1511 577 Deus?
1540 524 1631 588 At,
1664 524 1709 577 si
1738 524 1840 576 hoc
1865 534 1970 586 est,
1992 538 2127 591 quo-

550 614 714 669 modo
747 628 853 667 non
894 614 965 670 sit
994 622 1241 668 creatura
1267 614 1289 665 ?

617 705 818 759 Paulus
840 704 1046 760 alicubi
1093 705 1159 759 de
1207 715 1431 774 parente
1481 715 1672 761 nostro
1718 705 1995 761 Abraham
2048 708 2123 761 ita

547 797 719 851 dicit:
760 815 780 848 ι
810 798 913 862 Qui
945 805 1031 853 est
1068 809 1221 867 paler
1273 798 1521 853 omnium
1572 808 1847 863 nostrum,
1900 800 2124 852 utscri-

546 890 696 943 hitur
724 888 786 942 τι
820 888 948 958 quia
981 888 1194 945 Patrem
1232 890 1526 944 multarum
1558 891 1801 961 gentium
1855 892 2013 960 posui
2067 900 2119 945 te

546 992 731 1033 coram
775 977 884 1031 Deo
921 980 1018 1048 qui
1068 978 1310 1034 virilicat
1346 991 1593 1036 mortuos
1622 982 1665 1033 '.
1704 1000 1725 1033 ι
1764 981 1901 1036 Cum
1955 980 2122 1050 igitur

526 1068 690 1137 ;Dcus
718 1068 933 1123 dicatur
955 1069 1236 1125 viviﬁcare
1266 1080 1537 1141 mortuos,
1576 1086 1812 1143 cumque
1846 1070 2018 1127 FliillS
2043 1072 2125 1127 di-

512 1142 669 1215 ‘cat:
712 1179 732 1213 ι
766 1162 876 1233 Ego
898 1178 1021 1218 sum
1045 1164 1155 1217 vita
1175 1173 1198 1206 ³
1229 1182 1247 1217 ι
1276 1175 1351 1232 et,
1381 1185 1399 1217 ι
1424 1165 1525 1232 Qui
1546 1142 1797 1221 creditiin
1824 1184 1927 1234 me,
1963 1169 2123 1222 hahet

543 1251 710 1306 vitam
741 1263 1087 1321 aeternam,et
1111 1269 1213 1326 ego
1234 1258 1574 1312 resuscitabo
1596 1273 1721 1311 eum
1749 1258 1802 1311 in
1822 1259 2124 1314 novissimo

537 1348 672 1403 die‘
716 1366 732 1412 ;
788 1365 807 1399 ι
861 1357 917 1401 et
967 1362 1181 1402 rursum
1227 1360 1243 1398 :
1298 1362 1317 1396 ι
1370 1343 1481 1414 Εεο
1530 1359 1647 1398 sum
1702 1346 2030 1401 resurrectio
2076 1354 2130 1401 et

537 1441 650 1496 vita
690 1446 751 1506 ’ς
794 1460 812 1493 ι
852 1440 973 1509 quis
1013 1453 1119 1494 non
1158 1438 1506 1498 conﬁteatur,
1540 1436 1703 1492 modo
1741 1442 1891 1493 sana:
1927 1439 2128 1494 mentis

538 1534 642 1601 sit,
671 1534 847 1601 ipsum
875 1548 939 1587 ex
969 1531 1206 1587 essentia
1241 1530 1421 1585 Patris
1449 1544 1603 1596 esse,
1633 1531 1912 1600 proprium
1943 1545 2007 1585 ac
2034 1544 2127 1584 ve-

540 1639 663 1680 rum
695 1624 867 1695 ipsius
894 1623 1124 1692 Filium,
1149 1637 1340 1678 omnes
1368 1621 1547 1677 Patris
1575 1622 1933 1692 proprietates
1961 1631 2123 1675 natu-

2227 526 2406 589 τοῦτο,
2439 526 2499 577 ού
2528 527 2736 595 ποίημα
2762 542 2776 592 ;

2293 706 2431 775 Φησί
2473 722 2576 759 που
2615 706 2777 759 πάλιν
2805 707 2834 760 6
2870 705 3081 770 Παῦλος
3145 707 3275 779 περὶ
3322 704 3427 762 ’τοῦ
3463 710 3821 781 προπάτορος

2220 798 2381 868 ήμῶν
2408 799 2667 868 Ἀϐραάμ
2687 815 2702 829 ο
2730 816 2749 851 ι
2778 799 2878 862 ’⁸ος
2905 802 3022 852 ἐστι
3050 801 3239 871 πατὴρ
3262 800 3484 855 πάντων
3511 802 3691 871 ήμῶν,
3717 820 3827 857 κα-

2220 889 2328 952 θὼς
2357 892 2707 959 γέγραπται,
2762 889 2847 943 ὅτι
2879 890 3101 958 Πατέρα
3128 889 3343 943 πολλῶν
3374 891 3550 944 ἐθνῶν
3582 892 3821 945 τέθεικά

2219 998 2279 1034 σε
2310 980 2599 1034 κατέναντι
2626 980 2763 1033 Θεοῦ
2798 980 2893 1033 τοῦ
2916 979 3311 1045 ζωοποιοῦντος
3338 984 3467 1046 τοὺς
3498 983 3749 1051 νεκρούς.
3785 1002 3809 1037 ι

2219 1069 2357 1125 Θεοῦ
2383 1069 2679 1141 τοιγαροῦν
2716 1070 3005 1138 ζωογονεῖν
3051 1071 3181 1134 τοὺς
3229 1072 3460 1142 νεκροὺς
3492 1071 3822 1142 λεγομένου,

2221 1161 2341 1218 εἶτα
2369 1164 2465 1218 τοῦ
2495 1164 2625 1217 Υῐοῦ
2658 1163 2964 1232 φάσκοντος
2987 1179 3003 1195 ο
3033 1181 3052 1215 ι
3082 1164 3225 1232 Ἐγώ
3254 1166 3371 1234 εἰμι
3398 1166 3430 1234 ή
3458 1163 3576 1234 ζωή
3602 1182 3616 1196 ο
3649 1182 3668 1216 ι
3709 1165 3827 1218 πά-

2223 1257 2330 1321 λιν,
2358 1275 2376 1309 t
2421 1256 2480 1309 Ὀ
2500 1254 2777 1308 πιστεύων
2801 1254 2884 1317 εἰς
2917 1255 3037 1324 ἐμὲ,
3064 1254 3178 1325 ἔχει
3210 1254 3359 1327 ζωὴν
3387 1254 3633 1320 αἰώνιον,
3654 1255 3815 1324 κάγὼ

2231 1349 2525 1422 ἀναστήσω
2555 1351 2719 1405 αὐτὸν
2756 1352 2814 1405 ἐν
2844 1353 2912 1423 τῇ
2948 1351 3153 1423 ἐσχάτη
3187 1354 3403 1427 ἡμέρᾳ*
3446 1373 3466 1407 ι
3508 1358 3604 1410 καὶ
3634 1358 3829 1423 πάλιν,

2235 1457 2256 1491 ι
2302 1441 2445 1511 Ἐγώ
2484 1444 2600 1513 είμι
2631 1444 2665 1514 ή
2692 1443 2989 1508 ἀνάστασις
3024 1445 3120 1498 καὶ
3168 1447 3201 1517 ή
3256 1445 3409 1519 ζωήο
3449 1468 3468 1500 ι
3518 1448 3601 1512 τίς
3622 1450 3721 1503 οὐκ
3754 1450 3829 1504 ἂν

2230 1530 2655 1603 ὁμολογήσειεν,
2719 1534 2774 1586 εἰ
2806 1551 2869 1602 γε
2927 1534 3053 1588 νοῦν
3107 1534 3255 1606 ἔχοι,
3287 1538 3387 1608 τῆς
3439 1539 3630 1602 οὐσίας
3658 1540 3833 1593 αὑτὸν

2232 1621 2499 1693 ὑπάρχειν
2525 1624 2625 1695 τῆς
2644 1623 2738 1676 τοῦ
2774 1625 2987 1694 Πατρὸς
3033 1626 3255 1696 γνήσιόν
3284 1645 3346 1680 τε
3400 1628 3496 1681 καὶ
3522 1629 3829 1699 ἀληθέστα-

542 1716 731 1772 raliter
768 1717 822 1772 in
866 1731 926 1773 se
964 1716 1304 1788 gestantem?
1345 1714 1500 1783 Quod
1539 1716 1585 1771 si
1626 1730 1811 1772 verum
1851 1724 1958 1783 est,
1998 1730 2112 1786 ονε(

2229 1730 2321 1767 τον
2350 1714 2615 1787 γέννημα,
2647 1715 2825 1770 πάντα
2846 1716 3013 1787 φέρον
3035 1719 3093 1770 ἐν
3126 1717 3305 1790 ἐαυτῷ
3353 1720 3596 1787 φυσικῶς
3630 1719 3699 1773 τά
3727 1719 3831 1772 τοῦ

543 1809 686 1864 Deus
713 1824 780 1864 ex
810 1809 921 1865 Deo
950 1820 1062 1876 est,
1093 1823 1203 1864 non
1228 1822 1361 1865 vero
1389 1823 1525 1878 opus
1550 1808 1635 1861 vel
1663 1818 1935 1863 creatura.

611 1981 811 2035 Paulus
829 1982 1134 2036 divinorum
1172 1999 1499 2042 arcanorum
1523 1988 2031 2044 atlministratorem
2059 2005 2126 2045 ac

536 2075 846 2130 ministrum
884 2070 1121 2142 seipsum
1156 2090 1282 2131 esse
1310 2077 1637 2135 declarans:
1672 2097 1690 2131 ε
1718 2079 2016 2144 Audacius,
2043 2081 2127 2134 in-

537 2166 679 2235 quit,
703 2166 898 2234 scripsi
929 2166 1083 2221 vobis
1112 2182 1179 2222 ex
1204 2177 1357 2237 parte
1384 2171 1438 2223 in
1480 2172 1798 2225 memoriam
1840 2185 1936 2226 vos
1966 2172 2127 2228 redu-

539 2270 671 2310 ecns
706 2272 803 2325 per
832 2258 1063 2326 gratiam
1098 2258 1285 2313 datam
1318 2260 1449 2314 mihi
1478 2275 1508 2313 a
1534 2260 1665 2327 Deo,
1696 2270 1756 2315 ut
1800 2277 1978 2319 essent
2018 2263 2123 2318 mi-

538 2349 711 2401 nister
738 2347 866 2401 Jesu
892 2348 1095 2403 Christi
1129 2351 1196 2403 ad
1224 2362 1447 2419 gentes,
1505 2353 1822 2410 ministrans
1876 2354 2122 2427 Evange-

535 2440 668 2493 iium
701 2440 816 2505 Dei,
858 2450 915 2493 ut
949 2442 1042 2496 ﬁat
1080 2442 1285 2497 oblatio
1307 2445 1549 2514 gentium
1588 2446 1956 2515 acceptabilis,
1995 2462 2122 2503 san-

536 2529 775 2582 ctilicata
804 2530 855 2582 in
886 2530 1092 2599 Spiritu
1122 2542 1316 2591 sancto
1357 2528 1399 2584 '.
1445 2551 1463 2584 ι
1504 2534 1642 2589 Ecce
1667 2536 1828 2589 etiam
1860 2537 1951 2593 hic
1999 2553 2118 2591 ma-

535 2620 734 2674 nifeste
760 2635 819 2673 se
847 2635 943 2689 per
996 2621 1227 2692 gratiam
1287 2621 1522 2678 aliirmat
1586 2641 1615 2678 a
1675 2626 1785 2681 Deo
1842 2628 2121 2699 accepisse

533 2709 678 2776 quod
717 2708 790 2762 sit
820 2708 1211 2764 miuisterJesu
1238 2709 1467 2767 Christi.
1497 2713 1700 2769 Deinde
1728 2716 1868 2772 sacri
1901 2718 1986 2771 sui
2014 2719 2118 2773 mi-

534 2800 746 2854 nisterii
769 2801 1034 2856 rationem
1063 2802 1373 2869 declarans,
1401 2823 1420 2856 ‹
1456 2806 1508 2861 iu
1530 2788 1899 2878 Evangelium,
1920 2809 2115 2881 inquit,

534 2892 629 2946 Dei
683 2893 704 2923 "
736 2933 750 2947 .
788 2909 807 2943 ι
867 2893 1029 2964 Atqui
1059 2893 1334 2950 Christum
1373 2894 1557 2952 Jesum
1606 2899 1910 2969 praedicans
1952 2912 2115 2972 atque

2227 1806 2592 1876 γεννήσαντος
2624 1807 2761 1871 ῖδιας
2794 1809 2856 1861 Εἰ
2881 1809 2939 1862 δὲ
2968 1809 3147 1872 τοῦτο,
3174 1809 3306 1873 Θεὸς
3332 1812 3439 1881 ἄρα
3461 1811 3522 1864 τὸ
3554 1812 3615 1864 ἐκ
3639 1808 3779 1863 Θεοῦ
3809 1852 3829 1877 ,

2227 1898 2322 1950 καὶ
2348 1898 2408 1953 ού
2442 1898 2648 1967 κτίσμα
2676 1901 2709 1969 ἢ
2741 1900 2971 1971 ποίημα.

2300 1997 2423 2051 Τῶν
2478 1998 2638 2052 θείων
2680 2003 2998 2072 μυστηρίων
3031 2006 3314 2077 οἰκονόμον
3354 2008 3446 2061 καὶ
3503 2009 3837 2082 λειτουργὸν

2226 2085 2420 2140 ἐαυτὸν
2447 2087 2811 2143 ἀναδεικνύων
2840 2092 2868 2142 6
2898 2092 3128 2159 Παῦλος,
3195 2115 3213 2147 ι
3253 2096 3670 2171 Τολμηρότερον
3721 2103 3830 2172 δέ,

2227 2181 2416 2251 φησὶν,
2438 2180 2655 2254 ἔγραψα
2684 2184 2812 2254 ὑμῖν
2833 2186 2941 2239 ἀπὸ
2966 2189 3190 2259 μέρους,
3211 2192 3286 2255 ὡς
3312 2193 3834 2268 ἐπαναμιμνήσκων

2227 2272 2373 2343 ὑμᾶς
2411 2273 2511 2331 δὲ
2533 2273 2631 2345 τὴν
2661 2276 2822 2346 χάριν
2843 2278 2944 2349 τὴν
2970 2279 3216 2337 δοθεῖσάν
3248 2302 3339 2352 μοι
3372 2286 3477 2339 ὑπὸ
3508 2287 3605 2341 τοῦ
3646 2289 3782 2345 Θεοῦ
3810 2333 3830 2356 ,

2223 2364 2301 2427 εἰς
2324 2364 2383 2416 τὸ
2404 2360 2543 2419 εἶναί
2576 2384 2645 2436 με
2677 2366 2990 2439 λειτουργὸν
3021 2373 3197 2443 Ἰησοῦ
3214 2376 3476 2447 Χριστοῦ,
3499 2381 3581 2443 είς
3599 2380 3671 2434 τά
3689 2381 3832 2455 ἔθνη

2225 2454 2611 2526 ἱερουργοῦντα
2638 2456 2701 2510 τὸ
2733 2458 3066 2529 Εὑαγγέλιον
3097 2463 3192 2516 τοῦ
3225 2465 3382 2532 Θεοῦ,
3415 2469 3501 2521 ἵνα
3532 2471 3755 2539 γένηται

2221 2546 2511 2618 προσφορά
2561 2548 2670 2602 τῶν
2722 2549 2892 2604 ἐθνῶν
2936 2552 3338 2623 εὐπρόσδεκτος
3399 2559 3709 2632 ἡγιασμένη
3758 2566 3834 2618 ἐν

2220 2637 2500 2708 Πνεύματι
2525 2640 2684 2711 ἁγίῳ.
2712 2660 2732 2694 ι
2765 2643 2896 2697 Ἰδοὺ
2924 2645 3086 2699 πάλιν
3110 2647 3299 2702 ἐνθάδε
3326 2652 3513 2721 σαφῶς
3535 2654 3830 2726 εἰληφέναι

2222 2728 2419 2818 μὲνέν
2443 2731 2665 2802 χάριτος
2708 2732 2867 2804 μέρει
2899 2736 3056 2807 παρά
3087 2737 3183 2791 τοῦ
3232 2740 3368 2795 Θεοῦ
3424 2744 3829 2818 διῖσχυρίζεται

2216 2816 2446 2875 τὸεῖναι
2484 2821 2799 2895 λειτουργὸς
2827 2825 3002 2897 Ἰησοῦ
3017 2829 3279 2900 Χριστοῦ.
3305 2830 3440 2888 Εἶτα
3465 2837 3565 2909 τῆς
3600 2816 3645 2892 ίε
3656 2858 3827 2914 ρουρ-

2215 2910 2341 2977 γίας
2372 2911 2464 2966 τὸν
2503 2913 2708 2985 τρόπον
2744 2916 3132 2988 ἐξηγούμενος,
3171 2941 3191 2973 ι
3231 2924 3313 2987 είς
3351 2926 3415 2979 τὸ
3440 2910 3775 2999 Εύαγγέλιον
3797 2973 3818 2999 ,

531 2983 934 3052 evangelizans,
952 2986 1023 3038 ita
1047 2985 1197 3040 novit
1215 2984 1414 3041 Filium
1438 2988 1758 3045 naturaliter
1784 2992 1949 3046 Deum
1971 3006 2112 3049 esse.

533 3071 574 3092 ..ι
597 3088 710 3092 ____
769 3090 783 3092 _
832 3076 845 3092 ε
1097 3077 1109 3088 .
1281 3087 1293 3092 _
1357 3077 1393 3092 .,
1663 3081 1675 3092 .
1730 3081 1778 3092 ..

2222 3003 2375 3070 φησὶ,
2401 3004 2495 3058 τοῦ
2531 2983 2689 3059 Θεοῦ.
2718 3025 2739 3059 ι
2775 2983 2968 3063 καίτοι
2996 2983 3231 3083 Χριστὸν
3285 2983 3495 3087 ίιησοῦν
3521 2983 3818 3092 κέιρύσξῴᾇ

528 3071 716 3142 Neque
759 3076 904 3129 enim
965 3077 1295 3133 nominasset
1355 3077 1546 3144 Deum,
1586 3081 1677 3150 qui
1728 3081 1779 3136 id
1812 3097 1878 3137 ex
1921 3093 2112 3140 natura

2222 3093 2310 3145 καὶ
2330 3094 2835 3168 εὐαγγελιζόμενος,
2861 3100 3037 3166 οὕτως
3052 3071 3175 3157 ὀἵδε
3198 3071 3362 3175 φύσεί
3390 3071 3696 3168 Θεὸνηὲῦτα

529 3178 628 3219 sua
657 3180 763 3221 non
787 3176 925 3221 esset
951 3185 966 3235 ;
1005 3180 1180 3238 neque
1210 3169 1316 3225 hac
1345 3170 1413 3226 de
1443 3186 1502 3228 re
1531 3182 1813 3242 tantopere
1851 3176 2113 3246 gloriare.

531 3263 620 3308 tur
693 3256 882 3312 dicens
929 3277 944 3313 :
992 3278 1010 3311 ι
1048 3258 1449 3330 Benepiacitum
1506 3263 1609 3319 fuit
1678 3264 1790 3322 Deo
1865 3268 2111 3326 revelare

530 3342 724 3402 Filium
757 3360 913 3401 suum
944 3363 1042 3417 per
1088 3364 1174 3404 me
1245 3357 1265 3389 ο
1286 3392 1304 3420 ,
1326 3368 1345 3402 ι
1379 3352 1425 3407 si
1455 3363 1706 3410 creatura
1732 3365 1786 3412 et
1809 3371 1946 3428 opus
1974 3356 2111 3416 fuis-

527 3446 633 3494 set.

601 3536 663 3590 Si
679 3539 812 3591 enim
831 3540 1982 3616 cognovissentﬁnquit,nunquamDominum
1998 3549 2108 3620 glo-

526 3632 622 3684 ria:
642 3631 1023 3699 craciﬁxissent
1040 3638 1084 3700 ’;
1105 3635 1149 3688 si
1169 3636 1356 3704 gloriae
1372 3638 1636 3694 Dominus
1655 3656 1796 3706 esse,
1824 3643 1917 3711 qui
1944 3645 2100 3699 cruci

524 3715 747 3772 sulﬁxus
787 3716 891 3773 fuit
939 3732 1037 3788 pro
1088 3722 1268 3787 nobis,
1316 3727 1585 3793 quomodo
1638 3742 1742 3782 non
1794 3739 1849 3785 et
1900 3738 2095 3785 natura

524 3810 664 3863 Deus
698 3811 821 3866 est?
842 3812 948 3864 Aut
977 3817 1247 3881 quomodo
1277 3826 1514 3883 creatus,
1542 3829 1635 3873 aut
1671 3820 1845 3875 iactus
1869 3833 1950 3878 est
1980 3822 2092 3885 ille,

522 3918 680 3965 quem
719 3903 1003 3975 Seraphim
1054 3908 1368 3976 decantaut,
1416 3922 1470 3968 et
1510 3914 1813 3982 celebrant,
1850 3916 2096 3973 dicentes

523 3994 739 4060 plvnttm
774 4011 894 4051 esse
919 4000 1138 4064 omium,
1167 4012 1219 4056 ct
1259 4012 1455 4058 terram
1484 4006 1660 4074 gloria
1685 4006 1827 4076 ejus,
1863 4023 2095 4079 eumque

523 4084 809 4140 Dominum
853 4087 1091 4145 Sabaoth
1135 4094 1467 4161 appellantes
1501 4098 1565 4151 ’°.
1618 4098 1753 4153 Nam
1785 4102 1927 4170 quod
1978 4103 2096 4156 haec

521 4177 586 4228 de
617 4178 730 4245 ipso
755 4180 958 4246 dit-ant,
984 4198 1089 4238 non
1111 4195 1195 4239 est
1219 4186 1462 4255 dubium,
1487 4190 1771 4260 siquidem,
1809 4199 1866 4246 ut
1893 4190 2095 4250 Paulus

521 4268 618 4331 ait,
652 4278 734 4321 est
762 4271 945 4337 gloria:
980 4274 1258 4331 Dominus.

2214 3182 2363 3273 i‘id-v.
2398 3186 2475 3237 Οὐ
2505 3185 2614 3258 γὰρ
2642 3187 2709 3242 ἂν
2742 3189 2995 3261 ὠνόμασε
3025 3193 3158 3247 Θεὸν
3185 3196 3262 3269 μή
3291 3198 3451 3254 τοῦτο
3478 3203 3621 3256 κατά
3648 3207 3811 3273 φύσιν

2212 3269 2549 3363 ύπάρχοντα’
2569 3274 2678 3327 οὐδ’
2699 3274 2767 3330 ἂν
2789 3276 2876 3347 ἐφ’
2904 3278 3086 3351 ἐαυτῷ
3126 3284 3262 3338 πολὺ
3297 3285 3417 3341 λίαν
3459 3269 3807 3363 ἐκαυχήσατο

2208 3360 2434 3431 λέγων,‹
2461 3365 2770 3439 Εύδόκησεν
2793 3370 2822 3423 6
2851 3370 2984 3436 Θεὸς
3000 3374 3349 3445 ἀποκαλύψαι
3376 3378 3467 3432 τὸν
3483 3360 3799 3439 Υίὸναύτοῦ

2207 3452 2276 3507 δι’
2315 3456 2473 3525 ἐμοῦ,
2511 3476 2529 3509 ι
2562 3457 2725 3530 εἴπερ
2770 3456 2838 3532 ἦν
2873 3462 3078 3534 κτίσμα
3116 3466 3211 3521 καὶ
3241 3467 3467 3539 ποίημα.

2300 3552 2365 3605 ΕΖ
2379 3552 2487 3619 γὰρ
2504 3553 2803 3622 ἔγνωσαν,
2817 3558 3005 3627 φησὶν,
3022 3561 3134 3614 οὐκ
3154 3561 3231 3616 ἂν
3240 3564 3565 3632 τὸνΚύριον
3579 3564 3688 3632 τῆς
3702 3565 3799 3621 δό-

2223 3639 2338 3708 ξης
2357 3643 2773 3714 ἐσταύρωσαν.
2796 3648 3008 3703 οὐκοῦν
3034 3652 3084 3704 εἰ
3113 3654 3214 3721 τῆς
3238 3655 3395 3727 δόξης
3422 3656 3626 3727 Κύριός
3654 3659 3804 3712 ἐστιν

2223 3735 2252 3785 ὁ
2290 3734 2379 3788 τὸν
2413 3738 2648 3808 σταυρὸν
2678 3737 2982 3809 ὑπομείνας
3010 3743 3152 3814 ὑπὲρ
3179 3746 3340 3816 ήμῶν
3371 3747 3519 3814 Υίδς,
3553 3749 3671 3812 πῶς
3703 3751 3805 3804 ούκ

2223 3823 2341 3878 ἔστι
2385 3826 2545 3895 φύσει
2587 3826 2750 3893 Θεό;;
2794 3831 2913 3893 πῶς
2950 3831 3007 3885 δέ
3042 3832 3267 3906 κτίσμα,
3309 3836 3341 3907 ἢ
3387 3838 3599 3907 ποίημα
3644 3841 3673 3892 6
3711 3840 3808 3894 καὶ

2224 3915 2329 3966 ὑπὸ
2352 3916 2461 3968 τῶν
2485 3916 2737 3988 Σεραφίμ
2760 3920 3130 3991 ὑμνούμενος
3159 3925 3343 3997 πλήρη
3372 3927 3480 3999 γὰρ
3508 3927 3649 3983 είναί
3669 3948 3806 4001 φασι

2224 4006 2314 4059 τόν
2343 4024 2405 4059 τε
2434 4007 2701 4078 οὐρανὸν,
2740 4013 2836 4065 καὶ
2870 4012 2970 4083 τήν
3003 4019 3109 4085 γῆν
3148 4017 3247 4087 τῆς
3274 4018 3433 4091 δόξης
3462 4021 3630 4075 αὐτοῦ
3654 4062 3670 4085 ,
3712 4026 3808 4077 καὶ

2224 4095 2430 4168 Κύριον
2460 4098 2688 4151 Σαϐαὼθ
2710 4101 3061 4170 ὀνομάζουσι.
3091 4106 3262 4177 Δῆλον
3287 4110 3416 4179 γὰρ,
3444 4113 3525 4166 ὅτι
3548 4116 3679 4179 περί
3707 4115 3811 4167 αύ-

2222 4188 2317 4241 τοῦ
2350 4189 2418 4243 τὰ
2445 4190 2673 4245 τοιαῦτά
2701 4208 2901 4260 φασιν,
2932 4198 3094 4267 εἰπέρ
3122 4201 3238 4253 ἐστι
3276 4204 3377 4272 τῆς
3409 4203 3568 4276 δόξης
3599 4206 3812 4276 Κύριος

2224 4283 2365 4337 κατὰ
2386 4281 2486 4351 τὴν
2515 4284 2610 4336 τοῦ
2640 4285 2854 4340 Παύλου
2881 4291 3090 4360 φωνήν.

600 4382 619 4414 ι
659 4363 980 4434 lta,inquit,
1016 4381 1113 4422 nos
1142 4366 1418 4421 existimet
1475 4368 1641 4423 homo
1707 4375 1769 4421 ut
1823 4367 2105 4423 ministros

2286 4381 2308 4416 ι
2359 4365 2547 4430 Οὕτω,
2604 4368 2791 4438 φησὶν,
2842 4372 2989 4443 ἡμᾶς
3044 4375 3349 4445 λογιζέσθω
3404 4378 3692 4451 ἄνθρωπος
3726 4379 3812 4444 ὡς

521 4452 748 4519 Christi,
782 4464 836 4509 et
863 4456 1268 4525 dispensatores
1299 4457 1684 4527 mysteriorum
1740 4459 1832 4514 Dei
1862 4494 1863 4497 η
1889 4459 1954 4514 ”.
1991 4478 2011 4511 ι
2043 4457 2101 4514 Si

520 4560 649 4614 ergo
686 4548 1003 4618 mysterium
1034 4547 1174 4611 Filii,
1214 4548 1532 4618 mysterium
1572 4548 1665 4603 Dei
1697 4547 1895 4605 Paulus
1921 4559 2100 4616 vocat,

519 4640 790 4705 quomodo
818 4655 922 4694 non
950 4638 1056 4693 erit
1090 4648 1289 4692 natura
1324 4638 1487 4705 Deus,
1516 4649 1611 4695 aut
1657 4641 1931 4708 quomodo
1949 4656 2101 4696 crea-

523 4731 658 4783 turis
713 4730 1162 4786 annumcrabitur
1210 4732 1256 4786 is
1320 4734 1406 4786 cui
1469 4733 1699 4803 apostoli
1749 4734 2101 4789 ministrant?

490 4820 801 4894 .Quomodo
836 4832 1016 4876 autem
1050 4839 1155 4879 non
1198 4839 1385 4877 verum
1426 4824 1599 4891 'dicat,
1635 4823 1729 4878 Dei
1780 4824 2101 4894 mysterium

488 4893 798 4979 'appellans
826 4911 1175 4985 Evangelium
1221 4914 1451 4979 Christi,
1483 4916 1685 4985 quique
1710 4893 1901 4984 magna
1936 4914 2102 4970 animi

525 5001 717 5054 ﬁducia
771 5005 946 5057 dixit:
983 5023 1001 5057 ι
1037 5006 1144 5075 Ego
1174 5007 1318 5059 enim
1372 5023 1475 5060 non
1529 5007 1709 5075 accepi
1766 5008 1833 5060 ab
1862 5006 2099 5071 homine,

524 5109 697 5162 neque
717 5095 906 5149 doctus
938 5100 1188 5162 sum,sed
1226 5116 1253 5151 a
1285 5099 1392 5153 Deo
1414 5094 1499 5150 "1
1525 5119 1543 5150 ι
1578 5102 1710 5153 Cum
1737 5100 1899 5167 igitur
1928 5115 1957 5151 a
1994 5099 2103 5153 Deo

522 5190 769 5252 edoctus,
797 5189 989 5243 Filium
1022 5193 1187 5244 Deum
1219 5208 1337 5246 esse
1366 5200 1647 5262 agnoscat,
1671 5193 1792 5259 quis
1818 5192 2104 5247 haereticos

522 5281 743 5334 audiat?

598 5466 617 5498 ι
655 5446 946 5514 Quocirra,
982 5446 1183 5516 inquit.
1226 5446 1394 5502 nolite
1428 5457 1558 5504 ante
1612 5458 1830 5520 tempus
1883 5453 2092 5523 aliquid

519 5544 791 5612 jpdtcare,
821 5541 998 5596 donec
1021 5539 1230 5594 venerit
1256 5540 1536 5610 Dominus,
1576 5543 1670 5614 qui
1700 5544 2099 5601 etilluminabit

601 5721 613 5750 ¹
648 5722 782 5777 Gen.
820 5741 950 5783 xvn,
980 5725 1029 5775 4.

2208 4452 2490 4526 ὑπηρέτας
2510 4458 2773 4528 Χριστοῦ,
2806 4461 2900 4514 καὶ
2923 4464 3240 4537 οἰκονόμους
3265 4469 3580 4539 μυστηρίων
3605 4469 3765 4525 Θεοῦ.
3782 4489 3804 4523 a

2206 4547 2271 4602 Εἰ
2303 4550 2483 4603 τοίνυν
2520 4551 2580 4604 τὸ
2611 4553 2740 4624 περὶ
2787 4553 2884 4607 τοῦ
2909 4555 3040 4610 Υἰοῦ
3079 4559 3398 4629 μυστήριον,
3423 4559 3560 4613 Θεοῦ
3588 4562 3812 4633 μυστή-

2209 4658 2322 4711 ριον
2348 4643 2377 4693 6
2406 4640 2617 4706 Παῦλος
2652 4645 2940 4713 ἀποκαλεῖ,
2976 4647 3093 4712 πῶς
3127 4651 3226 4703 οὐκ
3254 4649 3405 4704 ἔσται
3439 4651 3601 4720 φύσει
3625 4651 3763 4715 Θεὸς
3788 4696 3808 4721 ,

2205 4728 2240 4798 ἢ
2280 4729 2400 4791 πῶς
2438 4731 2495 4782 ἐν
2530 4732 2801 4803 ποιήμασι
2835 4736 3120 4802 τετάξεται
3148 4740 3176 4791 ὁ
3204 4739 3293 4793 διὰ
3333 4740 3443 4795 τῶν
3481 4742 3812 4798 ἀποστόλων

2204 4819 2679 4893 ὑπηρετούμενος;
2714 4825 2841 4890 Πῶς
2894 4827 2953 4881 δὲ
3000 4830 3100 4883 οὐκ
3147 4830 3461 4902 ἀληθεύσει,
3502 4831 3639 4885 Θεοῦ
3695 4850 3813 4903 μυ-

2206 4911 2426 4980 στήριον
2451 4912 2733 4984 ὀνομάζων
2776 4919 2837 4971 τὸ
2890 4921 3224 4990 Εὑαγγέλιον
3276 4924 3554 4994 Χριστοῦ,
3586 4926 3616 4979 6
3660 4928 3811 4995 μετά

2203 5002 2406 5073 πολλῆς
2443 5008 2753 5078 παρρησίας
2782 5010 2973 5065 εἰπών’
3015 5033 3033 5065 ι
3058 5014 3192 5067 Οὐδὲ
3224 5014 3333 5085 γὰρ
3356 5016 3467 5084 ἐγὼ
3495 5018 3648 5087 παρά
3699 5018 3808 5071 ἁν-

2202 5091 2424 5163 θρώπου
2456 5099 2766 5168 παρέλαϐον
2808 5102 2960 5169 αὐτὸ,
3017 5104 3140 5158 οὐδὲ
3185 5106 3472 5179 ἐδιδάχθην
3495 5149 3511 5173 ,
3543 5110 3660 5164 ἀλλ’
3691 5110 3811 5167 ὑπὸ

2199 5182 2294 5235 τοῦ
2324 5184 2459 5238 Θεοῦ
2488 5187 2719 5258 δηλαδή;
2745 5209 2761 5240 ι
2800 5191 2929 5244 Ὅτε
2961 5194 3142 5246 τοίνυν
3169 5194 3509 5259 θεοδίδακτος
3544 5196 3641 5263 ὢν,
3660 5198 3809 5257 Θεὸν

2198 5269 2328 5324 ὄντα
2364 5272 2454 5324 τὸν
2478 5274 2605 5326 Υίὸν
2633 5278 3008 5345 ἐπιγινώσκει,
3045 5282 3128 5345 τίς
3162 5282 3272 5335 τῶν
3315 5285 3479 5357 ἔτερα
3507 5289 3804 5343 διδασκόν-

2199 5376 2306 5413 των
2332 5364 2583 5431 ἀνέξεται
2608 5385 2622 5433 ;

2281 5475 2300 5508 ι
2327 5454 2514 5520 Ὥστε,
2550 5454 2705 5525 φησι,
2752 5453 2830 5524 μή
2872 5455 2979 5525 πρὸ
3012 5456 3208 5525 καιροῦ
3243 5475 3296 5510 τι
3326 5459 3564 5528 κρίνετε,
3593 5460 3700 5525 ἕως
3727 5464 3806 5515 ἂν

2205 5549 2334 5619 ἔλθῃ
2365 5550 2392 5601 ὁ
2423 5548 2650 5620 Κύριος,
2678 5548 2737 5614 ὃς
2766 5549 2860 5602 καὶ
2891 5549 3118 5618 φωτίσει
3169 5550 3237 5602 τὰ
3284 5553 3509 5622 κρυπτά
3536 5554 3632 5607 τοῦ
3666 5560 3800 5608 σκί-

1108 5728 1127 5757 ¹
1160 5724 1316 5779 Rom.
1349 5723 1639 5787 ιν,16.17.
1718 5725 1737 5755 ³
1763 5724 1917 5778 Joan.
1946 5741 2055 5787 xw,
2098 5726 2150 5777 6.
2209 5725 2227 5756 ⁸
2258 5726 2414 5779 Joan.
2464 5741 2536 5784 vr.
2576 5726 2660 5781 40.
2741 5728 2760 5759 '
2796 5727 2954 5789 Joan.
2980 5746 3052 5794 vr,
3102 5730 3192 5785 25.
3238 5731 3432 5785 “Rom.
3484 5733 3664 5794 xv,l5,
3702 5733 3787 5787 l6.

525 5790 545 5821 "
581 5789 739 5852 liom,
766 5811 800 5860 ι,
831 5795 878 5849 1.
929 5793 1145 5849 ‘Galat.
1180 5812 1218 5861 ι,
1256 5795 1432 5849 lii-16.
1509 5794 1570 5849 Ἰ
1602 5794 1727 5851 Cor.
1763 5810 1819 5862 It,
1852 5794 1903 5848 8.
1980 5797 2025 5829 "
2050 5795 2112 5851 Ηι

2222 5811 2314 5860 tu,
2349 5797 2383 5847 2
2423 5811 2439 5856 ;

2517 5796 2621 5852 isa.
2656 5800 2802 5866 vr,3.
2847 5802 2879 5830 ¹¹
2910 5798 3170 5868 ΙύυτΛν,
3206 5804 3253 5859 ι.
3338 5804 3378 5835 ¹²
3410 5803 3587 5858 Galat.
3624 5819 3662 5870 ι,
3693 5802 3787 5858 l2.
