4064 6392
327 301 427 364 645
1252 310 1625 371 ΡΑΝΟίἾιῘΛ
1668 311 2126 374 ΒΟΟΜἉἸΊΟΑ.
2171 340 2241 350 --
2280 313 2425 377 ΤΙΤ.
2474 318 2581 376 ΧΙ.

308 427 442 481 Θεοῦ
478 428 571 482 καὶ
602 427 832 498 Πατρὸς,
860 427 1066 498 Κύριός
1102 429 1217 481 ἐστι
1251 431 1342 483 καὶ
1373 432 1401 483 ὁ
1433 429 1576 495 Υἱὸς,
1622 431 1715 484 καὶ
1749 435 1776 486 ὁ
1806 451 1893 487 πι-

1996 434 2279 501 Dominus,
2312 432 2485 493 Filius
2508 451 2725 512 quoque
2752 455 2835 498 est
2866 438 3151 514 Dominus,
3186 461 3240 507 et
3265 453 3359 522 qui
3403 457 3580 512 credit

309 520 514 574 στεύων
542 521 622 583 είς
654 519 836 607 αῦτὸν,
860 522 939 584 εἰς
970 520 1060 574 τὸν
1086 522 1303 593 Πατέρα
1324 522 1588 576 πιστεύει.
1640 523 1733 577 Ἕκ
1777 525 1893 578 Πα-

1996 528 2047 580 in
2083 528 2283 595 ipsum,
2316 531 2370 583 in
2404 529 2619 586 Patrem
2666 536 2860 591 credit.
2903 538 2977 592 Ex
3020 540 3181 596 Patre
3224 519 3368 598 enim
3406 551 3579 602 mani-

308 613 433 684 τρδς
464 613 573 684 γὰρ
602 608 847 685 δηλονότι
884 615 980 665 καὶ
1009 615 1066 666 ὲν
1126 614 1299 686 Πατρλ⁵
1345 616 1587 685 φυσικῶς
1632 617 1893 687 ὑπάρχων

1996 619 2130 673 {este
2171 632 2225 675 et
2276 621 2327 676 in
2375 618 2534 678 Patre
2571 628 2893 682 naturaliter
2924 632 3198 688 exsistens
3242 633 3435 702 Filius,
3490 643 3578 692 ha-

307 705 454 771 Υἱὸς,
486 706 627 777 ἔχων
656 724 717 760 τε
755 703 821 761 αῦ
853 706 1016 759 πάλιν
1052 707 1109 759 ὲν
1139 706 1319 777 ἑαυτῷ
1354 707 1445 760 τὸν
1479 708 1718 780 Πατέρα,
1762 727 1888 762 συν-

1996 710 2237 779 bensque
2265 711 2501 768 vicissim
2532 714 2586 769 in
2628 732 2686 770 se
2716 716 2950 782 Patrem,
2990 722 3150 776 simul
3181 741 3303 779 cunt
3340 743 3404 780 eo
3436 729 3577 784 Deus

305 799 641 867 θεολογεῖται
692 797 789 853 καὶ
840 797 1241 863 συνδοξάζεται.
1286 800 1396 852 Kal
1435 799 1607 862 οὕτως
1641 801 1720 863 εἰς
1763 801 1892 870 μίαν

1996 800 2214 866 dicitur,
2254 815 2309 858 et
2339 806 2498 860 simul
2529 807 2884 877 gloriﬁcatur.
2920 814 3096 883 Atque
3124 817 3197 871 ita
3233 820 3573 874 credentium

302 889 590 944 ἀναϐαίνει
640 890 869 960 θεότητα
917 889 1028 944 τῶν
1078 891 1468 962 προσιόντωνή
1528 890 1730 955 πίστις.
1760 891 1889 956 Πῶς

1996 889 2126 947 ﬁdes
2155 892 2211 947 in
2252 912 2411 951 unam
2444 899 2699 953 deitatem
2730 903 2923 956 tendit.
2957 906 3240 969 Quomodo
3273 909 3439 977 igitur
3475 924 3576 965 an-

302 976 402 1035 οῦν
432 982 492 1034 ὲν
534 982 857 1051 ποιήμασιν,
884 983 912 1034 ὁ
942 982 1124 1035 πάντα
1157 981 1295 1048 ἔχων
1321 980 1477 1035 κοινὰ
1506 982 1639 1053 πρὸς
1668 980 1759 1034 τὸν
1797 979 1903 1035 Πα-

1996 985 2367 1041 aumerabitur
2403 989 2674 1043 creaturis
2709 990 2801 1059 qui
2837 994 3022 1047 omnia
3071 995 3231 1051 habet
3261 976 3575 1056 communia

299 1073 461 1144 τέρα,
489 1072 565 1136 ὡς
604 1071 812 1142 ἀληθὴς
846 1071 1013 1126 αὐτοῦ
1069 1073 1167 1142 τῆς
1204 1073 1394 1136 οὐσίας
1444 1072 1678 1144 καρπὸς,
1719 1070 1814 1126 καὶ
1839 1071 1900 1126 οὗ

1996 1094 2107 1135 cum
2154 1075 2341 1145 Patre,
2377 1089 2437 1135 ut
2483 1095 2646 1136 verus
2687 1086 2943 1140 essentia;
2982 1087 3149 1158 ipsius
3194 1092 3424 1159 fructus,
3462 1111 3567 1149 non

301 1163 564 1232 καθάπερ
596 1164 759 1233 ἡμεῖς
788 1161 935 1215 θετο“ι
972 1162 1108 1234 πρὸς
1152 1162 1377 1233 υἱότητα
1422 1162 1516 1215 καὶ
1547 1162 1898 1235 ἐγκεκεντρι-

1996 1181 2166 1225 autem
2220 1171 2363 1257 sicut
2421 1186 2517 1227 nos
2582 1173 2827 1243 ad0ptitii
2884 1170 2977 1231 lilii
3017 1190 3177 1249 atque
3216 1185 3402 1239 inserti
3449 1202 3570 1241 sur-

300 1274 330 1307 σ
338 1258 481 1327 μένα
513 1254 866 1326 βλαστήματα
891 1271 906 1319 ;
1981 1261 2125 1319 culi?

3474 322 3576 386 tu;
3662 294 3673 307 ’

381 1479 401 1509 ο
437 1459 660 1513 Γίνεσθε
705 1455 795 1514 οὖν
831 1459 1068 1529 μιμηταὶ
1114 1459 1210 1511 τοῦ
1243 1457 1404 1523 Θεοῦ,
1438 1459 1513 1522 ὡς
1547 1459 1713 1514 τέκνα
1761 1461 1898 1528 ἀγα-

302 1550 476 1619 πητὰ,
516 1550 614 1605 καὶ
642 1553 995 1622 περιπατεῖτε
1020 1553 1077 1602 ὲν
1107 1552 1321 1620 ἀγάπῃ,
1353 1549 1537 1627 καθὼς
1577 1551 1673 1606 καὶ
1707 1552 1735 1603 ὁ
1762 1552 1897 1620 Χρι-

305 1641 431 1705 στὸς
471 1642 760 1712 ἠγάπησεν
789 1642 959 1712 ἡμᾶς,
1005 1641 1101 1694 καὶ
1150 1640 1466 1710 παρέδωκεν
1516 1640 1710 1694 ἑαυτὸν
1757 1640 1900 1711 ὑπὲρ

1996 1634 2172 1688 dilexit
2199 1651 2319 1700 nos,
2357 1648 2410 1689 et
2442 1636 2663 1691 tradidit
2695 1638 2933 1709 scipsum
2965 1657 3062 1710 pro
3095 1644 3287 1698 nobis‘

2062 1472 2081 1505 ι
2118 1450 2253 1533 Sitis
2319 1468 2471 1522 ergo,
2514 1454 2709 1524 inquit,
2764 1456 3069 1513 imitatores
3115 1461 3231 1525 Dei,
3286 1466 3426 1517 sicut
3458 1466 3569 1520 .tiiit

1985 1544 2191 1610 dilecti,
2217 1555 2268 1599 et
2304 1546 2578 1601 ambulate
2622 1547 2676 1601 in
2726 1549 3018 1616 eharitate,
3064 1553 3206 1606 sicut
3235 1564 3290 1606 et
3320 1556 3572 1613 Christus

3322 1684 3336 1698 .
3376 1664 3395 1697 ι
3437 1646 3571 1705 Vide

304 1734 482 1805 ἡμῶν.
525 1753 544 1786 ι
580 1734 722 1804 Ὅρα
755 1733 818 1805 δὴ
842 1733 1005 1786 πάλιν
1033 1733 1183 1797 ὅπως
1234 1732 1364 1786 Θεὸν
1393 1728 1499 1786 οἶδέ
1549 1750 1607 1786 τε
1645 1733 1742 1786 καὶ
1780 1733 1897 1784 ὀνο-

1996 1741 2179 1779 rursns
2231 1729 2502 1796 quomodo
2531 1727 2805 1783 Christum
2854 1731 3019 1785 Deum
3055 1749 3119 1786 ac
3150 1732 3434 1789 Dominum
3483 1755 3576 1792 no-

305 1827 471 1897 μάζει
501 1826 758 1897 Χριστόν.
796 1824 1053 1897 Είρηκὼς
1084 1824 1193 1896 γὰρ
1229 1824 1340 1879 δεῖν
1369 1826 1517 1897 ἡμᾶς
1549 1822 1793 1896 μιμητὰς
1813 1841 1900 1893 γε-

1996 1820 2178 1872 minet.
2208 1818 2343 1873 Cum
2373 1821 2516 1873 enim
2549 1822 2776 1876 dixisset
2803 1821 3003 1877 debere
3034 1840 3132 1879 nos
3174 1825 3290 1880 ﬁeri
3324 1827 3570 1884 imitato-

304 1914 495 1968 νέσθαι
556 1913 715 1977 Θεοῦ,
761 1915 925 1977 εὐθὺς
973 1911 1338 1983 παρατίθησιν
1389 1913 1573 1976 αὐτὸν,
1626 1913 1721 1967 καὶ
1751 1914 1898 1977 ὅπως

301 2005 595 2075 μιμεῖσθαι
645 2006 936 2076 προσήκει,
984 2004 1223 2059 διδάσκει
1268 2004 1475 2072 λέγων·
1508 2024 1526 2056 ι
1561 2006 1760 2069 Καθὼς
1804 2006 1899 2059 καὶ

298 2100 326 2151 ὁ
362 2097 603 2167 Χριστὸς
637 2098 925 2168 ἠγάπησεν
968 2099 1136 2168 ἡμᾶς,
1171 2099 1265 2151 καὶ
1286 2097 1476 2152 ἑαυτὸν
1522 2098 1723 2153 ἔδωκεν
1758 2100 1899 2171 ὑπὲρ

301 2191 484 2261 ἡμῶν.
529 2210 547 2241 ι
582 2189 717 2244 Θεοῦ
748 2191 1038 2261 τοιγαροῦν
1063 2190 1216 2253 ὄντος
1246 2208 1304 2243 τε
1327 2190 1487 2262 φύσει
1522 2191 1612 2245 καὶ
1640 2193 1900 2263 ὀνομαζο-

305 2280 474 2352 μένου
516 2282 777 2354 Χριστοῦ,
806 2281 1091 2337 καὶτοῦτο
1135 2281 1288 2353 παρὰ
1329 2282 1423 2335 τοῦ
1462 2283 1899 2353 πεπιστευμένου

303 2373 366 2427 τὸ
396 2374 738 2442 Εὑαγγέλιον
770 2373 918 2444 παρὰ
939 2372 1075 2427 Θεοῦ
1100 2373 1195 2426 xal
1228 2374 1459 2443 Πατρὸς,
1498 2374 1580 2437 τίς
1602 2374 1711 2428 τῶν
1738 2375 1902 2446 ἕτερα

304 2464 581 2533 λεγόντων
628 2465 915 2532 ἀνέξεται;
955 2465 1012 2518 '0
1055 2464 1112 2517 δὲ
1160 2464 1322 2532 φύσει
1366 2465 1520 2532 Θεὸς,
1557 2465 1675 2529 πῶς
1706 2467 1772 2521 ἂν
1813 2466 1902 2538 εἴη

305 2558 521 2628 κτίσμα
549 2557 581 2626 ἦ
614 2558 865 2629 ποίημα;

383 2798 404 2833 ι
450 2779 626 2833 Τοῦτο
652 2778 760 2850 γὰρ
810 2778 924 2834 ἴστε
963 2780 1329 2849 γινώσκοντες
1354 2782 1435 2837 ὅτι
1480 2784 1590 2846 πᾶς
1623 2784 1840 2854 πόρνος,
1868 2783 1900 2854 ἢ

309 2871 643 2941 ἀκάθαρτος,
670 2872 705 2943 ἢ
733 2872 1080 2943 πλεονέκτης,
1107 2874 1166 2937 ὃς
1190 2875 1337 2927 ἐστιν
1357 2875 1771 2946 εἰδωλολάτρης,
1802 2877 1903 2929 οὐκ

310 2968 423 3034 ἔχει
471 2966 842 3036 κληρονομίαν
892 2966 951 3020 ὲν
980 2970 1047 3037 τῇ
1106 2966 1354 3039 βασιλείᾳ
1382 2966 1475 3021 τοῦ
1531 2967 1767 3038 Χριστοῦ
1807 2969 1903 3021 καὶ

1982 1928 2073 1966 res
2119 1912 2234 1977 Dei,
2283 1913 2495 1978 statim,
2533 1913 2811 1983 Seipsnm,
2859 1916 3126 1986 adjungit,
3173 1928 3226 1974 et
3271 1934 3378 1989 quo
3411 1935 3573 1989 pacto

1983 2004 2279 2060 imitandus
2308 2005 2400 2069 sit,
2425 2004 2582 2059 docet
2611 2006 2801 2060 dicens
2831 2024 2843 2059 :
2883 2027 2901 2058 ι
2932 2008 3089 2063 Sicut
3118 2020 3174 2064 et
3206 2009 3460 2068 Christus
3490 2014 3572 2067 di-

1983 2093 2115 2151 lexit
2148 2110 2268 2162 nos,
2304 2107 2358 2150 et
2392 2096 2614 2150 tradidit
2643 2097 2883 2167 seipsum
2913 2112 3012 2167 pro
3041 2101 3270 2156 nobis'.»
3301 2100 3435 2155 Cum
3471 2104 3572 2156 ita-

1982 2202 2087 2258 que
2121 2186 2372 2242 Christus
2415 2188 2483 2242 sit
2512 2202 2703 2242 revera
2735 2198 2790 2243 et
2819 2200 3043 2245 vocetur
3086 2180 3249 2258 Deus,
3300 2192 3366 2246 ab
3389 2208 3454 2247 eo
3482 2196 3569 2248 cui

1982 2278 2249 2334 creditum
2281 2289 2364 2334 est
2398 2280 2506 2334 Deo
2540 2295 2604 2334 ac
2638 2278 2803 2335 Patre
2839 2281 3212 2353 Evangelium,
3276 2286 3397 2354 quis
3432 2287 3574 2342 ferat

1983 2384 2079 2425 eos
2106 2370 2196 2440 qui
2228 2382 2419 2427 contra
2462 2372 2742 2427 sentiunt?
2776 2373 2879 2442 Qui
2907 2390 3033 2429 vero
3064 2386 3145 2431 est
3177 2389 3373 2433 natura
3407 2380 3571 2449 Deus,

1984 2464 2256 2533 quomodo
2450 2476 2451 2479 ‘
2481 2465 2553 2520 sit
2583 2479 2719 2535 opus
2748 2466 2835 2521 vel
2861 2467 3155 2522 creatura?

2062 2795 2082 2831 ι
2119 2777 2235 2834 Hoc
2279 2778 2448 2846 enim,
2493 2780 2689 2849 laqut't,
2745 2780 2965 2845 scitote,
2998 2780 3142 2850 quod
3191 2783 3372 2836 omnis
3407 2780 3578 2837 forni-

1987 2880 2163 2936 cator,
2208 2882 2301 2927 aut
2329 2872 2666 2938 immundus,
2695 2883 2790 2927 aut
2816 2888 3032 2937 avarus,
3061 2874 3152 2943 qui
3186 2884 3273 2928 est
3308 2874 3575 2929 idolorum

1984 2964 2183 3028 cultor,
2217 2979 2325 3019 non
2367 2965 2527 3019 habet
2572 2966 2944 3019 hereditatem
2973 2966 3025 3017 in
3074 2980 3243 3033 regno
3273 2967 3477 3022 Christi
3515 2976 3578 3023 ac

311 3058 469 3110 Θεοῦ.
508 3077 528 3107 ›
577 3056 709 3110 Ἰδοὺ
748 3058 910 3112 πάλιν
941 3060 1178 3130 Χριστὸν
1216 3057 1511 3130 ὀνομάσας,
1546 3059 1707 3122 εὐθὺς
1740 3060 1903 3113 αὐτὸν

1996 3053 2085 3110 Dei
2156 3052 2196 3106 '.
2242 3070 2262 3104 ι
2359 3055 2501 3111 Ecce
2559 3070 2751 3111 rursus
2782 3070 2904 3111 cum
2942 3057 3219 3111 Christum
3253 3059 3575 3125 nominavit,

313 3151 558 3217 εἰσφέρει
603 3150 695 3201 καὶ
756 3148 910 3215 Θεὸν,
961 3150 1036 3213 ὡς
1074 3151 1169 3204 τοῦ
1224 3150 1361 3205 Θεοῦ
1414 3152 1510 3206 καὶ
1572 3151 1786 3222 Πατρὸς
1844 3151 1902 3205 ιν
1954 3156 1957 3161 λ

316 3240 459 3309 αὐτῷ
510 3239 928 3310 βασιλεύοντος,
991 3242 1156 3295 αὑτοῦ
1214 3260 1274 3295 τε
1337 3238 1407 3296 αὖ
1475 3243 1636 3297 πάλιν
1710 3246 1768 3297 ἐν
1822 3244 1903 3316 τῷ

320 3334 509 3405 Πατρὶ,
555 3332 695 3386 κατὰ
725 3333 785 3386 τὸ
818 3334 947 3404 παρ’
980 3334 1143 3386 αὐτοῦ
1189 3334 1480 3406 λεγόμενον
1525 3335 1600 3399 ὡς
1644 3335 1781 3406 πρὸς
1810 3336 1902 3390 τὸν

325 3426 557 3495 Πατέρα,
604 3426 685 3479 ὅτι
730 3446 748 3477 t
812 3426 999 3480 Πάντα
1043 3426 1115 3479 τὰ
1160 3428 1271 3497 ἐμὰ
1320 3428 1389 3481 σά
1432 3430 1568 3494 ἐστι,
1602 3428 1696 3481 καὶ
1741 3428 1808 3481 τὰ
1836 3428 1905 3481 σὰ

332 3512 449 3579 tua.
484 3532 501 3564 ι
544 3513 641 3566 Ἕν
670 3512 729 3566 δὲ
778 3513 890 3567 τῶν
931 3516 1152 3569 πάντων
1187 3518 1219 3586 ἡ
1270 3515 1538 3587 βασιλεία,
1591 3518 1745 3588 κοινὴ
1805 3518 1905 3587 μὲν

345 3599 449 3670 Υἱῷ
476 3604 600 3672 πρὸς
632 3604 873 3677 Πατέρα,
910 3607 1063 3675 κοινὴ
1102 3607 1159 3660 δὲ
1189 3609 1363 3679 Πατρὶ
1395 3608 1532 3679 πρὸς
1578 3609 1728 3674 Υἱὺν,
1763 3626 1902 3678 cupa

349 3691 694 3758 ϐασιλεύοντος
714 3694 914 3767 δηλαδὴ
939 3697 1035 3751 τοῦ
1066 3698 1224 3766 ἁγίου
1248 3698 1388 3752 Πνεύ
1399 3717 1566 3770 ματος
1587 3718 1599 3731 ·
1633 3700 1775 3752 οὕτω
1794 3698 1904 3768 γὰρ

336 3785 507 3852 mea
541 3789 638 3842 καὶ
674 3788 1131 3859 προσκυνουμένη
1165 3789 1355 3861 Τριὰςν
1386 3792 1467 3854 είς
1508 3791 1605 3861 τὴν
1656 3792 1785 3861 μίαν
1805 3790 1905 3861 τῆς

325 3874 569 3948 θεάτητος
596 3879 930 3951 ἀναφέρεται
968 3880 1151 3949 φύσιν.
1181 3882 1319 3945 Πῶς·
1336 3878 1428 3935 οὖν
1455 3884 1668 3952 ποίημα
1697 3884 1726 3935 ὁ
1750 3882 1904 3952 βασι-

319 3968 488 4024 λεύων
515 3973 577 4024 ἐν
604 3973 780 4043 Πατρὶ
806 3971 904 4027 καὶ
931 3972 1073 4043 μετὰ
1106 3974 1318 4045 Πατρδς
1341 3974 1475 4037 Θεὸς
1508 3977 1709 4042 Λόγοςς

386 4217 406 4249 ι
447 4196 658 4267 Μηδεὶς
687 4196 831 4265 ὑμᾶς
855 4196 1118 4250 ἀπατάτω
1150 4200 1325 4261 κενοῖς
1357 4198 1552 4267 λόγοις.
1591 4200 1689 4252 Διὰ
1737 4198 1907 4254 ταῦτα

311 4291 421 4361 γὰρ
448 4288 717 4360 ἔρχεταιὴ
746 4288 884 4357 ὀργὴ
910 4287 1003 4340 τοῦ
1027 4287 1162 4341 Θεοῦ
1190 4288 1282 4341 ἐπὶ
1305 4290 1433 4353 τοὺς
1458 4291 1607 4352 υἱοὺς
1632 4294 1731 4361 τῆς
1757 4292 1909 4344 ἁπειρ

310 4379 492 4444 θείας.
538 4399 555 4429 ι
588 4381 697 4433 Kal
725 4379 871 4443 τίνες
907 4379 973 4432 ἂν
1007 4376 1115 4432 εἷεν
1148 4382 1196 4433 oi
1244 4380 1341 4451 τῆς
1379 4381 1661 4446 ἀπειθείας
1697 4385 1822 4444 υίοὶ,
1861 4386 1907 4437 εί

312 4475 385 4546 μὴ
415 4474 642 4533 πάντως
679 4472 727 4525 oi
755 4470 842 4524 διὰ
875 4470 969 4523 τοῦ
1010 4471 1357 4541 πλημμελεῖν
1390 4471 1502 4525 τῶν
1525 4472 1618 4525 τοῦ
1657 4474 1909 4545 Σωτῆρος

308 4566 829 4635 ἁποσκιρτήσαντες
866 4564 1081 4629 νόμων;
1119 4564 1179 4616 Εἰ
1206 4563 1262 4617 δὲ
1304 4562 1518 4628 τούτοις
1558 4566 1781 4634 ἐπάγων
1812 4569 1910 4637 τὴν

306 4660 508 4729 δργὴν,
550 4657 711 4719 αὐτός
739 4659 887 4711 ἐστιν
930 4656 960 4708 ὁ
1010 4656 1201 4727 Σωτὴρ
1235 4655 1323 4709 διὰ
1369 4655 1465 4709 τοῦ
1499 4656 1677 4726 λέγειν
1700 4672 1714 4686 θ
1751 4676 1769 4708 t
1808 4657 1910 4709 Ilo-

311 4747 544 4812 ρεύεσθε
602 4746 696 4799 ἀπ’
748 4746 903 4816 ἐμοῦ,
932 4748 980 4799 οἱ
1008 4747 1407 4817 κατηραμένοι,
1468 4750 1546 4812 εἰς
1593 4749 1653 4801 τὸ
1712 4749 1822 4819 πῦρ
1850 4749 1911 4801 τὸ

308 4838 557 4891 αἰώνιονο
599 4855 618 4888 ι
646 4838 740 4891 καὶ
769 4836 902 4890 Θεὸν
934 4836 1095 4889 αὑτὸν
1125 4839 1153 4890 ὁ
1184 4840 1455 4910 μακάριος
1480 4842 1692 4905 Παῦλος
1725 4836 1829 4893 οῗδέ
1844 4855 1909 4893 τε

308 4929 468 4992 ὄντα,
495 4929 590 4981 καὶ
615 4928 857 5000 εἰσφέρει
882 4927 969 4981 διὰ
1000 4928 1227 4982 τούτων’
1253 4930 1335 4994 τίς
1358 4930 1463 4983 τῶν
1496 4934 1621 5000 ποίη
1630 4952 1702 5002 μα
1728 4933 1911 4999 λεγόν-

312 5035 428 5073 των
461 5018 706 5084 ἀνίξεται
725 5036 739 5081 ;

316 5114 447 5185 Τοῦ,
482 5112 666 5169 αὐτοῦ
702 5114 781 5185 ex
827 5110 951 5185 τῷν
991 5109 1142 5185 κατὰ
1197 5106 1486 5185 Ἰωάννην
1533 5100 1901 5185 Etiam-acor

388 5183 769 5255 ἐξητητικῶν
796 5182 949 5255 πρὸς
1001 5177 1673 5255 Ἀρειιξγοὺς-λέιςοντας
1697 5177 1909 5255 ἕτερον

386 5241 545 5311 sirit}
566 5241 681 5309 ’τὸν
712 5241 1075 5308 “arma!
1088 5250 1193 5304 τοῦ
1226 5241 1374 5302 Θεοῦ
1404 5241 1625 5315 Adfor,
1657 5246 1755 5297 καὶ
1783 5241 1911 5296 ὅτε·

386 5344 503 5397 ρον
534 5325 637 5380 τόν
668 5326 826 5379 Υίόν.

394 5440 653 5511 Ἕτερον,
680 5441 869 5509 φασὶν,
886 5438 1019 5491 ὄντα
1044 5436 1136 5489 τὸν
1162 5434 1290 5486 Υίὸν
1318 5430 1469 5502 παρὰ
1496 5430 1584 5482 τὸν
1604 5426 1905 5482 ἐνδιάθετον

318 5537 487 5605 λόγον
528 5536 879 5605 εὑρίσκομεν,
907 5533 968 5585 οὐ
996 5533 1114 5592 ταῖς
1141 5527 1345 5580 ἑαυτῶν
1376 5525 1608 5581 ἐννοίαις
1641 5522 1720 5584 εἰς
1750 5519 1908 5574 τοῦτο

322 5628 687 5699 προσέχοντες
709 5667 723 5692 ,
762 5626 896 5680 ἀλλὰ
930 5627 1042 5685 τοῖς
1074 5622 1179 5674 ἀπὸ
1207 5620 1306 5689 τῆς
1337 5618 1487 5681 θείας
1520 5617 1739 5685 Γραφῆς
1774 5613 1910 5666 θεω-

326 5726 591 5794 ρήμασιν.
646 5721 819 5774 Ὅταν
866 5720 973 5787 γὰρ
1018 5713 1340 5784 ἀκούσωμεν
1386 5710 1482 5765 τοῦ
1543 5708 1671 5763 Tim)
1724 5708 1915 5774 λέγον-

1988 3148 2174 3201 statim
2220 3149 2497 3219 snhjnngit
2543 3158 2594 3202 et
2635 3151 2821 3217 Deum,
2856 3159 3042 3218 utpote
3089 3151 3195 3205 Deo
3239 3162 3293 3207 et
3325 3151 3488 3208 Patre
3522 3154 3575 3208 in

1991 3236 2110 3306 ipso
2149 3248 2435 3310 regnante,
2482 3240 2707 3310 iptteque
2742 3257 2961 3297 rursum
3003 3243 3057 3297 in
3102 3243 3283 3309 Patre,
3325 3246 3480 3315 juxta
3516 3247 3580 3299 il‘-

1990 3329 2081 3382 lttd
2133 3346 2163 3384 a
2214 3346 2274 3385 se
2328 3332 2394 3385 ad
2446 3330 2663 3387 Patrem
2714 3333 2961 3387 dictum:
3004 3351 3025 3385 ι
3070 3334 3263 3389 Omnia
3322 3352 3439 3391 mea
3490 3347 3577 3390 tua

1990 3432 2136 3485 sunt,
2179 3433 2232 3477 et
2280 3436 2369 3477 tua
2428 3440 2546 3479 mea
2602 3429 2638 3479 '.
2668 3444 2688 3478 ι
2727 3425 2905 3481 Unum
2962 3439 3146 3481 autem
3203 3430 3446 3483 onmium
3495 3439 3583 3483 est

1994 3527 2217 3582 regnum
2251 3530 2582 3571 :commune
2615 3517 2833 3585 quidem
2881 3518 3030 3573 Patri
3070 3534 3192 3573 eum
3231 3520 3388 3583 Filio,
3433 3538 3587 3575 com-

1992 3618 2159 3678 mune
2196 3616 2327 3660 vero
2359 3602 2495 3659 Filio
2534 3620 2657 3659 cum
2695 3605 2875 3670 Patre,
2907 3615 3281 3678 conregnattte
3320 3609 3578 3663 nimirum

1992 3676 2060 3749 et.
2095 3694 2301 3762 Spiritu
2356 3705 2592 3753 sancto:
2640 3696 2713 3750 ita
2764 3697 2911 3750 enim
2954 3676 3143 3752 sancta
3193 3709 3251 3750 et
3301 3701 3577 3752 adoranda

1998 3787 2244 3842 Trinitas
2288 3787 2340 3841 in
2376 3801 2538 3841 unam
2571 3787 2791 3842 deitatis
2827 3798 3075 3840 naturam
3115 3788 3407 3857 colligitur.
3441 3789 3584 3856 Quo-

1997 3878 2160 3933 modo
2186 3878 2351 3951 igitur
2380 3878 2454 3933 sit
2489 3888 2738 3932 creatura
2781 3878 2924 3933 Deus
2955 3878 3189 3933 Verbuzn
3240 3882 3291 3933 in
3331 3880 3491 3935 Patre
3528 3890 3584 3935 ct

1996 3986 2121 4026 cum
2158 3969 2319 4026 Patre
2350 3970 2622 4040 regnans?

2073 4202 2338 4267 (Nullus,
2387 4203 2584 4272 inquit,
2652 4220 2748 4259 vos
2797 4204 3051 4259 inanibus
3099 4203 3335 4273 decipiat
3385 4204 3585 4260 verbis.

2002 4296 2235 4366 Propter
2262 4298 2377 4351 hare
2416 4296 2561 4352 enim
2590 4298 2738 4352 venit
2765 4302 2842 4351 ira
2882 4298 2974 4352 Dei
3017 4299 3069 4352 in
3104 4294 3242 4353 ﬁlios
3273 4298 3592 4353 inobedien-

2004 4392 2094 4445 tiae
2146 4391 2186 4444 ⁸.
2217 4412 2236 4444 ι
2283 4390 2515 4457 Quinam
2553 4407 2684 4446 vero
2732 4391 2842 4446 sint
2892 4392 2986 4446 ﬁlii
3037 4392 3446 4453 inolietlientiaz,
3490 4393 3590 4447 nisi

2005 4485 2095 4554 qui
2126 4501 2222 4555 per
2249 4493 2469 4552 peccata
2501 4500 2530 4537 a
2572 4483 2883 4539 Servatoris
2929 4485 3098 4539 nostri
3136 4485 3345 4555 legibus
3388 4486 3593 4542 resilie—

2007 4574 2170 4631 runt?
2202 4576 2256 4629 Si
2288 4591 2417 4630 vero
2448 4575 2493 4630 is
2526 4576 2619 4645 qui
2659 4576 2795 4629 iram
2838 4576 2891 4629 in
2926 4574 3046 4630 illos
3088 4576 3334 4630 immittit
3361 4587 3444 4632 est
3479 4579 3593 4647 ipse

2005 4673 2278 4739 Christus,
2329 4673 2517 4727 dicens
2550 4690 2564 4727 :
2602 4691 2621 4725 t
2654 4672 2926 4727 Discedite
2966 4686 2994 4724 a
3026 4685 3132 4732 me,
3180 4670 3478 4737 maledicti,
3538 4672 3591 4725 in

2008 4768 2187 4835 ignem
2213 4779 2475 4818 EBlel‘lllllll
2522 4770 2577 4830 ⁶;
2611 4782 2629 4815 ι
2668 4770 2723 4817 et
2766 4762 2957 4816 beatus
2987 4760 3185 4815 Paulus
3215 4760 3383 4815 Deum
3417 4762 3613 4835 ipsum.

2006 4873 2129 4913 esse
2180 4859 2347 4921 norit,
2394 4855 2666 4927 talemque
2726 4854 2954 4919 inducit,
3012 4853 3264 4922 quisnam
3312 4869 3406 4910 eos
3455 4846 3613 4909 ierat

2007 4950 2099 5019 qui
2132 4950 2306 5016 ipsum
2328 4957 2636 5002 creaturam
2668 4961 2787 5001 esse
2819 4938 3043 5000 dicunt?

2012 5097 2268 5184 Ejusdem
2300 5114 2364 5153 ea:
2391 5102 2784 5184 commeaturus
2809 5102 2890 5184 in
2943 5102 3181 5184 ..γοαηῆὶε
3214 5102 3595 5184 ΔΙῖιιιιησιίίιέυι

2084 5171 2333 5223 adversus
2377 5168 2606 5227 Arianae
2644 5172 2872 5227 dicentes
2919 5175 3180 5231 divorsum
3206 5168 3451 5232 intima?»
3494 5172 3594 5228 Dei

2098 5237 2318 5295 Verbum
2345 5259 2377 5295 ο
2407 5241 2577 5300 Filio.

2092 5422 2298 5490 Alium,
2372 5425 2568 5495 inquit,
2643 5440 2764 5481 esse
2845 5424 3298 5496 deprehendimus
3374 5419 3591 5482 Filium,

2020 5531 2184 5587 quam
2240 5517 2319 5571 sit
2351 5517 2602 5572 intimum
2653 5516 2912 5573 Verbum.
2972 5514 3139 5584 quue
3193 5526 3302 5566 non
3357 5509 3592 5577 propriis

2024 5610 2178 5665 nobis
2227 5610 2595 5681 opinionibus,
2646 5610 2740 5663 sed
2791 5610 3086 5676 Scriptura:
3136 5600 3464 5663 testimoniis
3492 5599 3596 5655 ad-

2024 5704 2172 5759 ducti
2206 5702 2613 5776 persuademus.
2651 5700 2785 5755 Cum
2819 5700 2962 5752 enim
3006 5696 3203 5752 Filium
3232 5695 3491 5752 audimus
3521 5693 3599 5747 ita

417 5833 438 5866 ⁸
467 5830 664 5902 Ephcs.
696 5846 747 5901 ν,
793 5827 845 5895 i,
879 5826 934 5883 2.
1014 5830 1033 5860 ²
1061 5825 1200 5886 ibid.
1279 5823 1302 5856 ⁸
1327 5823 1466 5883 ibid.
1488 5818 1541 5876 5.
1619 5819 1637 5851 ’δ
1678 5814 1836 5880 Joan.
1867 5838 1906 5877 x‘

1996 5868 1998 5879 ,
2037 5818 2121 5873 l0.
2200 5816 2219 5845 ⁵
2243 5813 2453 5877 Ephesi.
2488 5829 2541 5874 ν,
2573 5811 2626 5865 6.
2706 5811 2726 5840 °
2758 5805 2952 5862 Matth.
2987 5820 3112 5860 xxv.
3146 5797 3235 5852 Η.
