4064 6410
374 317 488 385 633

1624 319 2018 384 EUTHYMII
2058 325 2429 390 ZiGABENi

3563 330 3671 394 664

377 450 639 510 perquam
695 436 983 510 exiguum,
1066 439 1344 509 quomodo
1399 446 1706 511 temporum
1747 437 1968 496 effector

2075 460 2195 498 τινα
2255 465 2346 501 και
2383 451 2673 521 ἀκαριαῖον
2703 449 2927 521 δοίημεν
2956 447 3142 516 αὒτδν,
3200 449 3318 512 πῶς
3353 447 3508 501 ἔσται
3540 449 3664 520 χρό-

376 527 549 589 Filius
568 530 698 595 erit,
730 531 891 603 cujus
923 540 1105 588 ortum
1153 532 1407 591 voluntas
1454 541 1510 589 et
1544 533 1832 589 consilium
1882 548 1981 588 an-

377 622 632 679 tecedit?
691 622 798 678 Sed
847 630 1156 693 temporum
1196 631 1389 680 auctor
1442 632 1550 682 est.
1599 623 1731 678 Erat
1789 622 1976 692 igitur.

372 724 430 771 et
456 726 584 771 ante
628 724 811 770 ortum
845 714 994 772 illius
1012 726 1098 770 est
1139 716 1296 771 nihil.

614 796 617 799 ’
909 804 1171 872 Eiusdem
1199 817 1251 863 et
1282 808 1418 865 lucc.

448 903 506 958 Si
541 900 807 973 sapientia
836 894 1018 957 Patris
1060 912 1147 959 est
1175 900 1370 963 Filius.
1405 911 1467 959 ut
1516 916 1645 959 vere
1680 912 1787 970 est,
1845 916 1981 972 quo-

375 989 535 1044 modo
580 997 799 1059 tempus
832 1002 955 1046 esse
1002 990 1203 1062 potuit,
1228 1005 1350 1047 cum
1382 991 1435 1047 in
1490 992 1610 1061 ipso
1662 1006 1771 1047 non
1831 999 1979 1048 esset

372 1081 636 1152 sapientia
658 1082 681 1135 ?
702 1081 859 1149 Quod
882 1084 928 1139 si
963 1082 1034 1139 ab
1054 1084 1203 1141 omni
1233 1085 1542 1143 :eternitate
1569 1084 1627 1142 in
1669 1081 1833 1142 Patre
1868 1094 1974 1153 est,

370 1188 589 1246 semper
618 1174 763 1230 enim
815 1176 1036 1249 sapiens
1094 1186 1182 1237 est
1212 1175 1399 1247 Pater,
1442 1180 1724 1251 quomodo
1745 1178 1973 1251 cogitari

370 1276 549 1332 potest
595 1268 893 1341 quidquam
937 1270 1214 1342 antiquius
1272 1286 1361 1337 eo,
1422 1272 1569 1343 quod
1631 1282 1973 1343 semperest,

368 1370 468 1415 aut
490 1362 764 1430 quomodo
796 1364 1048 1421 voluntas
1084 1365 1449 1433 intercedere,
1497 1383 1620 1439 quae
1650 1364 1846 1422 Filium
1868 1366 1972 1421 ali-

368 1452 588 1516 quando
619 1466 725 1508 non
780 1454 1138 1512 essistentem
1185 1455 1445 1524 adducat,
1511 1457 1615 1528 qui,
1641 1458 1800 1514 simul
1843 1471 1969 1513 cum

368 1538 625 1597 Genitore
662 1541 837 1610 ipsius
881 1554 942 1599 ut
970 1544 1087 1614 ejus
1115 1544 1379 1615 sapientia
1436 1554 1671 1603 aeternus
1693 1546 1822 1603 est?
1853 1545 1971 1601 Non

371 1631 648 1689 voluntate
670 1633 857 1705 igitur,
882 1638 979 1693 sed
1003 1647 1197 1694 natura
1229 1637 1424 1694 Filium
1470 1638 1659 1709 gignit.
1680 1637 1791 1695 [loc
1820 1639 1969 1694 enim

371 1724 447 1780 illi
497 1727 671 1797 magis
712 1729 979 1799 congruit.

905 1820 1153 1891 Ejusdem
1177 1833 1226 1877 et
1265 1825 1399 1879 haec.

441 1912 498 1971 Si
553 1914 697 1971 nulla
769 1914 1018 1972 voluntas
1054 1916 1106 1971 in
1132 1916 1241 1971 ullo
1261 1927 1343 1973 est
1373 1918 1496 1973 sine
1516 1918 1710 1982 verbo,
1737 1917 1839 1972 hoc
1859 1926 1964 1980 est,

366 2004 492 2059 sine
514 2005 726 2063 ratione
793 2005 909 2074 illa,
959 2021 1080 2077 quae
1143 2006 1305 2063 tacite
1362 2008 1416 2064 in
1471 2007 1658 2065 animo
1695 2015 1965 2075 versatur,

364 2095 536 2155 Filius
567 2107 751 2155 autem
780 2108 866 2155 est
905 2098 1141 2156 Verbum
1182 2096 1387 2167 Patris,
1427 2098 1575 2157 illius
1600 2112 1733 2169 ergo
1769 2098 1965 2155 volun-

372 2199 457 2245 tas
482 2198 591 2247 est.
630 2191 918 2261 Quomodo
945 2190 1114 2264 igitur
1142 2191 1396 2249 voluntas
1428 2193 1482 2248 in
1519 2195 1801 2250 voluntate
1830 2194 1961 2259 erit,

363 2293 460 2337 aut
489 2282 727 2341 Verbum
759 2287 813 2343 in
837 2285 1270 2344 VerbOYOmniu
1305 2301 1438 2359 ergo
1466 2297 1551 2344 eat
1577 2285 1753 2345 Filius
1782 2288 1959 2354 Patri,

362 2387 419 2428 et
476 2375 708 2434 Verbum
741 2419 756 2445 ,
819 2387 876 2436 et
921 2379 1179 2437 voluntas
1208 2420 1224 2447 ,
1271 2390 1327 2437 et
1387 2381 1693 2453 sapientia,
1725 2394 1780 2440 et
1829 2382 1962 2439 nihil

363 2478 492 2526 ante
527 2470 704 2542 ipsum
736 2472 792 2528 in
822 2471 1010 2531 Patre.

492 2564 495 2567 ’
900 2565 1156 2637 Ejusdem
1187 2580 1234 2625 et
1268 2570 1400 2625 lucc.

436 2654 905 2724 Quemadmodum
941 2675 1047 2716 non
1082 2676 1149 2717 ex
1208 2663 1492 2719 voluntate
1550 2666 1814 2721 habemus
1864 2679 1964 2721 nos

363 2762 420 2803 ut
454 2759 640 2819 patres
686 2750 858 2806 simus
888 2765 1077 2807 eorum
1115 2752 1207 2825 qui
1236 2768 1303 2809 ex
1358 2754 1517 2811 nobis
1542 2764 1690 2822 sunt,
1740 2756 1840 2813 sed
1895 2770 1964 2813 ex

364 2854 582 2908 mlum;
608 2842 691 2897 sic
738 2842 903 2898 etiam
941 2842 1084 2900 Deus
1130 2860 1237 2902 non
1281 2844 1583 2908 voluntate.
1624 2849 1720 2904 sed
1772 2857 1963 2906 natura

368 2934 527 2989 Pater
550 2944 654 2991 est.
687 2930 754 2988 Et
773 2934 1231 3005 quemadmodum
1289 2936 1384 2994 ﬁlii
1413 2954 1481 2996 ex
1506 2939 1664 2998 nobis
1691 2944 1963 3013 procreati

368 3027 525 3084 nobis
562 3036 764 3083 natura
809 3026 1017 3085 similes
1043 3029 1268 3085 omnino
1304 3038 1454 3100 sunt,
1493 3031 1574 3089 sic
1603 3033 1768 3090 etiam
1798 3035 1967 3094 Filius

2083 555 2192 592 νων
2227 541 2457 615 ποιητὴς
2514 545 2543 596 6
2598 544 2747 609 Υίδς,
2799 546 2847 598 εί
2887 541 3145 615 βούλησις
3202 544 3510 614 προηγεῖτα
3570 543 3672 613 τῆς

2084 631 2394 702 γεννήσεως
2407 633 2609 701 αὐτοῦς
2637 636 2779 690 Ἀλλ’
2798 636 2915 690 ἔστι
2931 635 3141 707 χρόνων
3163 635 3397 707 ποιητής
3410 651 3428 669 σ
3448 629 3523 705 ἢν
3538 634 3670 707 ἄρα,

2083 723 2179 776 καὶ
2205 724 2363 780 οὐδέν
2394 727 2513 780 ἐστι
2541 724 2648 800 πρὸ
2672 727 2772 798 τῆς
2795 730 3105 800 γεννήσεως
3128 729 3314 784 αὐτοῦ.

2696 823 2806 879 Kai
2840 823 3044 879 τοῦτο.

2154 915 2215 969 Εί
2243 916 2405 985 σοφία
2433 915 2529 971 τοῦ
2557 917 2779 988 Πατρός
2804 916 2956 969 ἐστιν
2993 918 3021 969 ό
3049 916 3198 983 Υίδς,
3229 915 3422 987 ὥσπερ
3450 916 3546 972 οὖν
3573 918 3670 971 καὶ
3728 959 3733 964 .

2079 1007 2220 1076 ἔστι,
2245 1009 2360 1073 πῶς
2390 1010 2509 1065 ἐστι
2539 1011 2754 1084 χρόνος,
2791 1010 2881 1065 ὅτε
2923 1010 3024 1064 οὒκ
3067 1005 3138 1081 ἦν
3183 1010 3242 1063 ἐν
3283 1009 3436 1081 αὐτῷ
3471 1011 3667 1079 σοφίας

2080 1100 2146 1157 Εἰ
2173 1102 2229 1156 δέ
2264 1104 2417 1156 ἐστιν
2468 1103 2659 1168 άῖδίως
2694 1105 2756 1158 ἐν
2794 1103 2874 1175 τῷ
2906 1104 3104 1175 Πατρὶ,
3156 1103 3246 1158 ἀεὶ
3278 1101 3393 1175 γὰρ
3436 1104 3604 1172 σοφὸς
3641 1106 3670 1158 6

2080 1195 2271 1267 Πατήρ
2292 1212 2307 1229 ·
2338 1196 2459 1259 πῶς
2502 1196 2774 1269 ἡγήσεται
2814 1214 2867 1251 τι
2895 1194 2990 1251 τοῦ
3024 1196 3117 1250 ἀεὶ
3153 1196 3348 1266 όντοςς
3384 1197 3508 1259 Πῶς
3538 1196 3594 1251 δὲ
3632 1199 3666 1267 ή

2078 1288 2339 1360 βούλησις
2368 1290 2611 1362 χωρήσει
2644 1290 2852 1360 μεταξὺ
2909 1290 2988 1362 μὴ
3041 1288 3174 1344 ὄντα
3206 1290 3337 1343 ποτὲ
3391 1290 3482 1344 τὸν
3537 1290 3670 1345 Υἱὺν

2076 1381 2436 1451 εἰσφέρουσα,
2454 1382 2546 1435 τὸν
2575 1382 2654 1453 τῷ
2681 1385 3009 1453 γεννήσαντι
3043 1384 3341 1447 συναῖδιον,
3372 1382 3453 1445 ὡς
3472 1383 3670 1451 σοφίαν

2076 1470 2281 1539 αὐτοῦς
2309 1472 2388 1529 Οὐ
2416 1473 2670 1546 βουλήσει
2694 1475 2805 1548 ἄρα
2829 1476 2995 1546 γεννᾷ
3029 1477 3121 1530 τὸν
3144 1477 3298 1542 Υίδν,
3319 1477 3456 1530 ἀλλὰ
3479 1476 3665 1546 φύσει.

2076 1568 2291 1638 Πρέπει
2322 1568 2435 1642 γὰρ
2466 1568 2624 1624 τοῦτο
2659 1568 2864 1641 μᾶλλον
2901 1569 3070 1640 αὐτῷ.

2704 1827 2817 1884 Καὶ
2856 1826 3056 1883 τοῦτο.

2150 1922 2213 1976 Ei
2244 1923 2394 1977 πᾶσα
2424 1919 2733 1993 βούλησιςή
2761 1922 2820 1973 ιν
2839 1935 2952 1973 τισι
2973 1917 3239 1991 γινομένη
3270 1921 3332 1974 οὐ
3359 1921 3483 1993 δίχα
3501 1921 3665 1992 λόγου

2074 2015 2322 2085 γίνεται,
2354 2014 2516 2083 λόγος
2547 2012 2660 2084 γάρ
2690 2014 2842 2067 ἐστιν
2873 2012 3099 2082 ἀφανῶς
3159 2014 3220 2067 ἐν
3258 2014 3462 2087 καρδία
3497 2033 3663 2088 στρε-

2074 2108 2363 2179 φόμενοςή
2385 2105 2668 2178 βούλησις,
2705 2105 2821 2159 ἔστι
2856 2105 2915 2159 δὲ
2960 2106 2991 2159 6
3031 2106 3157 2170 Υἱὸς
3198 2108 3375 2176 Λόγος
3402 2109 3502 2163 τοῦ
3546 2112 3663 2164 Πα-

2071 2202 2236 2273 τρός·
2266 2200 2433 2266 αὐτὸς
2463 2201 2575 2272 ἄρα
2606 2200 2757 2254 ἐστὶν
2788 2200 2823 2272 ή
2847 2199 3127 2271 βούλησις.
3159 2198 3295 2255 Εἶτα
3329 2203 3450 2268 πῶς
3479 2204 3512 2277 ή
3542 2204 3662 2275 βού-

2070 2295 2231 2367 λησις
2249 2296 2308 2350 ιν
2332 2295 2587 2367 βουλήσει
2614 2292 2863 2364 γίνεται;
2896 2295 2929 2368 ἢ
2968 2294 3089 2358 πῶς
3123 2295 3154 2348 6
3177 2294 3351 2365 Λόγος
3382 2297 3442 2350 ἐν
3478 2297 3659 2366 Λόγῳς

2073 2388 2264 2443 Πάντα
2296 2388 2483 2443 τοίνυν
2506 2388 2654 2442 ἐστὶν
2674 2388 2703 2441 6
2730 2388 2857 2450 Υἱὸς
2884 2384 2964 2456 τῷ
2995 2386 3198 2457 Πατρὶ,
3217 2390 3315 2441 καὶ
3336 2388 3530 2457 Λόγος,
3565 2390 3665 2444 καὶ

2074 2481 2265 2553 βουλὴ.
2292 2480 2388 2536 καὶ
2407 2480 2592 2552 σοφία,
2617 2481 2714 2535 καὶ
2732 2480 2887 2534 οὐδέν
2908 2479 3060 2533 ἐστιν
3076 2480 3134 2533 ιν
3153 2480 3327 2551 Πατρὶ
3344 2481 3452 2552 προ
3466 2480 3659 2538 αὐτοῦ.

2678 2573 2785 2629 Καὶ
2818 2576 3019 2630 τοῦτο.

2145 2668 2366 2737 ’Ὥσπερ
2396 2666 2499 2720 οὐκ
2544 2666 2609 2718 ὲκ
2640 2664 2953 2735 βουλήσεως
2994 2668 3159 2738 ήμεΐς
3186 2666 3386 2737 ἔχομεν
3418 2665 3478 2719 τὸ
3509 2661 3657 2719 εἶναι

2073 2762 2315 2834 πατέρες
2358 2759 2468 2813 τῶν
2496 2758 2554 2824 ἐξ
2590 2757 2775 2828 ἡμῶν,
2808 2758 2944 2812 ἀλλὰ
2976 2757 3246 2827 φυσικῶς,
3308 2758 3460 2811 οὕτω
3499 2758 3594 2811 καὶ
3632 2759 3662 2811 6

2071 2853 2208 2919 Θεὸς
2256 2853 2353 2907 καὶ
2378 2849 2569 2922 Πατὴρ
2599 2849 2703 2904 οὐκ
2758 2852 2822 2903 ἐκ
2864 2849 3177 2921 βούλησεως
3220 2851 3417 2922 Πατήρ
3477 2851 3655 2916 ἐστιν,

2072 2948 2211 3005 ἀλλὰ
2255 2946 2530 3018 φυσικῶς.
2574 2946 2683 2999 Καὶ
2732 2944 2924 3017 ῶσπερ
2966 2948 3015 2999 oi
3045 2945 3105 3012 ἐξ
3156 2946 3318 3017 ἡμῶν
3350 2946 3661 3016 τικτόμενοι

2072 3045 2252 3116 ὅμοιοι
2304 3038 2525 3102 πάντως
2564 3040 2698 3109 ήμῖν
2724 3038 2848 3092 κατ’
2876 3038 3073 3093 οὐσίαν
3117 3038 3278 3103 είσὶν,
3319 3036 3468 3093 οὕτω
3500 3040 3594 3091 καὶ
3632 3039 3662 3092 6

367 3134 471 3176 non
488 3122 856 3187 extrinsecus,
881 3120 975 3178 sed
1010 3136 1077 3178 ex
1109 3122 1348 3180 essentia
1377 3122 1555 3182 Patris
1614 3129 1851 3199 genitus,
1886 3129 1963 3185 sic

2076 3138 2202 3202 Υίδς
2255 3136 2359 3191 οὐκ
2394 3132 2597 3200 ἔξωθεν
2643 3131 2722 3204 τῷ
2774 3133 2950 3204 Πατρὶ
3006 3132 3472 3205 προσγενόμενος,
3531 3131 3661 3187 ἀλλ’

364 3213 513 3270 milia
555 3222 640 3270 eat
691 3212 743 3269 in
784 3214 1040 3271 omnibus
1099 3213 1364 3273 Genitori.
1400 3215 1466 3273 Et
1490 3218 1961 3288 {quemadmodum

364 3304 528 3365 Pater
578 3322 685 3365 non
737 3325 805 3365 ex
845 3309 1130 3367 voluntate
1185 3308 1474 3379 Paterﬁest,
1522 3313 1595 3368 ita
1636 3327 1738 3370 nec
1791 3313 1965 3373 Filius

362 3406 539 3453 estex
578 3398 876 3467 voluntate,
923 3402 1019 3457 sed
1058 3415 1155 3473 per
1195 3411 1470 3472 naturam,
1514 3418 1641 3462 cum
1673 3405 1747 3463 sit
1782 3406 1963 3479 splen-

365 3490 469 3546 dor
513 3502 564 3549 et
602 3495 775 3564 ﬁgura
809 3494 954 3552 illius
986 3497 1031 3563 ',
1062 3495 1154 3570 qui
1188 3512 1247 3552 se
1281 3498 1489 3569 genuit.

906 3714 1161 3784 Ejusdem
1187 3728 1236 3771 et
1272 3723 1402 3773 hac.

443 3804 804 3862 Vehementer
832 3806 1133 3864 absurdum
1185 3817 1243 3865 et
1270 3807 1640 3880 periculosum
1679 3818 1767 3867 est
1806 3810 1958 3867 dies.

366 3914 427 3955 re
457 3894 650 3954 Filium
680 3900 957 3957 voluntate
1007 3899 1250 3970 genitum
1302 3915 1452 3959 esse.
1516 3901 1620 3972 Qui
1651 3903 1796 3957 enim
1848 3916 1958 3958 non

365 3988 643 4044 voluntate
675 3990 836 4047 Pater
873 3998 931 4046 et
978 3989 1120 4048 Deus
1140 3997 1244 4059 est,
1279 3992 1324 4048 is
1355 4006 1458 4049 nec
1484 3992 1766 4048 voluntate
1798 3993 1958 4047 habet

365 4093 432 4131 ex
465 4079 700 4135 essentia
727 4095 822 4134 sua
872 4084 1200 4152 proveniens
1245 4083 1506 4149 Verbum,
1541 4083 1636 4139 sed
1691 4082 1963 4138 naturali-

369 4176 472 4227 ter.
504 4166 598 4227 Sic
617 4168 763 4226 enim
793 4181 877 4226 est
901 4170 1069 4244 ﬁgura
1105 4172 1293 4242 ipsius,
1330 4182 1387 4229 et
1424 4175 1606 4244 imago
1644 4187 1751 4230 non
1800 4171 1959 4230 falsa.

790 4348 866 4405 Ετ
892 4353 1073 4408 eodem
1105 4353 1260 4414 libro.
1297 4370 1418 4420 cap.
1457 4353 1543 4408 90.

2074 3234 2251 3297 ὅντως
2283 3232 2352 3286 εκ
2388 3229 2488 3300 τῆς
2515 3228 2708 3293 οὐσίας
2760 3228 2930 3282 αὐτοῦ
2978 3224 3282 3298 προελθὼν,
3312 3226 3499 3297 ὅμοιός
3543 3228 3663 3280 ἐστι

2074 3327 2222 3382 κατὰ
2243 3324 2429 3379 πάντα
2445 3322 2524 3395 τῷ
2537 3322 2919 3392 γεγεννηκότι.
2944 3322 3053 3374 Καὶ
3081 3320 3233 3374 ῶσπε
3241 3337 3273 3392 ρ
3295 3320 3323 3373 6
3345 3320 3535 3392 Πατὴρ
3563 3318 3664 3373 οὐκ

2074 3421 2143 3474 ὲκ
2169 3418 2483 3490 βουλήσεως
2503 3417 2621 3469 εστι
2656 3414 2870 3486 Πατὴρ,
2910 3413 3060 3468 οὕτω
3088 3414 3184 3468 καὶ
3235 3414 3264 3466 6
3297 3413 3424 3478 Υἱὸς
3445 3414 3551 3467 οὐκ
3585 3414 3652 3467 ὲκ

2078 3509 2390 3584 βουλήσεῶς
2417 3511 2571 3564 ἐστιν
2606 3508 2757 3575 Υἱὸς,
2776 3506 2917 3562 ἀλλὰ
2943 3506 3090 3562 κατὰ
3124 3506 3291 3576 φύσιν
3314 3505 3664 3578 ἀπαύγασμα

2076 3607 2172 3658 καὶ
2194 3602 2489 3676 χαρακτὴρ
2526 3601 2794 3673 ὑπάρχων
2827 3598 2925 3655 τοῦ
2950 3603 3318 3670 γεννήσαντος
3352 3599 3537 3654 αὐτόν.

2682 3695 2795 3750 Καὶ
2830 3694 3032 3751 τοῦτο.

2146 3790 2389 3845 ’Δτοπον
2424 3788 2634 3862 σφόδρα
2655 3827 2673 3854 ,
2697 3790 2795 3844 καὶ
2815 3789 3169 3844 ἐπικίνδυνον
3192 3786 3284 3858 ἔφ’
3314 3785 3448 3841 Υίοῦ
3473 3786 3602 3855 λέγε
3614 3804 3665 3840 ιν

2071 3884 2150 3953 τὸ,
2174 3883 2441 3956 Βουλήσει
2470 3884 2655 3957 άρα,ἧ
2683 3885 2831 3957 παρα
2858 3883 3118 3957 βούλησιν
3142 3879 3431 3952 ἐγεννήθη.
3463 3879 3523 3934 ὐ
3548 3881 3659 3949 γάρ

2068 3979 2170 4033 οὐκ
2196 3980 2266 4033 ἐκ
2299 3975 2612 4049 βουλήσεως
2637 3975 2903 4046 ὑπάρχων
2936 3976 3126 4046 Πατὴρ
3147 3972 3243 4026 καὶ
3269 3968 3403 4031 Θεὸς
3435 3967 3558 4021 οὐδὲ
3588 3970 3655 4019 ἐκ

2069 4071 2385 4144 βουλήσεως
2416 4068 2645 4143 ἔχειτὸν
2668 4069 2735 4122 ἐκ
2767 4070 2867 4139 τῆς
2899 4065 3091 4129 οὐσίας
3116 4064 3284 4118 αὑτοῦ
3315 4059 3653 4133 προελθόντα

2067 4167 2265 4235 Λόγον,
2301 4164 2439 4220 ἀλλὰ
2464 4162 2736 4235 φυσικῶς.
2779 4160 2879 4229 Εῖη
2904 4160 3014 4229 γὰρ
3041 4156 3109 4211 ἂν
3139 4156 3237 4211 και
3255 4154 3430 4219 οὕτως
3483 4152 3652 4208 εἰκὼν

2071 4261 2258 4329 αὑτοῦ,
2291 4262 2387 4318 καὶ
2414 4257 2703 4332 χαρακτὴρ
2724 4257 2787 4313 οὐ
2813 4252 3237 4325 διεψευσμένος.

2251 4354 2398 4411 Ἀπὸ
2422 4351 2760 4423 κεφαλαίου
2789 4347 2838 4403 κ’
2865 4348 2974 4405 τοῦ
2996 4346 3187 4403 αὐτοῦ
3210 4345 3484 4411 βιϐλίου.
3518 4371 3524 4377 ο

455 4455 623 4512 David
666 4452 865 4509 alicubi
919 4454 995 4508 ita
1049 4452 1199 4508 canit
1244 4470 1257 4506 :
1312 4471 1330 4505 ι
1358 4452 1527 4508 Sedes
1567 4462 1683 4515 tua,
1724 4452 1887 4520 Deus,
1921 4451 1968 4509 in

2137 4461 2343 4517 Ψάλλει
2378 4479 2483 4516 που
2506 4459 2689 4515 Δαόίδ’
2713 4478 2732 4512 ι
2755 4459 2812 4514 Ὀ
2843 4458 3032 4531 θρόνος
3062 4474 3178 4521 σου,
3212 4458 3242 4510 6
3271 4454 3425 4518 Θεὸς,
3457 4453 3535 4517 εἰς
3564 4451 3657 4507 τὸν

383 4548 641 4607 saeculum
687 4546 889 4601 smculi.
924 4565 943 4599 ι
972 4545 1177 4602 Deinde
1207 4546 1285 4601 ait
1312 4564 1325 4600 :
1359 4564 1379 4598 ι
1409 4545 1703 4616 Propterea
1736 4546 1887 4601 unxit
1920 4555 1975 4602 te

382 4642 545 4697 Deus.
574 4636 718 4694 Deus
747 4647 893 4702 tuus,
918 4635 1040 4692 oleo
1064 4635 1451 4692 exsultationis
1475 4650 1585 4705 prae
1614 4635 1975 4706 participibus

382 4734 490 4789 tuis
536 4734 582 4788 ³.
615 4750 636 4786 ι
663 4731 829 4801 Atqui
869 4738 992 4785 erat
1028 4728 1265 4786 Verbum
1294 4729 1460 4809 etiam
1494 4738 1620 4783 ante
1660 4729 1972 4785 unctionem

380 4840 618 4896 regnans
643 4839 767 4880 cum
797 4822 980 4879 Patre.
1006 4822 1289 4890 Quomodo
1320 4821 1487 4892 igitur
1515 4820 1569 4877 in
1595 4836 1780 4893 regem
1819 4821 1976 4893 ungi-

381 4927 470 4971 tur
502 4924 558 4971 et
584 4915 979 4978 sanctiﬁcatur,
1027 4914 1121 4985 qui
1163 4928 1379 4983 semper
1419 4922 1614 4983 regnat
1642 4922 1975 4984 sanctusque

379 5006 642 5062 exsistit?
670 5006 1138 5073 Quemadmodum
1173 5005 1337 5075 igitur
1373 5020 1497 5060 cum
1539 5019 1754 5075 semper
1792 5005 1842 5059 id
1880 5005 1974 5073 sit,

381 5096 588 5151 ultimis
642 5106 820 5149 tamen
868 5095 1205 5165 temporibus
1260 5078 1539 5166 regnasse.
1572 5095 1772 5150 dicitur
1824 5112 1838 5149 :
1896 5094 1967 5149 ita

378 5203 503 5242 cunt
541 5187 614 5242 sit
645 5184 964 5249 altissimus,
998 5186 1269 5241 exultatns
1311 5200 1434 5242 esse
1476 5187 1696 5251 dicitur,
1749 5196 1969 5257 propter

379 5281 837 5337 incarnationem.
867 5278 1152 5335 Exaltatur
1169 5289 1375 5345 autem,
1399 5288 1454 5334 et
1481 5268 1725 5349 u'ngitur,
1756 5288 1813 5332 et
1836 5294 1968 5333 san-

379 5373 652 5431 e‘tilicatur
679 5381 904 5444 propter
933 5387 1056 5437 nos,
1081 5381 1139 5425 ut
1168 5386 1267 5441 per
1295 5372 1469 5442 ipsum
1493 5371 1665 5441 gratia
1699 5373 1750 5425 in
1785 5385 1975 5425 omnes

378 5468 684 5529 derivetur,
749 5477 806 5521 ut
852 5467 965 5536 jam
1023 5474 1228 5519 natura:
1284 5464 1480 5519 collata
1536 5464 1742 5531 totique
1788 5463 1972 5530 gcncri

378 5557 591 5628 largita.
623 5559 717 5614 Sic
748 5559 891 5613 enim
915 5556 1171 5611 Scrvator
1192 5558 1308 5625 ipse
1342 5556 1396 5609 in
1430 5555 1720 5626 Evangelia
1749 5555 1976 5609 Joannis

380 5647 459 5702 ait
488 5664 503 5704 :
541 5667 558 5698 ι
592 5648 699 5704 Pro
728 5651 859 5719 ipsis
904 5663 1003 5717 ego
1036 5647 1326 5707 sanctiﬁco
1356 5648 1646 5719 mcipsum,
1679 5656 1735 5702 ut
1770 5646 1881 5703 sint
1922 5656 1974 5703 et

481 5792 733 5863 ‘iiebm,
762 5801 816 5855 5.
892 5805 911 5835 ⁸
938 5799 1081 5857 Psal.
1117 5815 1263 5857 xciv.
1300 5796 1356 5863 7,
1390 5794 1445 5855 8.

2067 4558 2241 4613 αἰῶνα
2263 4555 2358 4610 τοῦ
2397 4554 2611 4618 αἰῶνος.
2644 4572 2663 4607 s
2701 4548 2839 4608 Εἶτά
2883 4569 3018 4624 φησι
3049 4567 3064 4584 ⁸
3100 4568 3120 4603 ι
3150 4548 3251 4606 Διὰ
3280 4548 3441 4603 τοῦτο
3470 4545 3655 4617 ἔχρισέ

2069 4667 2128 4703 σε
2159 4650 2189 4703 6
2214 4648 2366 4711 Θεὸς,
2393 4649 2422 4701 6
2458 4645 2593 4710 Θεός
2649 4661 2765 4717 σου,
2809 4642 2992 4698 ἔλαιον
3041 4641 3438 4711 ἀγαλλιάσεως.
3477 4656 3495 4690 t
3549 4637 3661 4690 Καὶ

2066 4735 2135 4811 ἦν
2159 4741 2188 4794 ὁ
2223 4739 2396 4806 Λόγος
2439 4735 2536 4791 καὶ
2582 4736 2690 4806 πρὸ
2749 4734 2851 4806 τῆς
2910 4733 3147 4805 χρίσεως
3187 4729 3491 4802 βασιλεύων
3522 4726 3661 4797 μετὰ

2069 4830 2301 4902 Πατρός.
2329 4827 2455 4891 Πῶς
2492 4822 2583 4881 οὖν
2608 4828 2688 4890 είς
2715 4824 2940 4895 βασιλέα
2965 4823 3178 4895 χρίεται
3206 4821 3301 4873 καὶ
3324 4817 3609 4900 ἁγιάζεται
3631 4816 3662 4865 6

2070 4923 2160 4975 ἀεὶ
2225 4918 2524 4991 βασιλεύων
2575 4917 2669 4997 και
2720 4917 2875 4986 ἅγιος
2908 4914 3020 4981 ὥν;
3079 4914 3293 4981 Ὥσπερ
3348 4909 3530 4962 τοίνυν
3574 4907 3663 4960 ἀεὶ

2070 5012 2227 5066 τοῦτο
2247 5010 2343 5077 ὣν,
2368 5013 2426 5065 ἐν
2448 5010 2700 5082 ἐσχάτοις
2722 5009 2932 5078 καιροῖς
2955 5000 3399 5076 βεϐασιλευκέναι
3420 4999 3660 5066 λέγεταιο

2070 5100 2213 5157 οὕτω
2275 5101 2368 5154 καὶ
2397 5100 2623 5171 ὕψιστος
2687 5098 2785 5159 ὢν,
2844 5092 3113 5165 occaecat
3168 5090 3388 5158 λέγεται
3435 5088 3527 5142 διὰ
3563 5088 3664 5159 τὴν

2071 5196 2337 5265 ἕνσαρκον
2376 5193 2711 5263 οἰκονομίαν.
2779 5186 3038 5257 Ὑψοῦται
3084 5184 3141 5238 δὲ
3183 5181 3278 5237 καὶ
3328 5181 3541 5253 χρίεται
3567 5180 3666 5235 καὶ

2073 5286 2358 5355 ἁγιάζεται
2410 5287 2478 5340 δι’
2503 5286 2677 5356 ἡμᾶς,
2719 5284 2807 5337 ἵνα
2857 5281 2923 5334 δι’
2959 5275 3128 5331 αὑτοῦ
3165 5275 3332 5347 τρέχῃ
3371 5275 3556 5328 λοιπὸν
3585 5276 3666 5338 εἰς

2074 5378 2333 5447 πάνταςή
2364 5377 2543 5446 χάρις,
2569 5376 2643 5437 ὡς
2663 5374 2766 5442 ήδη
2796 5369 3011 5424 δοθεῖσα
3045 5370 3113 5439 τῇ
3145 5366 3327 5436 φύσει,
3354 5367 3448 5419 καὶ
3478 5364 3666 5419 λοιπὸν

2074 5469 2180 5539 ὅλῳ
2209 5467 2495 5537 σωζομένη
2530 5463 2608 5534 τῷ
2641 5463 2810 5531 γένει.
2848 5459 3004 5513 Οὕτω
3032 5460 3126 5512 καὶ
3164 5458 3193 5508 ό
3248 5457 3440 5527 Σωτὴρ
3479 5455 3665 5521 ἔλεγεν

2074 5561 2131 5613 ὲν
2164 5560 2242 5628 τῷ
2268 5560 2408 5613 κατὰ
2450 5558 2703 5626 Ἰωάννην
2731 5552 3072 5623 Εὑαγγελίῳ·
3111 5570 3127 5602 ι
3151 5550 3326 5620 ’Υπὲρ
3354 5547 3533 5603 αὐτῶν
3554 5544 3667 5613 ἐγὼ

2066 5652 2288 5721 ,ἁγιάζω
2322 5648 2579 5721 ἐμαυτὸν,
2622 5648 2709 5702 ἵνα
2746 5640 2849 5702 ὣσι
2897 5644 2992 5699 καὶ
3044 5644 3197 5698 αὐτοὶ
3259 5638 3601 5713 ἡγιασμένοι.
3640 5654 3660 5688 ι
