4064 6384
443 322 539 385 δ”ἰ
1458 346 1463 353 ν
1705 315 2087 377 ΕΗἸῚΙΥΜΙΙ
2124 316 2484 374 Ζιιιιιιεκι
3609 320 3715 384 6‘2

447 450 616 517 invdia
646 447 867 503 deitatis
896 456 1088 503 natura
1130 462 1407 514 numpiam
1454 447 1508 499 in
1541 447 1868 505 dualitatem
1926 453 2019 507 I’a-
2054 447 2072 499 ὲ

2180 450 2282 501 ικει
2313 446 2637 517 προκεῖσθαι
2669 447 2923 518 διαφορὰ,
2953 448 3016 500 οὐ
3045 446 3182 500 κατὰ
3209 447 3309 518 τὴν
3330 447 3521 501 οὐσίαν
3547 466 3620 519 φη
3633 452 3715 518 μὶ,

448 544 543 594 tris
572 551 626 593 et
682 538 798 593 Filii
824 548 969 594 secta
995 537 1206 602 fuisset,
1247 538 1347 592 nisi
1378 540 1525 605 prius
1557 539 1734 608 aliqua
1771 543 2039 599 «Ιὶίῐειηειιε

2180 541 2251 592 λλ“
2283 541 2483 605 ἔξωθεν
2514 539 2895 609 ὲπινοουμένη,
2937 539 3006 591 δι’
3049 534 3117 609 ἧς
3154 539 3215 592 τὸ
3241 540 3505 609 ἑκατέρου
3547 542 3715 609 πρόσ-

451 635 518 684 tia
557 632 720 685 fuisse
759 631 872 682 visa
912 637 1077 693 esset,
1115 643 1220 681 non
1251 632 1543 682 St't'tttttittltt
1581 634 1894 700 essentiam,
1928 641 2023 691 sed

2180 649 2289 686 mou
2322 632 2638 702 εἰσφέρεται
2672 631 2732 682 ὲν
2772 629 3047 702 ίδιαζούσῃ
3074 630 3174 700 μὲν
3199 631 3497 682 ὑποστάσει
3529 630 3721 699 κείμε-

450 722 789 773 i-ttrinsecus
816 718 1112 781 intellecta,
1149 734 1245 787 per
1271 735 1433 787 quam
1468 721 1755 791 utriusque
1795 741 2023 791 persona

2180 740 2252 787 av,
2284 727 2364 787 είς
2392 725 2621 794 ἑνότητα
2644 722 2702 776 δὲ
2734 722 2990 791 θεότητος
3020 721 3108 775 διὰ
3134 722 3459 790 ταυτότητος
3482 721 3721 789 φυσικῆς

453 814 727 867 inducitur
747 809 1010 879 peculiari
1035 811 1254 879 quidem
1290 812 1566 882 liypastasi
1625 824 1903 883 constans,
1933 820 2028 873 sed

2180 818 2535 889 φιγγόμενον,
2565 816 2655 869 ίνα
2690 816 2765 886 μή
2792 830 2876 877 τις
2901 814 3165 883 άνάχυσις
3191 814 3285 865 καὶ
3315 812 3479 864 οἱονεὶ
3509 813 3722 881 φυρμὸς

453 906 507 958 in
532 905 792 958 unitatem
835 902 1141 956 divinitatis
1182 918 1277 972 per
1329 905 1635 959 naturalem
1687 908 2027 963 identitatem

2183 911 2368 980 ένηται
2393 906 2604 977 Πατρὸς
2626 907 2721 960 καὶ
2748 903 2903 966 Υίοῦ,
2926 904 3007 967 είς
3039 904 3208 973 μόνην
3236 900 3397 955 ἑνάδα
3421 900 3723 973 τρεχούσης

452 995 772 1058 constricta;
806 1008 874 1046 ne
896 992 1075 1062 aliqua
1105 994 1352 1048 cimfusio
1403 994 1496 1048 iiut
1552 995 1730 1053 Patris
1787 1008 1844 1053 et
1884 999 2029 1068 Filii,

2180 1001 2245 1073 ’ἧς
2275 1000 2664 1063 ὑποστάσεως,
2712 997 2812 1068 τῆς
2846 996 3048 1066 πολλῆς
3098 994 3220 1048 λίαν
3268 992 3587 1065 ὁμοιότητος
3623 993 3724 1046 οὐκ

452 1096 810 1142 concurrente
841 1086 896 1140 in
924 1086 1096 1140 solam
1116 1087 1381 1141 unitatem
1406 1088 1709 1157 Iiypostasi,
1731 1104 1855 1144 cum
1879 1106 2022 1162 mag-

2180 1090 2323 1164 ὡσης
2367 1088 2657 1161 φαίνεσθαι
2702 1087 2902 1142 δυάδαο
2944 1085 3022 1151 ὡς
3069 1084 3326 1139 έντεῦθεν
3366 1084 3470 1154 ἤδη
3506 1084 3601 1136 καὶ
3633 1084 3726 1137 τὸν

456 1194 523 1231 na
555 1178 844 1245 quaeinter
896 1192 994 1233 eos
1038 1178 1333 1234 intercedit
1380 1180 1680 1236 similitudo
1717 1182 2031 1237 dualitatem

2180 1183 2307 1237 ὐτὺν
2340 1164 2563 1251 Πατέρα
2602 1180 2699 1233 καὶ⁵
2732 1179 2862 1233 Υίὺν
2891 1175 3241 1231 ὑπονοεῖσθαι
3287 1176 3441 1245 παρά
3473 1192 3616 1227 τισιν
3645 1177 3727 1238 είς

457 1284 719 1335 apparere
747 1285 850 1321 non
880 1270 1067 1322 sinat:
1109 1272 1243 1325 adeo
1293 1280 1351 1325 nt
1407 1274 1533 1327 hinc
1585 1274 1831 1328 munulli
1886 1275 2033 1330 inter

2180 1275 2315 1331 υάὸα
2369 1274 2677 1346 μηδαμόθεν
2720 1270 3143 1344 χωριζομένους.
3186 1268 3405 1337 Ἐπειδὴ
3454 1268 3509 1320 δὲ
3559 1269 3729 1337 ἐχρῆν

456 1359 675 1413 l'atietu
701 1371 756 1414 et
784 1359 981 1413 Filium
1018 1361 1217 1415 ttullam
1240 1363 1399 1431 plane
1461 1363 1779 1419 dualitatem
1838 1368 2040 1421 cottsti-

2183 1365 2347 1419 ίδέναι
2385 1363 2479 1415 καὶ
2510 1362 2611 1433 τὴν
2636 1362 2978 1431 γεννήσασαν
3003 1357 3170 1427 φύσιν
3202 1358 3296 1410 καὶ
3326 1356 3428 1427 τὴν
3450 1358 3731 1427 γεννηθεῖ-

463 1451 685 1503 ιιιει-ίηι.
699 1448 831 1505 Cum
862 1464 992 1507 vero
1013 1438 1289 1519 opm-teret
1317 1461 1373 1506 et
1389 1465 1743 1521 generantem
1763 1464 2035 1520 naturam,

2180 1473 2253 1511 ταν
2277 1454 2337 1521 ἐξ
2366 1454 2555 1522 αὐτῆς,
2584 1451 2829 1505 τέθεικεν
2860 1453 2894 1521 ἡ
2923 1449 3042 1502 θεία
3072 1447 3265 1519 Γραφὴ
3301 1446 3365 1500 τὺ
3394 1446 3489 1500 τοῦ
3516 1446 3732 1517 Πατρὸς

458 1554 517 1597 et
545 1558 666 1597 eam
692 1557 815 1610 quae
839 1557 987 1598 exea
1024 1544 1203 1612 genita
1229 1553 1314 1599 est
1340 1560 1690 1614 cognoscere,
1711 1563 1864 1602 sacra
1894 1546 2044 1602 Scri-

2180 1563 2324 1617 ινομα
2362 1545 2458 1599 καὶ
2482 1544 2544 1597 τὸ
2573 1542 2669 1595 τοῦ
2710 1539 2863 1605 Υίοῦ,
2910 1541 2997 1593 ἵνα
3027 1538 3142 1608 φῶς
3188 1539 3253 1592 ὲκ
3287 1539 3464 1608 φωτὸς
3501 1537 3727 1608 νοῆται,

466 1646 626 1705 plura
688 1634 865 1688 Patris
902 1645 956 1690 et
984 1633 1103 1688 Filii
1137 1637 1355 1689 nomina
1418 1638 1718 1705 constituit,
1750 1650 1809 1692 ut
1863 1638 2041 1693 lumen

2180 1642 2249 1693 ιαὶ
2286 1638 2547 1707 ἑκάτερον
2574 1636 2632 1688 ὲν
2668 1634 2774 1704 ίδία
2808 1630 3109 1686 ὑποστάσει
3153 1629 3469 1700 σωζομένης
3500 1628 3588 1681 ἐπ’
3624 1629 3731 1698 άμ-

468 1743 534 1780 ex
572 1727 774 1782 lumine
819 1726 1233 1796 intelligeretur,
1258 1728 1473 1795 utrique
1503 1730 1779 1797 propriam
1805 1745 1958 1784 suam
1977 1745 2043 1787 ac

2180 1734 2277 1786 >οἶν
2313 1730 2415 1800 τῆς
2448 1726 2777 1797 ταύτότητος
2804 1725 2939 1796 πρὸς
2970 1724 3061 1776 τὸν
3087 1723 3295 1791 ἓτερον.
3334 1721 3733 1775 ’Δκολουθοῦσα

469 1819 797 1889 peculiarem
834 1818 1165 1888 Iiypostasim
1218 1818 1481 1885 tribuens,
1520 1829 1733 1875 servata
1777 1830 1957 1876 tamen
1990 1823 2043 1876 in

2180 1825 2211 1877 ἢ
2247 1790 2409 1875 πάλίν
2436 1823 2503 1889 τῇ
2532 1790 3174 1889 καθ’-ἡμᾶς’συνηθεία,
3216 1814 3280 1867 τὸ
3328 1812 3556 1884 μείζονα
3588 1814 3721 1867 ἀπο-

472 1920 701 1977 utroque
732 1909 1272 1962 naturaeidcntitate.
1315 1908 1523 1965 Nostra:
1577 1924 1704 1965 vero
1745 1920 2045 1968 consuetu-

2180 1914 2337 1966 ἰίδωσι
2368 1910 2446 1980 τῷ
2492 1908 2691 1979 lla-cpi,
2728 1908 2815 1960 ἵνα
2845 1904 3182 1973 πανταχόθεν
3226 1905 3259 1973 ὴ
3295 1903 3426 1965 δυὰς
3452 1901 3637 1956 καὶτὸ
3670 1901 3733 1965 ἐξ

471 2000 581 2053 dini
606 2015 725 2056 sese
753 2003 1190 2064 acconumdans,
1223 2000 1367 2053 Patri
1395 2002 1496 2055 hoc
1526 2002 1711 2056 tribuit
1761 2012 1822 2057 ut
1874 2003 2048 2073 major

2180 2000 2219 2056 i6
2249 2002 2583 2072 σημαίνηται
2606 2015 2618 2027 '
2650 1998 3063 2067 προσμαρτυρεῖ
3085 1995 3143 2049 δὲ
3164 1994 3222 2048 τὸ
3251 1995 3386 2057 ίσον,
3418 1994 3504 2045 ίνα
3540 1994 3615 2061 μή
3644 2007 3733 2054 τις

471 2092 577 2145 sit:
606 2102 666 2144 ut
693 2092 948 2145 nimirum
1003 2093 1362 2160 undequaque
1418 2094 1649 2146 ilualitas
1691 2109 2047 2161 personarum

2180 2096 2289 2167 τερὶ
2315 2094 2415 2163 τὴν
2438 2092 2627 2145 οὐσίαν
2653 2088 2978 2159 ἀνομοιότης
3002 2089 3191 2155 νοῆται
3209 2084 3425 2154 Πατρὸς
3455 2082 3551 2136 καὶ
3578 2080 3733 2134 Υίοῦ.

471 2186 745 2253 gignentis
772 2196 820 2239 et
847 2187 1040 2253 genita:
1075 2186 1429 2255 signiﬁcetur;
1462 2186 1650 2240 tribuit
1672 2199 1855 2240 autem
1879 2204 2053 2255 aequa-

2180 2190 2306 2249 Ἰσος
2332 2184 2617 2254 τοιγαροῦν
2644 2182 2788 2235 κατὰ
2818 2181 2909 2234 τὸν
2939 2179 3036 2249 τῆς
3061 2178 3251 2238 οὐσίας
3284 2175 3441 2242 λόγον
3472 2174 3738 2242 ὑπάρχων

475 2279 706 2341 litatem,
733 2292 800 2332 ne
830 2278 1007 2347 aliqua
1040 2278 1214 2332 Patris
1248 2294 1276 2331 a
1317 2277 1453 2333 Filio
1479 2279 1727 2331 essentia:
1778 2279 2053 2333 dissimili-

2180 2284 2190 2332 ὸ
2223 2278 2347 2340 Υἱὸς
2379 2275 2456 2346 τῷ
2484 2275 2660 2345 Πατρὶ
2711 2274 2807 2325 καὶ
2854 2272 3036 2341 ὅμοιος
3078 2270 3221 2323 κατὰ
3262 2268 3463 2329 πάντα,
3515 2266 3739 2336 μείζονα

478 2369 975 2438 tudointelligatur.
1011 2367 1257 2439 Equalis
1301 2370 1482 2437 itaque
1538 2370 1789 2425 essentia:
1846 2369 2057 2424 ratione

2180 2370 2327 2423 ιύτόν
2358 2384 2522 2438 φησιν
2571 2366 2646 2428 ὼς
2688 2364 2942 2435 ἄναρχον,
2984 2363 3123 2431 έχων
3164 2360 3339 2431 ἀρχὴν
3385 2358 3527 2412 κατὰ
3577 2356 3744 2426 μόνον

474 2459 747 2514 exsistens
773 2476 895 2514 cum
961 2459 1121 2515 Patre
1172 2459 1361 2524 Filius,
1396 2461 1695 2529 similisque
1727 2476 1821 2527 per
1846 2460 2054 2523 omnia,

2162 2462 2222 2513 τὸ
2251 2461 2309 2525 ιε
2339 2455 2423 2520 οὐ,
2471 2460 2519 2511 εί
2551 2458 2642 2510 καὶ
2679 2456 2977 2525 σύνδρομον
3010 2453 3159 2523 αὐτῷ
3190 2452 3286 2522 τὴν
3320 2449 3555 2519 ὓπαρξιν
3605 2447 3739 2519 ἔχει

485 2544 745 2611 majorem
806 2549 960 2604 illum
1017 2559 1197 2616 vocat,
1243 2557 1501 2619 tanquam
1542 2528 1812 2619 principio
1860 2555 2159 2608 carentem,
2214 2543 2331 2610 ipse
2370 2542 2697 2612 principium
2758 2542 2963 2595 habens
2999 2556 3063 2595 ca
3110 2548 3319 2591 tantum
3363 2537 3573 2591 ratione
3606 2528 3755 2605 quod

480 2654 546 2694 ει
581 2639 739 2698 Patre
765 2653 872 2711 est,
910 2646 1123 2701 tametsi
1145 2645 1485 2701 exsistcntia:
1509 2646 1722 2700 ratione
1762 2660 1886 2700 cum
1917 2657 1984 2697 eo
2018 2642 2331 2697 conveniat.

1008 2735 1262 2808 Ejusdem
1317 2746 1365 2791 et
1398 2738 1533 2792 hinc.

548 2820 681 2887 Qum
717 2822 964 2891 ejusdem
1000 2824 1321 2879 substantiae
1367 2835 1496 2880 sunt
1538 2836 1593 2880 et
1624 2835 1855 2890 naturae,
1887 2823 2060 2893 magis

480 2911 646 2966 etiam
679 2914 894 2982 proprie
928 2913 1070 2968 inter
1094 2930 1155 2969 se
1181 2914 1420 2970 conferri
1465 2926 1732 2986 possunt:
1771 2930 1895 2985 qua:
1931 2929 2061 2969 vero

481 3008 555 3063 ita
593 3023 714 3063 sese
743 3025 848 3063 non
886 3010 1106 3075 habent,
1127 3010 1221 3066 sed
1249 3010 1473 3065 iivcrsa:
1500 3021 1705 3064 natura:
1723 3020 1871 3073 sunt,
1899 3020 2063 3079 atque

2769 2730 2883 2786 Kal
2942 2731 3143 2786 τοῦτο.

2240 2826 2325 2880 Τά
2369 2823 2465 2893 τῆς
2502 2824 2677 2893 αὐνῆς
2716 2824 2906 2887 οὐσίας
2943 2823 3073 2877 ὄντα
3125 2823 3220 2876 καὶ
3269 2822 3489 2890 φύσεως
3531 2820 3628 2875 καὶ
3653 2819 3759 2890 τὴν

2169 2918 2307 2990 πρὸς
2343 2918 2550 2985 ἄλληλα
2583 2917 2876 2987 σύγκρισιν
2908 2915 3259 2986 κυριωτέραν
3296 2913 3611 2983 ἐπιδέχεται
3634 2930 3649 2945 ·
3684 2914 3759 2966 τά

2166 3012 2223 3065 δὲ
2260 3011 2334 3082 μὴ
2363 3010 2539 3074 οὕτως
2563 3010 2779 3081 ἔχοντα.
2798 3010 3070 3080 ἑτεροφυῆ
3099 3008 3158 3062 δὲ
3182 3008 3335 3073 ὄντα,
3363 3008 3463 3062 καὶ
3484 3007 3572 3060 διὰ
3599 3008 3761 3059 τοῦτο

480 3112 543 3152 ea
572 3099 637 3153 de
660 3115 824 3154 causa
851 3101 1170 3157 diversitate
1209 3104 1443 3172 quadam
1481 3104 1622 3157 inter
1669 3119 1727 3157 se
1777 3102 2058 3165 distincta,

2180 3105 2482 3174 τεμνόμενα
2531 3105 2670 3171 προς
2725 3102 3157 3171 ἀλλοτριότητα,
3214 3100 3318 3155 οὐκ
3380 3100 3450 3156 ἂν
3503 3099 3761 3183 ἀλλήλοις

479 3193 788 3261 comparari
833 3192 938 3246 sibi
974 3193 1209 3249 invicem
1250 3212 1354 3251 non
1402 3205 1650 3265 possunt.
1690 3192 1873 3264 Neque
1915 3194 2061 3247 enim

480 3283 770 3351 quisquam
796 3284 903 3339 nisi
928 3286 1117 3353 jndicii
1154 3287 1333 3357 inops.
1358 3288 1595 3343 hominis
1615 3299 1861 3342 naturam
1887 3286 2065 3356 inqui-

481 3390 611 3431 rens
639 3376 807 3436 dicat.
841 3378 1032 3431 bovem
1069 3379 1296 3435 homine
1326 3380 1584 3451 majorem
1613 3396 1754 3447 esse,
1784 3390 1877 3435 aut
1904 3380 2067 3433 viris-

482 3468 585 3522 sim
616 3466 770 3523 bovis
795 3478 1044 3524 naturam
1072 3487 1237 3527 nosse
1270 3473 1480 3540 volens,
1512 3472 1658 3527 dicat
1684 3472 1961 3528 hominem
1998 3486 2065 3528 eo

481 3560 747 3628 majorem
781 3578 921 3618 esse.
954 3561 1087 3631 Qure
1115 3566 1261 3620 enim
1291 3564 1534 3636 ejusdem
1576 3577 1783 3621 natura;
1834 3581 1897 3621 ac
1943 3580 2066 3634 spe-

482 3652 583 3706 ciei
618 3662 763 3716 sunt,
788 3662 845 3707 ut
876 3656 1081 3709 dictum
1115 3664 1219 3717 est.
1244 3672 1308 3711 ea
1349 3656 1633 3713 commode
1661 3667 1895 3727 apteque
1922 3656 2067 3712 inter

484 3759 543 3797 se
579 3743 959 3801 conferuntur.
995 3746 1051 3801 Si
1093 3749 1275 3817 itaque
1308 3748 1581 3813 conl‘etur,
1610 3748 1912 3804 secondum
1947 3763 2063 3815 vos,

484 3834 654 3891 Filius
681 3850 804 3891 cum
850 3837 1031 3905 Patre,
1062 3843 1273 3895 ratione
1303 3840 1525 3911 majoris
1554 3851 1607 3897 et
1652 3841 1898 3907 minoris,
1936 3856 2070 3895 coir-

487 3928 861 3984 substantialis
888 3939 1039 3987 certe
1070 3947 1245 4003 neque
1274 3932 1525 3989 diversus
1553 3932 1622 3987 ab
1659 3946 1724 3987 eo
1762 3931 1891 3987 erit.
1920 3929 2067 3985 Con-

486 4020 820 4076 subtantiale
862 4036 1046 4077 autem
1085 4040 1194 4078 non
1229 4032 1409 4092 potest
1445 4024 1902 4079 consubSIantiali
1954 4038 2075 4076 ma-

485 4110 578 4180 jus
608 4121 702 4166 aut
733 4113 916 4168 minus
947 4130 1069 4169 esse
1101 4116 1313 4169 ratione
1336 4116 1659 4171 substantia:
1685 4132 1701 4170 :
1727 4130 1905 4184 neque
1928 4115 2074 4168 enim

492 4206 652 4256 homo
679 4206 899 4260 homine
924 4206 1100 4275 major
1127 4220 1230 4271 est,
1258 4218 1531 4276 quatenus
1557 4209 1719 4261 homo
1739 4216 1842 4261 est.
1866 4206 2079 4276 Equa-

491 4296 558 4349 lis
591 4296 755 4365 igitur
800 4306 887 4351 est
924 4306 980 4352 et
1024 4299 1504 4353 consubstantialis
1540 4298 1689 4354 Patri
1739 4300 1945 4368 Filius;
1986 4314 2078 4352 ra.

494 4389 641 4442 tione
675 4403 805 4440 vero
837 4388 1235 4443 incarnationis
1264 4389 1539 4442 credimus
1568 4388 1783 4443 Patrem
1817 4390 2078 4460 majorem

2172 3198 2522 3267 συγκρίνοιτο
2544 3214 2559 3228 ·
2599 3194 2926 3249 ἀπαιδευσία
2973 3193 3083 3266 γάρ
3122 3192 3280 3247 τοῦτὸ
3312 3209 3397 3262 γε.
3428 3191 3506 3246 Οὐ
3554 3191 3663 3260 γὰρ
3693 3190 3762 3244 ἄν

2170 3306 2254 3353 τις
2282 3288 2429 3343 είποι
2453 3288 2578 3341 νοῦν
2602 3288 2765 3359 ἔχων,
2796 3286 3022 3357 μείζονα
3044 3284 3139 3340 τοῦ
3174 3284 3466 3357 ἀνθρώπου
3489 3284 3580 3338 τὸν
3606 3282 3759 3354 βοῦν,

2168 3381 2269 3455 τὴν
2303 3380 2594 3453 ἀνθρώπου
2623 3380 2786 3451 φύσιν
2823 3379 3080 3450 ἐρευνῶν·
3106 3377 3218 3431 οὐδ’
3240 3376 3308 3431 αὖ
3337 3378 3502 3433 πάλιν
3532 3377 3632 3446 τὴν
3659 3374 3758 3429 τοῦ

2173 3473 2295 3544 po»;
2326 3471 2592 3543 ἐκμαθεῖν
2631 3470 2897 3543 βούλοιτο,
2938 3470 3164 3542 μείζονα
3189 3469 3384 3523 τούτου
3409 3468 3502 3523 τὸν
3544 3467 3764 3537 ἄνθρω-

2172 3586 2273 3622 πον
2306 3567 2474 3635 λέγοι.
2500 3566 2583 3620 Τὰ
2612 3565 2718 3637 γάρ
2755 3567 2972 3637 ὁμοφυῆ
3003 3582 3063 3619 τε
3101 3564 3197 3617 καὶ
3229 3563 3479 3634 ὁμοειδῆ.
3503 3561 3763 3631 καθάπερ

2174 3660 2411 3731 εἴρηται,
2442 3656 2541 3729 τὴν
2573 3657 2711 3729 πρὸς
2754 3656 2959 3727 ἄλληλα
3016 3649 3311 3726 σύγκρισιν
3359 3653 3658 3707 ἀκόλουθόν
3702 3668 3763 3704 τε

2174 3750 2271 3803 καὶ
2318 3749 2638 3820 πρέπουσαν
2676 3748 2811 3819 ἔχει.
2857 3750 2921 3802 El
2962 3748 3146 3801 τοίνυν
3198 3747 3581 3817 συγκρίνεται,
3637 3743 3766 3796 καθ’

2176 3845 2343 3914 ὑμᾶς,
2376 3846 2402 3896 6
2438 3842 2566 3905 Υιδς
2593 3842 2673 3912 τῷ
2710 3843 2895 3914 [Iath
2923 3842 3068 3896 κατὰ
3089 3841 3150 3895 τὸ
3178 3840 3366 3911 μεῖξον
3402 3840 3493 3892 καὶ
3520 3838 3760 3897 ἔλαττον,

2174 3933 2465 3994 ὁμοούσιος
2488 3934 2596 4003 ἄρα
2617 3934 2711 3986 καὶ
2729 3934 2832 3986 οὐκ
2856 3931 3137 4003 ἀλλότριος
3158 3931 3321 3986 αὐτοῦ
3343 3932 3511 3983 ἐστιν.
3536 3924 3762 3993 Ὀμοού-

2176 4045 2290 4081 στον
2314 4028 2371 4081 δὲ
2400 4028 2695 4099 ὁμοουσίου
2726 4027 2827 4080 οὐκ
2858 4027 2924 4081 ἂν
2954 4027 3163 4093 γένοιτο
3189 4025 3377 4093 μεῖζον
3404 4022 3496 4075 καὶ
3530 4020 3758 4071 ἔλαττον

2174 4119 2316 4170 κατὰ
2356 4118 2445 4169 τὸν
2469 4118 2570 4189 τῆς
2597 4116 2790 4179 οὐσίας
2819 4117 2979 4185 λόγον
2998 4131 3014 4145 ⁸
3043 4115 3105 4167 οὐ
3150 4114 3257 4180 γὰρ
3310 4112 3517 4181 μείζων
3546 4110 3765 4178 ἀνθρω-

2177 4224 2275 4271 πος
2302 4208 2618 4278 ἀνθρώπου,
2653 4208 2792 4263 καθὸ
2828 4209 3135 4278 ἄνθρωπος.
3165 4204 3307 4269 Ἰσος
3340 4207 3451 4276 ἄρα
3481 4204 3559 4273 τῷ
3588 4202 3767 4271 llatth

2176 4301 2268 4353 καὶ
2305 4302 2334 4354 6
2363 4301 2490 4363 Υίὸς
2519 4302 2610 4354 καὶ
2644 4301 2931 4373 ὀμοούσιος
2952 4311 2967 4326 ⁸
2998 4298 3366 4367 οίκονομικῶς
3406 4297 3463 4350 δὲ
3509 4295 3769 4366 εἰρῆσθαι

2177 4391 2509 4461 πιστεύομεν
2563 4393 2658 4447 επὶ
2715 4390 2810 4446 τοῦ
2861 4390 3076 4461 Πατρδς
3116 4388 3179 4443 τδ
3234 4390 3443 4461 μεῖζον.
3480 4390 3610 4442 Ὅτε
3657 4387 3770 4457 γὰρ

494 4493 524 4532 a
548 4477 685 4534 Filio
708 4492 984 4535 vocatum.
1008 4480 1237 4546 Quando
1252 4482 1398 4537 enim
1426 4482 1820 4535 humanitatem
1839 4496 2072 4550 assump-

2180 4482 2617 4555 ὲνανθρωπήσῷς
2669 4482 2948 4552 φαίνεται,
2980 4483 3101 4537 τότε
3140 4484 3235 4537 καὶ
3289 4482 3446 4535 τοῦτό
3498 4497 3663 4551 φησιν
3695 4480 3771 4544 ὼς

494 4574 586 4639 sit,
613 4574 723 4627 lt'ttu
750 4574 895 4628 ctian
932 4585 988 4627 ut
1016 4573 1178 4628 homo
1210 4576 1309 4630 hoc
1334 4578 1492 4630 dixit.

779 4686 857 4740 Ex
888 4688 1057 4755 prima
1094 4684 1348 4741 Thesauri
1378 4688 1511 4742 libro
1564 4704 1683 4758 cap.
1725 4689 1777 4744 9.

569 4844 718 4908 Quod
750 4858 811 4896 ex
838 4856 1005 4896 causa
1026 4841 1208 4911 aliqua
1227 4850 1331 4908 est,
1364 4840 1447 4897 vel
1470 4843 1716 4912 genitun‘t
1739 4852 1842 4911 est,
1874 4844 2078 4916 inquit,

498 4934 870 4991 necessarium
919 4941 1002 4988 est
1035 4942 1095 4987 ut
1128 4934 1200 4989 sit
1256 4933 1561 4989 secundum
1597 4935 1788 4990 abillo
1838 4939 1984 5007 quod
2030 4940 2079 4992 ci

499 5042 667 5082 causa
696 5025 1042 5080 exsistentia:
1074 5023 1198 5080 fuit.
1231 5024 1523 5082 Secundus
1555 5026 1736 5097 itaque
1769 5028 1875 5083 erit
1908 5028 2082 5086 Filius

501 5134 531 5172 a
560 5118 741 5184 Patre,
769 5116 974 5186 quippe
998 5117 1090 5186 qui
1115 5115 1335 5172 Patrem
1363 5126 1422 5172 ut
1447 5132 1673 5173 causam
1697 5119 1861 5174 habet
1882 5138 1897 5175 :
1918 5129 2085 5190 atque

502 5209 713 5265 idcirco
758 5223 829 5262 ne
859 5208 1356 5265 consubstantialis
1386 5210 1608 5280 quidem
1648 5210 1697 5265 ei
1738 5210 1863 5265 erit.
1901 5213 2011 5268 Ant
2035 5211 2082 5268 si

500 5300 625 5373 quis
659 5299 1060 5355 contentiosius
1108 5310 1318 5372 urgeat,
1373 5299 1901 5357 consubstantialem
1956 5320 2081 5359 eutn

500 5407 625 5448 esse
655 5392 867 5455 dicens,
900 5405 1007 5446 una
1037 5401 1186 5446 certe
1211 5390 1392 5448 deitas
1442 5395 1745 5448 sectionem
1780 5394 2083 5451 admittens

502 5483 558 5540 in
590 5484 911 5539 dualitatem
946 5481 1121 5539 divisa
1173 5482 1279 5539 erit
1308 5501 1323 5539 :
1362 5499 1539 5554 neque
1568 5484 1714 5539 enim
1746 5483 1908 5541 aliter
1946 5502 2085 5542 con-

503 5575 881 5632 sulistantialis
909 5590 1033 5632 esse
1064 5585 1262 5647 potest.

579 5668 957 5723 llebacchatur
1008 5686 1227 5727 rursum
1276 5669 1481 5727 Christi
1531 5671 1727 5739 hostis,
1764 5680 2082 5744 temercque

509 5755 770 5813 adversus
801 5759 1041 5817 divinam
1090 5764 1387 5821 essentiam
1419 5763 1672 5820 blaterat.
1702 5763 1889 5822 Secari
1933 5767 2078 5823 enim

2178 4575 2274 4629 ἄνθ
2286 4593 2487 4646 ρωπος.

2185 4690 2296 4746 Τοῦ
2339 4689 2526 4744 αὐτοῦ
2550 4690 2634 4763 *ἐκ
2684 4692 2792 4747 τοῦ
2835 4692 2883 4748 θ’
2919 4695 3259 4763 κεφαλαίου
3298 4696 3408 4750 τοῦ
3451 4695 3502 4748 α’
3527 4696 3774 4761 ,βιϐλίου

2470 4761 2575 4814 τοῦ
2607 4763 2927 4829 Θησαυροῦ
2962 4761 3097 4832 περὶ
3134 4768 3484 4834 όμοουσίου.

2254 4852 2329 4905 Τὸ
2378 4851 2437 4917 ἐξ
2481 4852 2659 4907 αἰτίου
2709 4856 2857 4919 τινὸς
2893 4855 2975 4923 ὃν,
3026 4854 3059 4925 ἢ
3106 4857 3529 4925 γεγεννημένον,
3584 4857 3777 4924 φησὶν,

2183 4946 2399 5017 ἀνάγκη
2423 4947 2678 5018 δεύτερον
2703 4944 2845 5004 εἶναι
2866 4950 3086 5014 τούτου,
3109 4948 3137 5001 6
3161 4950 3225 5017 δὴ
3251 4948 3348 5001 καὶ
3374 4947 3597 5016 γέγονεν
3626 4949 3779 5015 αὐτῷ

2186 5037 2280 5091 τοῦ
2316 5034 2456 5091 εἶναι
2485 5040 2684 5095 αἴτιον.
2718 5041 2932 5096 Οὐκοῦν
2959 5040 3219 5109 δεύτερος
3248 5038 3403 5090 ἔσται
3433 5037 3526 5091 τοῦ
3562 5038 3780 5107 Πατρδς

2184 5130 2214 5182 6
2251 5129 2379 5194 Υίὸς
2406 5131 2580 5185 αἴτιον
2611 5133 2774 5187 αὐτὸν
2803 5127 2944 5204 ἔχων
2968 5149 2983 5163 ·
3017 5131 3114 5185 καὶ
3139 5130 3227 5184 διὰ
3258 5127 3419 5182 τοῦτο
3454 5130 3552 5199 οὐχ
3575 5130 3777 5200 ὁμοού-

2190 5237 2325 5285 σιος.
2359 5223 2431 5275 Ἢ
2468 5223 2943 5295 ἀφιλονεικότερον
2993 5219 3322 5292 ένστήσεταί
3371 5237 3456 5285 τις
3495 5222 3788 5292 ὁμοούσιον

2188 5312 2353 5367 αὐτὸν
2391 5312 2532 5370 εἶναι
2583 5316 2781 5384 λέγων,
2815 5316 2846 5386 ἡ
2885 5315 2988 5384 μία
3035 5311 3252 5383 θεότης,
3282 5311 3411 5384 ἄρα,
3448 5315 3623 5384 τομήν
3659 5330 3791 5370 τινα

2191 5406 2515 5478 χωρήσασα,
2546 5407 2773 5475 γέγονεν
2809 5408 2891 5467 είς
2935 5404 3105 5459 δυάδα
3131 5421 3145 5436 ·
3179 5403 3240 5457 οὐ
3278 5404 3389 5476 γὰρ
3420 5406 3624 5475 ἑτέρως
3651 5409 3786 5477 ὁμο-

2193 5500 2371 5561 ούσιος
2412 5497 2552 5553 εἶναι
2588 5498 2836 5551 δύναται.

2266 5675 2381 5729 Οὐκ
2414 5674 2733 5729 αίσθάνεται
2767 5676 2929 5732 πάλιν
2963 5676 3180 5747 μεθύων
3208 5680 3237 5733 6
3268 5680 3659 5749 xpntouixoc,
3696 5690 3792 5734 και

2202 5766 2382 5839 μάτην
2412 5766 2816 5840 καταφλυαρῶν
2865 5770 2965 5843 τῆς
3000 5770 3151 5836 θείκς
3188 5772 3395 5837 οὐσίας.
3440 5772 3513 5827 Τὸ
3549 5772 3649 5843 μιν
3679 5777 3789 5844 γὰρ
