4064 6382
377 306 487 370 519
520 284 525 287 ’

1055 417 1126 474 Et
1157 419 1285 475 hac.

448 524 551 589 Qui
602 522 715 577 hare
767 520 837 575 ita
892 518 1143 589 imperite
1186 515 1397 583 objicit,
1445 512 1682 569 vicissim
1729 526 1761 567 a
1810 510 1966 568 nobis
1995 515 2035 569 Α

375 618 561 671 audiet
592 633 606 670 :
636 615 754 682 Quo
796 621 955 683 pacto
994 626 1102 666 non
1153 609 1323 678 possit
1350 609 1555 662 servari
1591 607 1845 662 identitas
1878 620 1964 662 es-

375 710 565 763 sentia:
597 709 649 761 in
678 708 841 760 Patre
868 715 923 759 et
953 703 1111 764 Filio,
1145 705 1187 755 si
1219 700 1386 755 Filius
1426 712 1509 756 est
1538 700 1716 767 imago
1766 697 1962 763 Patris,

1312 299 1687 361 PANOPLIA
1736 294 2202 358 DOGMATICA.
2234 320 2298 333 -
2325 292 2474 358 Τῐτ.
2516 295 2619 358 XI.

3544 286 3649 353 680

2674 415 2783 470 Καὶ
2824 412 3025 470 τοῦτο.

2150 514 2208 568 '0
2240 512 2414 567 ταῦτα
2447 512 2752 584 προτείνων
2794 511 3026 582 ἀμαθῶς
3047 551 3062 575 ,
3095 511 3489 566 ἀντακούσεται
3524 513 3655 584 παρ’

2066 606 2224 677 ἡμῶν
2244 622 2257 635 ·
2300 605 2409 659 Καὶ
2444 604 2561 668 πῶς
2586 604 2653 658 ἂν
2684 603 2902 657 δύναιτο
2928 603 3195 673 ταυτότης
3214 604 3401 667 οὐσίας
3439 604 3514 675 μὴ
3543 604 3651 658 σώ-

2065 702 2255 768 ζεσθαι
2300 703 2391 755 ὲπί
2445 720 2505 755 τε
2545 703 2759 773 Πατρὸς
2795 704 2890 757 καὶ
2926 704 3088 770 Υἱοῦ,
3125 703 3180 757 εί
3204 721 3268 773 γε
3306 705 3400 759 τοῦ
3439 707 3655 777 Πατρὶς

374 810 430 854 et
470 801 522 853 in
560 798 741 867 seipso
775 794 1015 849 ostendit
1052 792 1306 847 Patrem?
1332 791 1675 845 Manifestum
1706 790 1851 845 enim
1880 797 1965 845 est

2077 794 2229 849 είκών
2257 796 2405 849 ἐστιν
2433 797 2463 848 ὁ
2487 795 2634 860 Υἱὸς,
2658 796 2751 849 καὶ
2783 797 2841 849 ὲν
2872 796 3052 869 ἑαυτῷ
3071 796 3312 851 δείκνυσι
3351 798 3441 851 τὸν
3475 799 3653 853 Πατέ-

374 904 429 949 et
461 895 529 945 ah
563 891 815 945 omnibus
849 889 1175 951 admissum,
1232 887 1503 940 nemiuem
1546 884 1600 938 in
1629 884 1733 938 alia
1769 895 1963 938 natura

2077 904 2168 957 ρας
2203 886 2442 957 Εὔδηλον
2467 886 2575 958 γὰρ
2609 886 2671 958 δή
2709 887 2907 940 πουθέν
2946 889 3061 941 ἐστι
3118 890 3213 941 καὶ
3248 889 3415 942 πᾶσιν
3464 888 3653 959 ὁμολο-

374 987 535 1040 aliam
575 997 841 1045 cernere;
891 994 1067 1048 neque
1110 979 1398 1049 quisquam
1438 978 1620 1033 dicere
1658 977 1829 1047 possit
1866 987 1960 1039 se,

2062 982 2161 1051 γού
2171 998 2351 1053 μενον,
2381 979 2456 1041 ὡς
2484 980 2659 1043 οὐδεὶς
2686 980 2742 1031 ὲν
2780 979 2947 1050 ἑτέρᾳ
2984 979 3143 1049 φύσει
3182 979 3281 1051 τὴν
3308 981 3500 1051 ἑτέραν
3525 980 3655 1049 ὅψε-

376 1093 497 1132 cum
531 1092 729 1144 equum
764 1074 980 1139 viderit,
1007 1074 1285 1128 hominum
1314 1070 1551 1140 aliquem
1583 1070 1801 1125 vidisse.
1827 1064 1960 1121 Nam

2077 1091 2153 1127 ται
2176 1090 2190 1104 ·
2216 1072 2326 1125 οὐδ’
2354 1072 2421 1126 ἄν
2456 1088 2539 1135 τις
2589 1071 2702 1143 ἔχοι
2732 1069 2913 1140 λέγειν
2965 1070 3131 1125 ἵππον
3160 1071 3442 1144 ἑωρακὼς,
3480 1072 3561 1125 ὅτι
3585 1072 3649 1144 δή

374 1172 428 1224 in
470 1170 536 1224 iis
565 1186 685 1239 quae
725 1169 966 1239 ejusdem
1000 1176 1206 1220 natura:
1253 1173 1378 1218 sunt
1406 1163 1602 1218 similia
1639 1163 1802 1218 etiam
1842 1176 1962 1215 cer-

2061 1181 2183 1218 τινα
2206 1162 2315 1217 τῶν
2343 1161 2646 1236 ἀνθρώπων
2666 1162 2941 1217 τεθέαται.
2973 1161 3062 1217 Ἐν
3084 1162 3195 1234 γὰρ
3224 1165 3336 1226 τοῖς
3354 1164 3651 1233 ὀμοφυέσιν

374 1273 608 1329 nuntur,
637 1276 741 1313 non
776 1262 827 1314 in
857 1259 925 1314 iis
968 1275 1091 1328 qua:
1136 1257 1279 1311 inter
1321 1271 1378 1310 se
1407 1255 1711 1320 dissident,
1751 1254 1961 1308 ratione

2077 1258 2096 1330 ί)
2121 1258 2229 1311 τῶν
2260 1257 2462 1328 ὁμοίων
2485 1255 2785 1322 ἀπόδειξις,
2807 1256 2908 1308 οὐκ
2933 1256 2990 1309 ἐν
3016 1256 3129 1319 τοῖς
3167 1254 3409 1327 ἀλλήλων
3431 1256 3650 1327 διεστη-

374 1355 519 1408 modi
562 1369 669 1423 quo
702 1353 995 1406 exsistunt.
1028 1350 1085 1404 Si
1134 1366 1263 1419 ergo
1292 1349 1538 1417 Philippo
1583 1347 1820 1417 cupienti
1859 1344 1961 1399 Pa-

373 1460 511 1502 trem
564 1449 749 1503 videre
809 1444 1065 1500 Christus
1118 1443 1359 1511 scipsum
1414 1440 1671 1502 ostendit,
1732 1440 1956 1492 dicens:

2060 1352 2201 1415 κόσι,
2235 1350 2374 1405 κατὰ
2402 1349 2492 1404 τὸν
2511 1349 2606 1403 τοῦ
2631 1348 2749 1411 πῶς
2766 1344 3094 1418 εἷναιλόγον.
3122 1349 3184 1403 El
3204 1351 3381 1405 τοίνυν
3398 1349 3649 1421 ζητοῦντι

2060 1442 2137 1513 τῷ
2165 1442 2417 1511 Φιλίππῳ
2470 1440 2563 1494 τὸν
2618 1440 2841 1511 Πατέρα
2896 1439 3047 1505 ἰδεῖν,
3072 1440 3266 1494 ἑαυτὸν
3320 1440 3650 1496 ἐπιδεικνύει

377 1561 396 1593 ι
432 1541 532 1608 Qui
586 1541 719 1594 vidit
761 1555 867 1603 me,
900 1537 1037 1592 vidit
1083 1546 1137 1590 et
1184 1533 1439 1589 Patrem‘
1483 1550 1497 1600 ;
1538 1552 1556 1584 ι
1608 1547 1828 1587 necesse
1876 1541 1957 1585 est

2077 1534 2315 1606 Κριστὸς,
2338 1533 2544 1602 λέγων’
2583 1550 2601 1583 ι
2647 1532 2706 1585 Ὀ
2742 1529 3002 1601 ἑωρακὼς
3024 1531 3141 1601 ἐμὲ,
3180 1529 3393 1603 ἑώρακε
3420 1532 3511 1585 τον
3535 1533 3649 1586 Πα-

370 1631 596 1687 omnino
640 1640 699 1684 ut.
746 1629 988 1698 ejusdem
1030 1625 1283 1682 essentia!
1314 1625 1559 1680 dicamus
1600 1637 1720 1677 esse
1761 1622 1954 1678 Filium

2077 1627 2214 1697 πέρα,
2249 1644 2266 1677 ι
2299 1626 2513 1694 ἀνάγκη
2546 1625 2697 1678 πᾶσα
2728 1624 2827 1696 τῆς
2853 1625 3023 1696 αὐτῆς
3067 1624 3253 1688 οὐσίας
3287 1620 3424 1679 εἶναι
3467 1624 3648 1693 λέγειν

369 1739 497 1779 cum
534 1722 717 1788 Patre,
752 1731 812 1776 ut
853 1719 1228 1776 omnimodam
1266 1715 1556 1790 imaginem
1584 1724 1641 1772 et
1674 1716 1957 1771 characte-

2077 1719 2155 1771 τὸν
2183 1719 2311 1771 Υίὸν
2335 1718 2412 1789 τῷ
2436 1719 2631 1789 Πατρὶ,
2662 1717 2738 1781 ὡς
2771 1718 3188 1788 ἀπαράλλακτον
3212 1717 3396 1773 είκόνα
3425 1719 3519 1774 καὶ
3546 1736 3648 1789 χα-

371 1830 489 1871 rem
512 1828 626 1871 sua:
656 1814 1034 1884 hypostaseos.

1033 1904 1100 1961 Et
1136 1906 1270 1964 Ιιωσ.

441 2005 521 2072 Si,
556 2001 1010 2073 quemadmodum
1038 2016 1136 2057 vos
1161 2014 1433 2067 errantes,
1485 2008 1539 2056 et
1591 2001 1645 2055 in
1710 2014 1955 2055 errorem

2065 1812 2319 1884 ρακτῆρα
2338 1811 2439 1882 τῆς
2464 1811 2815 1874 ὑποστάσεως
2840 1810 3029 1865 αὑτοῦ.

2672 1907 2781 1961 Καὶ
2843 1908 3044 1963 τοῦτο.

2136 1997 2222 2062 Εἰ,
2249 1998 2501 2069 καθάπερ
2526 1999 2685 2066 ὑμεῖς
2709 2001 2890 2056 οίεσθε
2915 2003 3229 2067 πλανῶντες
3245 2002 3342 2056 καὶ
3359 2003 3650 2075 πλανώμε-

369 2096 507 2152 alios
527 2096 858 2151 adducentes
880 2092 1201 2166 opinamini,
1234 2108 1343 2148 non
1383 2108 1453 2148 ex
1480 2091 1723 2149 essentia
1781 2089 1958 2145 Patris

2077 2108 2169 2157 νοι,
2204 2091 2306 2147 οὐκ
2334 2092 2397 2145 ὲκ
2429 2092 2524 2162 τῆς
2550 2094 2739 2156 οὐσίας
2770 2094 2867 2148 τοῦ
2901 2096 3112 2168 Πατρδς
3148 2095 3418 2169 προῆλθεν
3443 2097 3473 2151 ὁ
3494 2098 3649 2164 Υίὸς,

370 2190 541 2247 Filius
590 2188 811 2260 prodiit,
866 2188 962 2245 sed
1032 2187 1394 2253 extrinsecus,
1462 2198 1548 2242 est
1605 2196 1786 2243 autem
1843 2186 1960 2257 ipse

2077 2184 2275 2258 δπέστη
2300 2184 2359 2239 δὲ
2388 2185 2610 2253 ἐξωθεν,
2635 2187 2730 2241 καὶ
2751 2186 2901 2243 ἔστιν
2930 2189 3091 2255 αὐτὸς
3121 2191 3157 2262 ἡ
3184 2192 3347 2262 σοφία
3370 2191 3463 2245 καὶ
3488 2192 3651 2246 δύνα-

371 2281 639 2356 sapientia
672 2291 728 2337 et
754 2279 1001 2352 potentia
1032 2279 1236 2348 Patris,
1268 2280 1435 2336 Pater
1487 2290 1683 2335 natura
1715 2295 1816 2335 nec
1870 2295 1958 2335 sa-

374 2379 549 2449 piens,
579 2394 680 2436 nec
706 2389 897 2449 potens
924 2388 1029 2448 est,
1048 2378 1096 2437 si
1118 2380 1438 2451 quidem,ut
1468 2393 1698 2436 erronee
1725 2381 1959 2451 putatis,

378 2469 578 2527 Filium
606 2472 955 2528 estrinsecus
985 2472 1265 2541 produxit,
1314 2473 1409 2542 qui
1447 2481 1532 2529 est
1560 2473 1692 2542 ejus
1726 2475 1963 2544 sapien-

374 2563 449 2618 tia
487 2573 541 2619 et
572 2565 839 2635 potentia.
878 2564 950 2619 At
981 2563 1144 2621 Pater
1190 2576 1386 2620 natura
1412 2564 1649 2635 sapiens,
1684 2574 1739 2621 et
1770 2577 1963 2637 potens

372 2664 479 2722 est,
507 2654 704 2709 Filium
732 2655 896 2726 igitur
916 2672 983 2712 ex
1017 2654 1190 2711 Patris
1214 2656 1473 2723 essentia,
1492 2667 1546 2712 et
1580 2658 1786 2713 idcirco
1812 2658 1960 2727 ejus-

372 2745 496 2801 dem
527 2746 689 2802 etiam
718 2747 971 2803 essentia:
997 2762 1122 2803 cum
1151 2747 1243 2803 illo
1274 2762 1419 2815 esse,
1446 2763 1671 2805 necesse
1708 2762 1792 2805 est
1822 2766 1957 2806 con-

377 2836 541 2893 (lteri.

378 2926 448 2982 Et
498 2938 733 2999 quatuor
770 2930 1046 3000 sequentia
1093 2931 1273 2998 capila
1325 2930 1531 2985 Filium
1584 2948 1697 2986 esse
1751 2932 1959 2987 demon-

632 3009 808 3053 strant
841 3000 1079 3071 ejusdem
1109 3002 1352 3057 essentia
1377 3018 1496 3057 cum
1528 3001 1692 3057 Patre

453 3085 514 3143 In
542 3088 680 3161 lege,
712 3090 913 3161 inquit,
936 3098 1117 3147 vestra
1141 3090 1409 3163 scriptum
1438 3102 1524 3148 est
1550 3111 1563 3148 :
1598 3092 1837 3147 Duorum
1874 3093 1967 3148 Ito-

2070 2293 2163 2348 μις
2226 2276 2323 2331 τοῦ
2388 2278 2623 2351 Πατρδς,
2675 2278 2800 2336 οὔτε
2866 2282 3033 2352 σοφὸς
3084 2284 3228 2337 κατὰ
3286 2283 3450 2354 φύσιν
3500 2285 3650 2339 ἐστὶν

2067 2372 2096 2425 ὁ
2127 2370 2317 2443 Πατὴρ
2335 2410 2351 2434 ,
2381 2370 2505 2427 οὔτι
2538 2374 2645 2445 μὴν
2672 2372 2895 2439 δυνατὸς
2914 2418 2929 2441 ,
2964 2376 3017 2430 εί
3046 2394 3110 2447 γι
3139 2378 3281 2432 κατὰ
3306 2378 3405 2451 τὴν
3434 2380 3651 2450 ἀμαθε-

2072 2462 2276 2534 στάτην
2300 2462 2455 2534 ὑμῶν
2482 2465 2750 2536 πρότασιν
2772 2466 2973 2534 Ιξωθεν
3001 2468 3274 2540 ὑπέστησε
3304 2467 3396 2523 τδν
3424 2468 3573 2537 Υἱὺν,
3594 2469 3655 2534 ὅς

2071 2556 2220 2610 ἔστιν
2252 2554 2403 2627 αὐτῷ
2432 2558 2595 2627 σοφία
2631 2557 2727 2612 καὶ
2750 2558 3003 2629 δύναμις.
3048 2561 3188 2615 Ἀλλ’
3220 2561 3339 2616 ἐστι
3369 2561 3508 2616 κατὰ
3548 2562 3653 2633 φύ-

2072 2665 2158 2702 σιν
2201 2649 2367 2719 σοφός
2402 2665 2462 2702 τε
2508 2650 2607 2702 καὶ
2647 2650 2896 2715 δυνατός.
2943 2652 3185 2725 Ἀνάγκη
3240 2657 3388 2709 πᾶσα
3420 2654 3517 2709 καὶ
3559 2655 3655 2708 τὸν

2074 2742 2200 2795 my
2237 2744 2304 2797 ὲκ
2331 2741 2431 2813 τῆς
2467 2740 2563 2795 τοῦ
2602 2742 2815 2815 [ἰατρὸς
2851 2744 3039 2810 οὐσίας
3073 2743 3213 2801 εἶναι
3254 2746 3456 2819 λέγειν.
3496 2749 3558 2804 Ei
3596 2749 3654 2805 δι

2070 2838 2252 2902 τοῦτο,
2292 2836 2385 2891 καὶ
2421 2838 2735 2908 ὀμοούσιος.

2075 2929 2182 2984 Καὶ
2217 2930 2289 2985 τὰ
2318 2932 2778 3009 ὑποτεταγμένα
2893 2936 3189 3009 κεςράλαια
3219 2934 3345 3002 τοῖς
3364 2936 3486 2990 ἄνω
3504 2953 3660 3009 συμ-

2352 3005 2711 3072 φθέγγονται
2733 3006 2865 3072 περὶ
2892 3006 2999 3060 τοῦ
3022 3009 3375 3075 όμοουσίου.

2233 3091 2325 3148 Ἐν
2354 3092 2434 3164 τῷ
2465 3094 2891 3167 νόμῳ,φησὶ,τῷ
2924 3097 3175 3171 ὕμετέρω
3204 3098 3541 3170 γέγραπται,
3576 3101 3660 3158 ὅτι

384 3182 590 3237 minam
618 3183 989 3239 testimonium
1033 3199 1148 3239 esse
1193 3200 1397 3241 verum.
1445 3181 1650 3240 Deinde
1698 3182 1972 3254 subiicit:

2080 3183 2175 3237 δύο
2198 3185 2544 3257 ἀνθρώπωνή
2576 3185 2855 3258 μαρτυρία
2872 3188 3073 3260 ἀληθής
3095 3193 3261 3247 ἔστιν.
3287 3187 3418 3245 Εἶτα
3440 3192 3658 3261 ἐπάγει,

381 3272 497 3344 Ego
527 3292 667 3342 sum,
715 3277 807 3347 qui
847 3278 1209 3331 testimonium
1248 3279 1493 3347 perhibeo
1526 3276 1592 3332 de
1623 3293 1703 3332 me
1740 3277 1878 3342 ipso,
1922 3286 1971 3332 et

382 3368 744 3422 testimonium
793 3368 1025 3439 perhibet
1072 3368 1137 3424 de
1182 3386 1287 3435 me,
1331 3369 1422 3441 qui
1451 3370 1597 3429 misit
1642 3385 1745 3434 me,
1782 3368 1973 3423 Pater.

386 3454 686 3529 Imaginem
718 3458 888 3529 igitur
914 3468 1247 3515 contuentes
1282 3474 1651 3532 agnoseemus
1693 3462 1976 3532 exemplar

379 3548 524 3619 ejus.
555 3547 820 3616 Duorum,
850 3550 1048 3622 inquit,
1081 3549 1354 3605 hominum
1388 3551 1755 3606 testimonium
1793 3566 1974 3605 verum

380 3651 482 3709 est,
510 3641 748 3697 duorum
781 3652 963 3698 autem
1004 3642 1294 3699 hominum
1336 3652 1590 3700 naturam
1634 3660 1760 3701 esse
1807 3659 1974 3699 unam

383 3750 579 3792 omnes
616 3736 970 3792 conﬁtentur.
1003 3737 1191 3805 Quare
1221 3737 1398 3795 Patris
1427 3746 1482 3794 et
1516 3737 1640 3794 Filii
1672 3739 1974 3795 essentiam

384 3841 507 3881 esse
538 3842 703 3881 unam
750 3843 945 3885 omnes
990 3843 1299 3899 agnoscere
1332 3839 1566 3893 possunt
1601 3839 1658 3884 et
1702 3830 1976 3885 conﬁteri.

388 3916 546 3975 Sicut
568 3919 716 3975 enim
749 3920 864 3978 illic
885 3923 997 3977 duo
1020 3922 1297 3989 homines,
1324 3924 1400 3979 ita
1423 3922 1514 3978 hic
1539 3923 1710 3988 Deus,
1731 3935 1786 3979 et
1812 3922 1978 3988 Deus,

386 4008 551 4065 Pater
579 4021 635 4067 et
667 4011 865 4080 Filius,
891 4015 986 4085 qui
1019 4014 1155 4086 ipsis
1181 4016 1349 4070 etiam
1384 4014 1700 4069 hominibus
1728 4013 1977 4069 eamdem

387 4113 645 4161 naturam
681 4107 1004 4162 Ostendunt.
1057 4104 1244 4177 Neque
1298 4108 1447 4163 enim
1492 4092 1660 4162 verus
1696 4104 1845 4161 Deus
1893 4106 1975 4161 di-

387 4211 606 4254 versam
651 4214 683 4252 a
729 4213 863 4254 vero
890 4198 1002 4255 Deo
1034 4210 1288 4255 naturam
1329 4200 1552 4267 habeat,
1598 4214 1774 4269 neque
1803 4197 1982 4255 Filius

388 4291 459 4346 ab
490 4290 585 4345 illo
604 4290 966 4357 diﬂ'erentem,
998 4308 1124 4348 cum
1160 4293 1257 4350 Dei
1290 4292 1362 4350 sit
1407 4291 1602 4350 Filius.
1635 4292 1731 4349 His
1777 4292 1983 4348 auditis

387 4380 563 4439 Judaei
617 4384 1030 4455 quaesiverunt:
1081 4383 1184 4440 ωε
1222 4396 1303 4443 est
1354 4383 1523 4442 Pater
1559 4387 1729 4442 tuus!
1768 4384 1982 4455 Quibus

390 4477 674 4547 respondit
722 4477 889 4534 Jesus
932 4497 948 4537 :
995 4476 1183 4552 Neque
1220 4497 1303 4535 nte
1330 4482 1525 4547 nostis,
1561 4495 1724 4551 neque
1763 4478 1980 4535 Patrem

395 4584 589 4624 meum.
634 4568 695 4625 Si
736 4587 817 4625 me
859 4574 1166 4640 novisset“,
1213 4584 1265 4630 et
1308 4574 1528 4630 Patrem
1574 4588 1749 4627 mem:
1801 4573 1982 4640 utique

390 4664 786 4732 eoquorissetis.
1258 4670 1263 4673 ⁷

470 4756 659 4813 Videte
692 4771 887 4813 rursus
932 4758 1211 4829 quomodo
1248 4758 1398 4814 hinc
1424 4756 1979 4815 consubstantialitas

397 4852 830 4907 demonstratur.
866 4850 922 4906 Si
955 4865 1061 4920 me,
1097 4851 1298 4922 inquit,
1332 4852 1569 4919 sciretis,
1599 4849 1817 4904 Patrem
1845 4863 1986 4918 quo-

396 4958 505 5013 quo
535 4958 718 4998 meum
752 4943 992 4999 sciretis.
1025 4944 1095 4997 At
1140 4958 1271 4997 vero
1298 4957 1367 4996 ex
1400 4955 1468 4997 eo
1518 4941 1664 5010 quod
1699 4939 1981 4995 diversum

394 5043 482 5089 est
509 5047 725 5099 natura,
752 5036 985 5089 alterum
1021 5035 1152 5088 item
1185 5033 1516 5088 naturaliter
1555 5032 1835 5085 diversum
1875 5046 1982 5084 non

394 5126 757 5197 dignoscitur.
808 5124 1061 5195 Namque
1132 5125 1314 5180 aliena
1356 5126 1593 5179 invicem
1634 5134 1689 5179 et
1719 5133 1982 5178 extranea

396 5222 631 5276 invicem
657 5236 768 5276 non
787 5219 1177 5275 demonstrant
1201 5236 1215 5272 :
1238 5221 1334 5274 sed
1356 5229 1569 5276 natura:
1591 5220 1984 5275 communione

398 5316 716 5384 conjuncta,
749 5328 817 5368 ex
848 5313 1113 5367 alterutro
1145 5322 1471 5368 noscuntur.
1501 5311 1582 5368 Ex
1622 5330 1731 5370 uno
1760 5313 1985 5369 homine

404 5408 717 5461 universam
751 5404 1040 5459 hominum
1077 5414 1329 5457 naturam
1370 5419 1707 5474 cognOscere
1734 5407 1893 5473 licet;
1929 5417 1985 5462 et

403 5513 470 5552 ex
505 5514 611 5553 una
640 5512 742 5554 ove
773 5497 1092 5553 universum
1130 5497 1313 5553 ovium
1348 5512 1522 5569 genus
1564 5515 1580 5554 :
1619 5514 1727 5556 non
1793 5508 1977 5555 tamen

485 5678 497 5705 ⁸
532 5675 687 5730 Διιοιι.
733 5695 844 5745 xlv,
870 5679 924 5734 9.

2089 3274 2240 3345 Ἐγώ
2261 3278 2379 3346 ειμι
2405 3280 2441 3331 ό
2458 3276 2784 3347 μαρτυρῶν
2804 3281 2939 3348 περί
2965 3282 3229 3351 ἐμαυτοῦ
3250 3287 3351 3338 καί
3363 3285 3669 3356 μαρτυρεῖ

2076 3367 2212 3437 περὶ
2235 3368 2382 3439 ἐμοῦ
2407 3373 2442 3424 ὁ
2461 3370 2705 3440 πέμψας
2722 3389 2801 3442 με
2826 3373 3050 3442 Πατήρ.
3092 3375 3523 3446 ’Δποδλὲψαντις
3550 3379 3664 3433 τοί-

2078 3478 2174 3515 νυν
2217 3461 2299 3526 είς
2345 3462 2446 3534 τὴν
2485 3460 2691 3527 εικόνι.
2746 3464 3035 3536 νοήσωμεν
3078 3466 3141 3519 τὸ
3182 3468 3512 3538 ἀρχέτυπον.
3559 3471 3685 3532 Δύο,

2077 3553 2589 3625 φησὶν.ἀνθρώπων
2629 3556 2663 3627 ἡ
2702 3556 2979 3627 μαρτυρία
3014 3556 3226 3629 ἀληθής
3268 3559 3409 3614 ἐστι.
3451 3559 3575 3613 Τῶν
3606 3560 3667 3614 δὲ

2078 3643 2171 3698 δύο
2223 3644 2531 3715 ἀνθρώπων
2568 3648 2604 3718 η
2649 3647 2811 3716 φύσις
2866 3648 2965 3718 μία
3010 3647 3259 3719 δηλονότι
3296 3652 3450 3723 παρὰ
3501 3653 3669 3708 πᾶσιν

2076 3735 2449 3807 ὡμολόγηται.
2488 3737 2701 3791 Οὐκοῦν
2735 3738 2947 3812 [ἰατρὸς
2982 3740 3077 3795 καὶ
3120 3741 3253 3795 Υἱοῦ
3291 3744 3325 3815 ἠ
3357 3745 3519 3799 οὐσία
3567 3745 3669 3817 μία

2079 3829 2145 3881 ἐκ
2180 3826 2280 3899 τῆς
2312 3827 2518 3892 είκόνος
2548 3829 2883 3899 νοηθήσεταί
2916 3848 2977 3884 τε
3044 3832 3138 3887 καὶ
3170 3834 3664 3906 ὀμολογηθήσεται.

2082 3918 2298 3988 Ὠσπερ
2322 3919 2431 3990 γὰρ
2460 3921 2579 3973 εκεῖ
2600 3921 2696 3974 δύο
2723 3922 3024 3993 ἄνθρωποι,
3053 3924 3229 3989 οὕτως
3248 3924 3481 3979 ινταῦθα
3511 3926 3661 3991 Θιὸς,

2081 4012 2175 4066 καὶ
2203 4012 2357 4081 Θεὸς,
2396 4015 2609 4084 Πατὴρ,
2647 4018 2743 4068 καὶ
2774 4014 2923 4081 me,
2961 4019 3057 4071 καὶ
3085 4017 3269 4080 αὐτοῖς
3296 4018 3408 4079 τοῖς
3436 4016 3665 4086 ὀνόμασι

2080 4108 2369 4180 δηλοῦντες
2428 4111 2529 4178 τῆς
2575 4106 2793 4174 φύσεως
2845 4108 2945 4180 τὴν
3000 4108 3322 4178 ταυτότητα.
3360 4105 3500 4162 Οὔτε
3556 4109 3667 4181 γὰρ

2081 4203 2111 4255 ὁ
2162 4199 2377 4270 άληθῶς
2420 4199 2556 4263 θεὸς
2600 4201 2797 4272 ἑτέρας
2849 4200 2916 4254 ἂν
2966 4200 3049 4269 τίη
3111 4198 3324 4269 φύσεως
3374 4200 3526 4272 παρὰ
3575 4203 3670 4255 τὸν

2081 4292 2259 4362 ἀληθῆ
2304 4291 2459 4362 Θεδν,
2491 4292 2615 4348 οὔτε
2649 4296 2678 4346 ὀ
2718 4292 2845 4356 rte;
2890 4293 3056 4364 ἄλλης
3098 4294 3229 4364 παρ’
3276 4294 3485 4348 ἑκείνον
3531 4292 3669 4347 Θεοῦ

2085 4387 2348 4457 ὑπάρχων
2400 4387 2548 4450 Υἱός.
2608 4386 2829 4440 Τούτων
2892 4385 3224 4450 ἀκούσαντες
3283 4388 3333 4440 oi
3406 4386 3670 4452 Ἰουδαῖοι,

2085 4480 2378 4550 ἠρώτησαν
2399 4480 2584 4540 αὐτὸν.
2607 4478 2733 4533 Ποῦ
2752 4478 2928 4532 ἐστιν
2947 4476 3205 4553 ὀιηατήρ
3224 4491 3376 4542 σου;
3397 4478 3669 4548 ἀπεκρίθη

2086 4573 2266 4627 τοίνυν
2294 4575 2323 4626 6
2359 4571 2589 4642 Ἰησοῦς,
2616 4573 2765 4627 Οὔτε
2784 4571 2892 4643 ἐμὲ
2911 4571 3136 4634 σιδατε.
3156 4570 3296 4625 οὔτε
3317 4572 3423 4625 τὸν
3444 4573 3676 4639 Πατέρα

2082 4682 2224 4734 μου.
2253 4667 2322 4718 El
2344 4663 2448 4730 ἐμὲ
2471 4663 2689 4733 ᾔδειτε,
2716 4664 2816 4718 καί
2840 4664 2948 4718 τὸν
2966 4662 3199 4731 Πατέρα
3219 4681 3338 4734 μου
3359 4662 3555 4733 ᾔδειτε
3576 4662 3672 4717 ἄν.

2172 4756 2369 4826 Ὁρᾶτε
2392 4757 2554 4811 πάλιν
2576 4758 2693 4821 πῶς
2713 4758 2963 4811 δντεῦθεν
2986 4758 3046 4813 τὸ
3062 4756 3353 4827 ὁμοούσιον
3375 4757 3672 4809 διίκνυτλι.

2096 4852 2159 4903 Ei
2186 4850 2287 4919 ἐμὲ
2314 4850 2444 4919 γὰρ,
2464 4850 2865 4922 φησὶν,ῇδειτε,
2884 4851 2980 4905 καὶ
3005 4850 3097 4905 τὸν
3121 4851 3345 4921 Πατέρα
3368 4865 3472 4920 μου
3498 4848 3677 4920 ᾔδειτε

2091 4942 2157 4996 ἂν
2176 4955 2193 4972 ⁸
2229 4944 2294 4996 ἐκ
2324 4943 2381 4995 δὲ
2411 4943 2507 4995 τοῦ
2535 4944 2879 5014 ὲτιροουσίου
2907 4943 2969 4997 τὸ
2999 4940 3348 5011 ἑτεροούσιον
3376 4940 3437 4994 οὐ
3475 4941 3677 5009 γνωρί-

2089 5038 2279 5102 ζεται·
2317 5038 2385 5091 τὰ
2420 5038 2528 5109 γὰρ
2560 5038 2837 5107 ἀλλόφυλα
2872 5038 2967 5093 καὶ
3003 5034 3422 5103 ξένα,ἀλλήλων
3444 5034 3541 5084 οὐκ
3566 5036 3678 5085 εἰσὶ

2090 5126 2364 5199 δηλωτικὰ
2385 5144 2400 5160 ·
2454 5129 2521 5181 τὰ
2562 5128 2620 5182 δὲ
2660 5129 2879 5198 φύσεως
2910 5127 3296 5187 κοινωνοῦντα,
3324 5122 3394 5177 δι’
3426 5124 3677 5192 ἀλλήλων

2086 5218 2419 5291 γινώσκεται
2446 5237 2460 5251 ·
2500 5220 2570 5275 δι’
2594 5221 2715 5284 ἐνὸς
2748 5222 2849 5292 μὲν
2877 5216 3173 5288 ἀνθρώπου
3206 5216 3388 5270 πᾶσαν
3419 5216 3530 5269 τῶν
3579 5220 3683 5270 av-

2087 5310 2325 5382 θρώπων
2352 5315 2453 5381 τὴν
2494 5311 2658 5381 φύσιν
2687 5311 2817 5364 ίδείν
2848 5310 2965 5362 εστι
2985 5322 3000 5338 ο
3027 5310 3124 5360 καὶ⁵
3156 5304 3226 5359 δι’
3255 5305 3374 5369 ἑνὸς
3401 5306 3684 5376 προϐάτου

2087 5404 2197 5457 τῶν
2224 5403 2513 5473 προϐάτων
2543 5400 2691 5455 ἅπαν
2716 5400 2778 5453 τὸ
2805 5400 2961 5467 γένος
2986 5414 2998 5427 ’
3028 5396 3091 5450 οὐ
3127 5397 3239 5469 μὴν
3270 5398 3359 5450 διὰ
3390 5397 3686 5465 προόἀτων

2086 5496 2212 5561 τοὺς
2241 5492 2628 5560 λέοντας,οὐδὲ
2658 5492 2748 5546 διὰ
2781 5492 3013 5546 λεόντων
3040 5490 3107 5545 τὰ
3145 5490 3415 5562 πρόϐατα,
3442 5485 3552 5544 οὐδ’
3583 5491 3690 5555 ἁγ-
