4064 6396
328 352 419 418 61

1296 350 1675 411 PANOPLIA
1712 348 2171 411 DOGMATICA.
2211 374 2277 385 -
2310 350 2463 411 TIT.
2501 350 2609 414 x1.
2686 318 2689 319 ί

3468 352 3573 413 632

320 470 506 539 τέλους
525 465 617 519 διὰ
645 462 967 535 ἀνθρώπων,
996 463 1119 517 οὐδὲ
1150 462 1239 516 διὰ
1268 462 1515 531 ἀγγέλων
1546 463 1886 532 ἀνθρώπους·

2005 479 2057 517 ex
2094 464 2285 519 ovibus
2318 465 2528 532 leones,
2554 480 2729 534 neque
2774 480 2838 519 ex
2875 465 3126 521 leonibus
3157 481 3326 523 oves:
3397 484 3575 536 neque

321 562 455 627 ζῶον
476 562 585 631 γὰρ
600 560 834 613 ἕκαστον
844 558 944 627 τῆς
958 557 1163 621 οἰκείας
1180 556 1480 627 δηλωτικόν
1509 556 1625 610 ἑστι
1654 555 1893 624 φύσεως.

320 656 380 708 Et
410 655 593 707 τοίνυν
613 655 640 705 6
660 651 954 721 μονογενὴς
972 650 1145 718 Λόγος
1160 649 1256 703 τοῦ
1275 648 1412 703 Θεοῦ
1456 649 1681 720 κτίσμα,
1716 649 1808 701 καὶ
1837 648 1897 713 ἔξ

318 748 414 799 οὐκ
450 745 642 807 ὄντων,
682 744 779 796 καὶ
809 743 867 807 ἐξ
911 744 1107 812 ἑτέρας
1135 744 1282 805 τινὸς
1329 742 1623 812 γεγένηται
1656 740 1896 809 φύσεως.

318 838 433 900 πῶς
456 840 515 891 ἐν
543 836 692 905 αὐτῷ
721 837 813 890 τὸν
844 836 1066 905 Πατέρα
1093 834 1336 889 δείκνυσι
1360 834 1757 902 πιστευόμενος
1786 847 1800 900 ;
1849 833 1899 885 ει

316 933 371 985 δὲ
408 934 438 984 6
468 931 657 999 Πατὴρ
684 930 774 983 διὰ
804 928 899 982 τοῦ
933 927 1064 979 Υἱοῦ
1089 927 1438 995 γινώσκεται,
1462 926 1558 980 καὶ
1587 929 1615 979 6
1651 927 1742 980 τὸν
1769 926 1899 979 Υίδν

315 1020 625 1088 γινώσκων,
651 1019 748 1072 καὶ
777 1016 869 1070 τὸν
914 1017 1137 1086 Πατέρα
1167 1014 1451 1081 γινώσκει,
1497 1012 1757 1082 πεδηθεεη
1799 1012 1897 1081 μὲν

318 1111 471 1163 πᾶσα
510 1109 832 1177 βλάσφημος
872 1106 1113 1173 γλῶσσα,
1151 1106 1249 1158 καὶ
1272 1103 1350 1173 τῷ
1369 1105 1604 1175 λάρυγγι
1631 1104 1771 1159 κατὰ
1795 1102 1891 1157 τὸν

315 1200 608 1270 προφήτην
634 1198 946 1268 κολληθείη’
993 1199 1152 1267 ἡμεῖς
1173 1197 1231 1250 δὲ
1258 1200 1306 1250 οἱ
1337 1196 1439 1262 τῆς
1469 1195 1700 1265 Τριάὸος
1732 1211 1902 1265 προσ-

315 1290 554 1361 κυνηταὶ
581 1289 786 1360 ἀκριϐῆ
809 1289 904 1341 τοῦ
930 1290 1218 1357 όμοουσίου
1267 1287 1519 1342 ἐντεῦθεν
1564 1288 1668 1354 τὴν
1697 1285 1901 1354 γνῶσιν

312 1385 691 1453 λαμϐάνομεν*
743 1382 1084 1451 λογιζόμενοι
1119 1381 1194 1443 ὼς
1224 1382 1324 1434 οὐκ
1361 1381 1427 1434 ἂν
1458 1379 1666 1450 ἑτέρως
1698 1379 1758 1430 ἐν
1782 1376 1900 1449 Υἱῷ

317 1476 506 1547 Πατὴρ
541 1474 870 1545 ἐγνωρίσθη,
896 1474 943 1526 εἰ
974 1474 1049 1543 μὴ
1075 1474 1173 1541 τῆς
1202 1471 1376 1541 αὐτῆς
1398 1470 1589 1532 οὐσίας
1609 1471 1897 1538 ἐτύγχανε·

315 1567 411 1621 καὶ
469 1564 884 1634 προσκυνοῦμεν
940 1563 1037 1616 τὸν
1068 1563 1298 1632 Σωτῆρα
1338 1562 1430 1613 16v
1459 1560 1760 1631 ἡμέτερον,
1798 1559 1900 1627 τῆς

315 1660 743 1729 προσκυνήσεως
772 1657 864 1711 τὸν
894 1656 1109 1726 καρπὸν
1137 1656 1523 1720 ἀναμένοντες,
1573 1653 1635 1706 οὗ
1665 1651 1902 1723 χορηγὸς

314 1750 480 1809 υῦτὸς
506 1751 534 1802 6
560 1748 1026 1819 Πατὴρίτυγχάνει
1051 1748 1193 1800 κατὰ
1212 1746 1312 1817 τὴν
1338 1745 1432 1799 τοῦ
1452 1745 1660 1816 Κυρίου
1689 1744 1897 1813 φωνήνο

323 1860 341 1892 ι
372 1840 510 1894 Ἐάν
538 1857 617 1902 τις
648 1839 776 1908 γὰρ,
813 1839 999 1908 φησὶν,
1030 1841 1153 1907 ἐμοὶ
1184 1838 1499 1908 διακονήσῃ,
1544 1837 1768 1907 τιμήσει
1800 1836 1899 1888 αὖ·

317 1933 453 1986 τὶ,νὸ
472 1932 657 2000 Πατήρ
678 1947 836 1998 μουί
861 1931 956 1983 καὶ
980 1932 1010 1984 6
1039 1930 1339 2000 θαυμάσιος
1362 1928 1419 1981 δὲ
1441 1927 1700 1997 Ἰωάννης
1726 1930 1755 1980 6
1786 1926 1905 1980 θεο-

316 2025 516 2092 λογῶν,
572 2041 591 2074 t
629 2024 686 2077 Ὀ
720 2022 988 2078 πιστεύων
1047 2024 1129 2085 εἰς
1182 2021 1273 2074 τὸν
1326 2019 1476 2084 Υἱὺν,
1532 2019 1724 2088 φησὶν,
1792 2016 1908 2087 ἔχει

319 2116 470 2186 ζωὴν
499 2116 741 2169 αἰώνιον·
771 2117 799 2168 6
819 2116 877 2168 δὲ
905 2113 1151 2169 ἀπειθῶν
1185 2111 1263 2182 τῷ
1297 2112 1436 2180 Υῐῷ,
1465 2111 1565 2165 οὐκ
1595 2110 1788 2179 ὕψεται
1808 2110 1908 2179 τὴν

320 2208 492 2280 ζωὴν,
520 2209 639 2262 ἀλλ’
664 2211 697 2278 ὴ
723 2208 863 2279 ὀργὴ
886 2208 977 2261 τοῦ
1001 2207 1136 2262 Θεοῦ
1166 2207 1323 2277 μενεῖ
1350 2205 1435 2258 ἐπ’
1469 2205 1688 2259 αὐτόν.»

384 2478 458 2534 Et
516 2478 805 2548 όμοούσιός
866 2479 1015 2532 ἐστιν
1059 2479 1089 2532 6
1150 2476 1322 2547 Λόγος
1365 2476 1444 2549 τῷ
1504 2478 1701 2548 Πατρὶ,
1750 2478 1906 2550 φησὶ,

321 2575 415 2627 καὶ
444 2573 475 2624 6
502 2572 691 2643 Πατὴρ
728 2571 806 2641 τῷ
843 2572 1025 2643 Λόγῳ,
1063 2570 1218 2625 οὐδὲν
1246 2571 1325 2625 ἔτι
1355 2572 1418 2625 16
1451 2570 1661 2626 κωλύον
1686 2571 1904 2643 ὁρᾶται,

323 2668 500 2737 Λόγον
525 2662 664 2721 εἷναί
684 2683 743 2719 τε
772 2667 867 2719 καὶ
899 2666 1185 2720 καλεῖσθαι
1211 2665 1302 2721 τὸν
1333 2654 1576 2736 Πατέρα,
1604 2665 1680 2728 ὡς
1704 2666 1903 2736 όμοούο

326 2779 438 2815 σιον
482 2761 662 2829 Λόγῳ.
703 2759 781 2812 Οὐ
810 2759 1028 2822 πάντως
1076 2759 1144 2812 τὰ
1183 2758 1282 2828 τῆς
1320 2758 1493 2829 αὐτῆς
1524 2757 1652 2813 εντα
1684 2757 1903 2826 φύσεως

324 2855 401 2917 ei;
437 2852 647 2923 ἄλληλα
682 2853 1106 2921 μεταστήσεται.
1137 2851 1271 2904 Οὐδὲ
1299 2854 1409 2921 γὰρ
1435 2851 1465 2904 6
1505 2851 1678 2921 ’Λδὰμ
1703 2850 1904 2921 ὁμοού·

330 2963 441 3008 σιος
469 2944 543 2998 ὢν
571 2945 649 3015 τῷ
690 2945 789 3014 υἱῷ
816 2942 981 2998 αὐτοῦ
1010 2943 1169 3007 Κὰῖν,
1201 2946 1282 3008 εἰς
1306 2942 1401 2997 τὸν
1439 2943 1579 2998 Κάῖν
1606 2944 1903 3013 μεταστὰς,

326 3032 515 3099 γέγονε
557 3033 717 3086 Κὰἶν.
757 3032 893 3086 Ἀλλ’
930 3031 1051 3085 οὐδὲ
1094 3034 1124 3086 6
1172 3032 1314 3087 Κάῖν
1350 3034 1432 3097 εις
1468 3033 1561 3088 τὸν
1608 3034 1779 3104 Ἀδὰμ
1815 3035 1905 3089 διὰ

331 3126 387 3178 16
441 3125 735 3195 ὸμοούσιος
776 3125 926 3197 αὐτῷ
963 3121 1105 3181 εἶναι
1135 3127 1535 3198 μεταχωρήσας
1574 3127 1747 3198 Ἀδὰμ
1779 3128 1905 3197 ὲγέ-
1933 3160 1978 3221 c

329 3236 466 3282 νετο,
502 3220 622 3275 ἀλλ’
651 3220 709 3274 ἓν
741 3220 893 3283 ὄντες
921 3222 987 3292 τῇ
1028 3221 1191 3291 φύσει
1224 3220 1313 3275 διὰ
1337 3221 1442 3294 τὴν
1470 3223 1771 3294 ὁμοιότητα
1807 3223 1903 3278 δύο

338 3313 669 3384 μεμενήκασι
723 3314 996 3382 πρόσωπα
1055 3314 1461 3369 ἱδιοῦπόστατα.
1512 3314 1660 3371 Διότι
1719 3317 1751 3371 6
1806 3317 1905 3387 μὲν

337 3406 632 3476 ἐγέννησεν,
665 3404 695 3458 6
725 3405 783 3460 δι
814 3405 1077 3477 ἐγεννήθη
1112 3407 1236 3461 καθ’
1262 3408 1580 3464 ὑπόστασιν.

286 3541 291 3545 .
401 3499 507 3565 1'6,
560 3497 656 3553 Ζῶ
704 3498 822 3568 ἐγὼ
867 3497 969 3552 διὰ
1024 3498 1134 3553 τὸν
1171 3500 1445 3569 Πατέρα,
1478 3503 1540 3555 οὺ
1570 3501 1905 3573 παρίστησιν

358 3591 661 3659 ὶτεᾳοοὺσιον
684 3596 779 3647 16v
810 3593 958 3656 Υῑδν,
1000 3593 1051 3645 εἰ
1085 3594 1162 3664 μὴ
1199 3594 1401 3664 μ’ᾶλλον
1428 3595 1734 3664 όμοούσιον.
1775 3597 1901 3649 ’Ὡσ-

366 3699 456 3753 περ
482 3687 578 3753 γὰρ
609 3686 666 3739 ετ
699 3704 784 3749 τις
824 3689 939 3751 υἱὸς
968 3688 1260 3758 ἀνθρώπου
1290 3689 1490 3757 φήσει,
1525 3688 1757 3756 Λογικός
1788 3690 1904 3757 εἰμι

355 3774 433 3828 διὰ
451 3778 533 3831 τὸν
565 3781 799 3850 πατέρα,
832 3781 999 3852 ἡγουν
1029 3781 1117 3835 διὰ
1148 3780 1210 3834 16
1248 3776 1388 3833 εἶναι
1412 3781 1633 3849 λογικὸν
1665 3781 1757 3835 τὸν
1794 3797 1903 3833 παο

345 3868 463 3939 τέρα
483 3890 606 3941 μου,
623 3871 766 3926 οὕτω
799 3873 939 3925 καὶὸ
969 3872 1095 3934 Υἱὸς
1120 3871 1217 3925 καὶ
1243 3872 1395 3939 Θεὸς,
1428 3871 1543 3938 Ζῶ,
1573 3874 1759 3944 φησὶν,
1790 3872 1905 3941 ἐγὼ

336 3963 425 4016 διὰ
456 3964 514 4015 16
550 3961 687 4019 εἶναι
727 3964 871 4035 ζωὴν
907 3963 1017 4018 τὸν
1046 3965 1297 4034 Πατέρα.
1337 3965 1436 4021 Διὰ
1457 3966 1514 4020 δὲ
1543 3967 1638 4019 τοῦ
1660 3967 1904 4020 τοιούτου

332 4053 484 4123 λόγου
533 4057 596 4110 16
642 4056 907 4127 πατρικὸν
956 4054 1128 4110 αἴτιον
1165 4057 1195 4108 6
1246 4056 1373 4122 Υἱὸς
1420 4058 1515 4111 καὶ
1560 4059 1735 4126 Λόγος
1778 4058 1899 4130 ὲδήο

329 4146 520 4203 λωσεν.

390 4241 566 4293 Πόθεν
608 4244 637 4294 6
676 4242 800 4303 Υἱὸς
842 4241 1135 4313 ὠνομάσθη
1156 4242 1445 4313 ὁμοούσιος
1473 4242 1551 4314 τῷ
1572 4243 1772 4314 Πατρὶ,
1801 4260 1905 4313 φη-

324 4335 404 4384 σὶν
430 4335 461 4385 6
488 4332 826 4399 Ἀπόστολος,
849 4336 955 4400 Ὃς
975 4334 1047 4388 ἐν
1063 4333 1265 4404 μορφῇ
1294 4334 1445 4389 Θεοῦ
1465 4334 1760 4405 ὑπάρχων
1788 4337 1903 4403 οὐχ

2001 553 2224 623 angelos
2246 568 2309 607 ex
2350 553 2684 618 hominibus,
2718 569 2896 623 neque
2918 570 2983 609 ex
3042 556 3249 625 angelis
3284 558 3535 612 homines
3564 576 3577 613 :

2001 660 2124 698 nam
2164 648 2591 716 unumquodque
2612 646 2817 701 animal
2841 648 3073 716 propriae
3110 660 3320 703 naturze
3351 649 3581 704 demou-

1998 737 2288 797 strativum
2349 748 2451 795 est.
2522 737 2577 792 Si
2632 753 2761 807 ergo
2813 738 3149 809 unigenitum
3186 737 3423 794 Verbum
3483 739 3577 792 Dei

2000 838 2251 882 creatura
2276 840 2378 887 est.
2406 838 2460 885 et
2477 845 2541 884 ex
2572 845 2680 884 non
2709 839 2867 885 antea
2895 830 3338 895 exstantibus,et
3374 847 3435 885 ex
3471 834 3574 885 alia

2001 920 2235 989 quadam
2304 930 2498 977 natura
2560 932 2771 989 natum,
2859 922 3136 991 quomodo
3203 923 3256 976 in
3324 938 3382 977 se
3480 924 3576 976 l‘a-

2002 1022 2141 1069 trem
2175 1016 2538 1081 demonstrat,
2576 1017 2621 1071 si
2654 1013 2704 1069 ei
2731 1015 3024 1071 credatur?
3052 1013 3171 1069 Jam
3205 1016 3249 1071 si
3276 1015 3442 1070 Pater
3482 1033 3579 1085 per

2003 1102 2200 1159 Filium
2218 1107 2553 1187 agnoscitur,
2576 1115 2630 1161 et
2658 1105 2748 1177 qui
2779 1103 2979 1159 Filium
3010 1105 3178 1170 novit,
3214 1107 3367 1159 novit
3391 1114 3446 1159 et
3473 1105 3580 1159 Pa-

2003 1206 2163 1262 trem,
2198 1196 2532 1266 impediatur
2556 1214 2688 1254 sane
2708 1198 3114 1269 quaevislingua
3138 1199 3481 1267 blaspheme,
3506 1211 3580 1264 et,

2001 1298 2063 1342 ut
2107 1290 2181 1343 ait
2211 1288 2499 1361 Propheta,
2535 1292 2784 1347 faucibus
2833 1290 3107 1346 adhaereat
3147 1293 3190 1345 ³.
3245 1289 3355 1345 Nos
3396 1290 3580 1345 autem

2001 1380 2290 1436 Trinitatis
2308 1383 2624 1439 adoratores
2652 1392 2965 1439 accuratam
2992 1382 3120 1438 hinc
3138 1381 3608 1438 consubstantia-‘

2002 1473 2173 1529 litatis
2200 1475 2474 1529 notionem
2494 1473 2905 1544 adipiscamur;
2962 1482 3301 1543 reputantes,
3347 1488 3455 1527 non
3487 1473 3585 1526 ali—

2005 1574 2086 1622 ter
2117 1566 2315 1621 Filium
2358 1567 2413 1620 in
2444 1565 2603 1627 Patre
2638 1564 2752 1621 fore
2786 1564 3219 1634 agnoscendum,
3267 1564 3370 1619 nisi
3434 1565 3587 1632 ejus-

2004 1659 2127 1715 dem
2181 1672 2326 1716 esset
2379 1659 2700 1715 substantia:
2731 1676 2749 1715 :
2781 1659 3184 1728 adoremusque
3240 1656 3583 1711 Servatorem

2006 1751 2471 1816 nostrmu,cultus
2504 1752 2671 1807 nosui
2695 1748 2957 1814 fructum,
2989 1751 3388 1820 praestolantes,
3425 1751 3585 1821 cujus

2010 1851 2167 1900 dator
2220 1844 2379 1899 Pater
2423 1856 2531 1911 est,
2590 1845 2897 1899 secundum
2928 1845 3139 1898 Domini
3172 1844 3426 1899 dictum:
3469 1862 3487 1894 ι
3530 1843 3585 1896 Si

2007 1937 2135 2007 quis
2164 1937 2335 2003 enim,
2367 1935 2561 2006 inquit,
2592 1937 2720 1990 mihi
2752 1936 3165 2002 ministraverit,
3202 1934 3589 1990 bonoriﬁcabit

2007 2043 2133 2083 eum
2189 2028 2347 2081 Pater
2387 2042 2563 2082 meus.
2601 2027 2622 2059 ¹
2657 2046 2676 2079 ι
2733 2026 2978 2099 Itemque
3031 2028 3387 2083 admirandus
3419 2027 3590 2084 Joan-

2011 2131 2108 2171 nes
2138 2114 2459 2183 tbeologus:
2492 2133 2511 2163 ι
2553 2114 2655 2183 Qui
2689 2118 2866 2172 credit
2928 2117 2979 2172 in
3006 2115 3229 2181 Filium,
3268 2120 3466 2189 inquit,
3494 2122 3590 2174 ba—

2008 2210 2100 2265 bet
2134 2210 2302 2263 vitam
2328 2218 2623 2275 aeternam;
2660 2211 2755 2279 qui
2789 2219 2972 2264 autem
3008 2210 3324 2267 incredulus
3348 2220 3433 2267 est
3492 2210 3587 2265 Fl-

2008 2299 2104 2365 lio,
2156 2301 2321 2354 vitam
2375 2315 2486 2355 non
2512 2299 2737 2368 videbit,
2790 2300 2885 2355 sed
2912 2302 2990 2355 ira
3019 2299 3117 2356 Dei
3150 2305 3398 2359 manebit
3421 2318 3588 2373 super

2011 2393 2189 2461 ipsum
2227 2392 2269 2445 ³.
2308 2410 2326 2443 ι

2082 2484 2140 2538 Si
2203 2486 2483 2555 ejusdem,
2547 2485 2840 2555 inquiunt,
2891 2486 3148 2542 essentiae
3204 2497 3286 2544 est
3354 2488 3588 2544 Verbum

2008 2591 2132 2632 cum
2169 2577 2353 2643 Patre,
2396 2578 2526 2648 quid
2555 2579 2805 2649 prohibet
2856 2577 3095 2641 Patrem,
3129 2591 3185 2635 ut
3232 2580 3471 2647 ejusdem
3504 2599 3593 2637 es-

2007 2670 2197 2724 sentia
2222 2684 2346 2724 cum
2364 2666 2564 2736 Verbo,
2589 2667 2821 2725 Verbum
2852 2668 2973 2727 esse
2999 2672 3024 2724 ?
3042 2672 3170 2739 Quae
3193 2684 3319 2730 sunt
3351 2676 3591 2747 ejusdem

2008 2771 2215 2816 naturae
2258 2761 2496 2817 vicissim
2544 2776 2709 2817 unum
2744 2763 2797 2816 in
2833 2764 2976 2818 aliud
3012 2781 3120 2819 non
3162 2780 3590 2824 commutantur.

2007 2852 2196 2923 Neque
2215 2854 2359 2908 enim
2390 2853 2585 2921 Adam,
2615 2844 2759 2924 quod
2786 2855 3029 2926 ejusdem
3089 2861 3341 2917 essentia
3373 2862 3444 2916 sit
3472 2878 3593 2917 cunt

2007 2945 2162 3007 Cain.
2190 2945 2309 3001 ideo
2337 2954 2578 3001 mutatur
2634 2947 2689 3001 in
2724 2946 2878 3009 Cain,
2947 2964 3047 3006 nec
3104 2967 3297 3007 rursus
3346 2952 3479 3009 Cain
3539 2958 3596 3009 in

2008 3037 2179 3091 Adam
2233 3038 2581 3104 transfertur,
2636 3045 2695 3093 ut
2723 3054 2789 3093 ex
2829 3040 2963 3096 Cain
3017 3044 3207 3098 evadat
3239 3044 3433 3109 Adam.
3497 3052 3595 3103 sed

2010 3146 2133 3185 cum
2185 3145 2350 3185 unum
2387 3131 2737 3200 sintpropter
2762 3132 3005 3202 ejusdem
3034 3148 3245 3191 natura:
3306 3138 3593 3204 rationem,

2010 3225 2132 3278 duae
2183 3232 2383 3290 tamen,
2415 3224 2468 3279 in
2500 3239 2596 3281 sua
2631 3233 2864 3296 utraque
2899 3227 3200 3297 bypostasi,
3232 3239 3445 3284 manent
3472 3246 3600 3301 per-

2005 3334 2174 3386 sona,
2214 3319 2510 3376 secundum
2553 3334 2717 3390 quam
2764 3322 2856 3377 ille
2901 3321 3117 3392 quidem
3143 3323 3348 3394 genuit,
3380 3324 3468 3378 hic
3501 3340 3599 3380 au-

2004 3420 2113 3465 tem
2173 3422 2255 3467 est
2307 3411 2541 3481 genitus.
3172 3474 3184 3485 ο

2075 3502 2259 3568 Illud,
2333 3503 2457 3558 Vivo
2526 3521 2620 3575 ego
2694 3513 2909 3573 propter
2969 3503 3184 3558 Patrem
3214 3505 3256 3567 ⁸,
3328 3521 3435 3561 non
3517 3508 3598 3562 di-

2008 3608 2180 3651 versae
2235 3592 2432 3649 Filium
2472 3594 2742 3659 essenlite,
2778 3594 2871 3648 sed
2927 3594 3169 3662 ejusdem
3231 3598 3410 3665 potius
3463 3598 3600 3650 indi-

2006 3695 2097 3742 cat
2135 3699 2254 3741 esse
2282 3700 2407 3739 cum
2464 3686 2647 3740 Patre.
2690 3684 2761 3739 Ut
2798 3686 2941 3739 enim
2978 3686 3024 3740 si
3072 3686 3194 3756 quis
3246 3688 3481 3742 hominis
3540 3691 3601 3742 ti-

2006 3778 2113 3831 lius
2170 3775 2397 3841 diceret,
2453 3774 2566 3843 Ego
2608 3789 2727 3830 sum
2783 3774 2991 3830 ratione
3056 3775 3311 3844 praeditus
3379 3791 3598 3847 pmpu-r

2004 3881 2236 3943 patrem,
2294 3878 2349 3923 et
2408 3878 2614 3941 patrem
2660 3870 2848 3939 utique
2906 3872 3114 3925 ratione
3161 3871 3443 3940 praeditum
3502 3874 3599 3927 de-

2007 3965 2267 4026 clararet,
2309 3962 2388 4016 sic
2421 3970 2476 4017 et
2535 3959 2702 4016 Filius
2741 3971 2797 4016 et
2855 3963 3015 4025 Deus,
3070 3960 3211 4030 ι’ξυο,
3246 3963 3445 4032 inquit,
3506 3982 3599 4035 ego

2004 4058 2223 4128 propter
2245 4056 2481 4121 Patrem,
2505 4056 2594 4124 qui
2631 4054 2739 4109 vita
2768 4054 3023 4108 nimirum
3048 4066 3153 4119 est,
3187 4054 3383 4124 quibus
3419 4058 3599 4111 verbis

2004 4150 2174 4206 Filius
2192 4156 2246 4203 et
2262 4146 2495 4203 Verbum
2530 4145 2744 4201 Patrem
2793 4160 3009 4200 causam
3038 4146 3311 4201 iudicavit.

2084 4242 2238 4299 Unde
2289 4241 2459 4294 Filius
2511 4240 2690 4293 dictus
2738 4250 2823 4293 est
2876 4238 3117 4306 ejusdem
3178 4240 3425 4295 essentize
3476 4255 3598 4293 cum

1996 4335 2215 4390 Patre?
2254 4332 2458 4387 Paulus
2492 4332 2619 4388 ait‘:
2650 4331 2755 4397 Qui
2786 4347 2903 4384 cum
2939 4332 2994 4385 in
3057 4331 3228 4399 {arma
3288 4331 3382 4386 Dei
3443 4343 3598 4396 esset,

320 4424 639 4495 ἁρπαγμὸν
662 4425 935 4495 ᾐτήσατο
961 4425 1028 4479 τὸ
1058 4422 1215 4480 εἶναι
1248 4426 1356 4478 ἶσα
1380 4424 1523 4491 Θεῷ.
1547 4428 1775 4497 Μορφῆς
1808 4422 1903 4479 οὖν

2006 4443 2107 4482 non
2131 4426 2371 4493 rapinam
2399 4426 2688 4478 arbitratus
2730 4430 2826 4486 est,
2880 4438 2991 4476 esse
3051 4438 3107 4477 se
3139 4423 3394 4491 aqualem
3429 4424 3533 4477 Deo
3556 4426 3598 4478 '.

319 4516 459 4568 θεοῦ
490 4518 589 4586 τῆς
623 4518 771 4581 θείας
810 4518 1030 4588 φύσεως
1062 4518 1381 4588 νοουμένης,
1409 4519 1813 4588 προσκειμένης
1850 4518 1904 4572 δὲ

2012 4518 2149 4574 Cum
2182 4518 2275 4571 Dei
2310 4517 2505 4578 forma,
2535 4515 2715 4569 divina
2742 4513 3074 4582 intelligatur
3102 4526 3319 4580 natura,
3344 4515 3597 4583 adjtmrta

316 4612 411 4663 καὶ
448 4610 549 4677 τῆς
584 4610 855 4680 ἰσότητος,
899 4610 1134 4678 εὐλόγως
1174 4609 1458 4681 ὀμοούσιος
1489 4609 1802 4678 ὠνομάσθη.
1846 4609 1904 4663 ὀ

2005 4611 2166 4665 etiam
2194 4606 2521 4678 aequalitate,
2556 4608 2750 4662 merito
2778 4605 2955 4661 dictus
2999 4613 3083 4658 est
3119 4606 3357 4672 ejusdem
3411 4621 3599 4660 essen-

315 4704 426 4769 γὰρ
468 4701 565 4770 τῆς
594 4702 713 4771 ἴσης
756 4701 834 4772 τῷ
870 4703 1044 4769 Πατρὶ
1090 4700 1331 4770 φύσεως,
1359 4701 1454 4770 τῆς
1496 4700 1620 4767 ῐσης
1659 4701 1766 4769 ἄρα
1813 4701 1904 4752 καὶ

2008 4703 2114 4756 tiae.
2133 4700 2235 4767 Qui
2257 4701 2402 4754 enim
2421 4700 2680 4768 aequalem
2702 4707 2950 4753 naturam
2975 4699 3155 4760 habet,
3176 4699 3439 4769 aequalem
3468 4700 3523 4754 ite
3547 4714 3598 4753 ιιι

314 4794 534 4855 οὐσίας.
566 4794 675 4846 Καὶ
702 4793 863 4856 αὐτὸς
888 4793 944 4845 δὲ
969 4796 996 4846 6
1020 4793 1258 4861 Χριστὸς
1282 4793 1540 4863 εἰρηκώς.
1579 4792 1722 4861 Ἐγὼ
1746 4792 1845 4845 καὶ
1871 4794 1904 4846 ό

2005 4794 2165 4849 habet
2182 4794 2494 4848 essentiam.
2522 4790 2590 4845 Et
2610 4792 2724 4861 ipse
2765 4790 3050 4857 Christus,
3085 4790 3219 4860 Ego,
3243 4791 3520 4860 inquiens,
3550 4802 3599 4846 et

315 4884 533 4953 Πατὴρ
561 4885 632 4939 ἓν
661 4886 872 4955 ἐσμεν,
902 4886 962 4938 16
992 4885 1189 4939 ταυτὸν
1221 4884 1324 4954 τῆς
1354 4884 1589 4954 φύσεως,
1612 4884 1798 4954 -ἦγουν
1817 4883 1904 4936 οὑ-

2005 4888 2390 4943 Ραιετνιιιιιιιιι
2434 4901 2617 4940 sumus
2640 4885 2685 4951 ⁸,
2735 4885 2981 4939 eamdem
3041 4894 3318 4951 naturam,
3365 4870 3421 4940 et
3481 4886 3602 4941 ideo

316 4979 445 5041 σίας
475 4977 756 5045 ἐνέφηνεν.

2007 4979 2269 5049 aequalem
2296 4979 2425 5033 item
2457 4976 2748 5033 essentiam
2777 4976 3036 5032 ostendit.

316 5090 439 5142 Ἰόῦ
484 5089 668 5142 αὐτοῦ
711 5089 778 5141 ἐκ
820 5088 929 5142 τοῦ
959 5094 1013 5141 α’
1058 5088 1394 5159 κεφαλαίου
1441 5086 1548 5140 τοῦ
1590 5086 1641 5140 α’
1666 5086 1912 5159 ,ϐιϐλίου

387 5159 507 5211 τοῦ
572 5159 895 5226 Θησαυροῦ
962 5164 1094 5228 περὶ
1132 5158 1502 5228 θάτσννήτου
1575 5158 1913 5226 κεφαλαίου

393 5228 639 5297 ὀγδόου.
678 5290 681 5293 _

398 5344 478 5400 α’.
507 5346 665 5400 Κατὰ
694 5345 866 5399 πολλά
907 5345 1280 5415 σημαινόμενα
1324 5333 1386 5395 16
1397 5334 1678 5411 ’ἀγένητον
1709 5344 1904 5412 ἐκλαμ-

2090 5342 2142 5397 l.
2177 5340 2485 5412 ingenitum
2534 5340 2719 5396 multis
2764 5340 2937 5394 modis
2979 5340 3284 5410 accipitur:
3331 5338 3603 5407 signiﬁcat

318 5440 577 5492 ϐάνεται.
624 5438 915 5507 ’Λγένητόν
953 5440 1070 5489 ἐστι
1097 5436 1158 5489 τὸ
1196 5436 1365 5506 μήπω
1410 5435 1734 5504 γενόμενον,
1768 5437 1904 5488 ἐνδε-

2015 5438 2160 5492 enim
2191 5445 2244 5491 et
2272 5435 2348 5501 id,
2379 5432 2522 5505 quod
2547 5434 2783 5488 nondum
2806 5433 3006 5487 factum
3028 5440 3136 5496 est,
3162 5432 3255 5486 sed
3282 5439 3460 5483 tamen
3487 5429 3598 5484 ﬁeri

316 5532 559 5603 χύμενον
602 5531 658 5583 δὲ
706 5531 979 5600 γενέσθαι,
1028 5530 1103 5593 ὡς
1145 5528 1251 5581 ἀπὸ
1288 5527 1446 5591 ξύλου
1488 5528 1717 5596 σκάφος,
1762 5528 1795 5600 ἢ
1843 5531 1904 5581 ἐκ

2014 5539 2214 5599 potest,
2256 5539 2315 5583 ut
2352 5543 2421 5582 ex
2452 5527 2933 5597 lignornavigium,
2982 5532 3079 5579 aut
3110 5538 3175 5579 ex
3232 5536 3341 5578 aere
3386 5531 3600 5586 statua;

2081 5091 2336 5163 Ejusdem
2369 5108 2433 5146 ex
2477 5090 2732 5147 Thesauri
2759 5091 2964 5215 cap.81,
2996 5091 3090 5147 lib.
3114 5107 3154 5160 ι,
3178 5090 3256 5147 De
3301 5093 3533 5163 ingenito

2715 5178 2834 5215 can.
2911 5200 2924 5215 .

2715 5178 2834 5231 cap.
2867 5178 2924 5215 δ.

3394 5703 3416 5735 ⁸
3445 5700 3603 5757 Joan.

404 5713 421 5742 ⁸
455 5709 597 5767 Psal.
643 5724 864 5773 cum,
920 5708 975 5763 6.
1049 5706 1255 5763 ’Joan.
1317 5723 1419 5773 ιν.
1468 5707 1559 5761 26.
1676 5707 1696 5739 ³
1728 5706 1885 5763 Joan.

2006 5748 2019 5775 ,
2072 5705 2163 5763 56.
2271 5706 2293 5739 ⁵
2326 5704 2582 5771 Joan.VI,
2607 5704 2699 5759 58.
2815 5706 2837 5737 ⁸
2872 5702 3103 5773 Philipp.
3132 5717 3194 5767 ιι,
3232 5705 3289 5757 6.

324 5795 387 5847 x,
420 5781 510 5835 '50.

420 5782 489 5835 00
538 5874 809 5932 Parum“
856 5872 972 5931 Gtt.
1014 5868 1240 5930 CXXX.

3215 5866 3293 5927 22
