4064 6386
399 355 494 415 08)

1351 364 1733 425 PANUPLIA
1776 364 2240 424 DOGMATICA.
2267 390 2334 399 -
2370 365 2521 426 'l‘lT.
2568 364 2702 424 XII.

3548 369 3651 428 (2‘30

397 496 483 549 καὶ
505 493 890 564 ἐπιμίσγοντες
911 491 1049 561 αὐτῇ
1069 488 1353 558 ἀλλοτρίαν
1387 489 1479 540 καλ⁹
1503 489 1770 558 ἑτεροειδῆ
1795 488 1972 557 φύσιν,

2079 496 2220 566 plius
2251 510 2411 549 unam
2441 494 2494 549 in
2525 493 2796 549 Trinitate
2830 503 3052 550 servant
3087 495 3452 561 divinitatem,
3489 512 3652 566 quam

396 587 623 649 καὶτοῖς
684 585 946 655 κτίσμασι
1007 578 1414 646 συνεξισοῦντες
1466 573 1671 648 αὐτῆν;
1727 579 1894 632 Τοῦτο
1923 579 1979 631 δὲ

395 678 552 731 πάλιν
584 676 766 729 οὐκέτι
793 675 851 735 ἓν
883 670 1017 728 εἶναι
1040 675 1279 728 δείκνυσι
1328 671 1426 744 τὴν
1450 673 1677 744 Τριάδα,
1729 670 1870 726 ἀλλὰ
1915 672 1980 724 ἐκ

393 769 482 821 δύο
512 769 604 821 καὶ
627 768 898 838 διαφόρων
933 766 1148 836 φύσεων
1184 766 1550 836 συγκειμένην
1584 765 1772 834 αὐτὴν,
1800 763 1888 819 διά
1919 763 1980 816 τὸ

390 861 727 931 ἐτεροούσιον
781 857 873 911 τοῦ
929 856 1268 928 Πνεύματος,
1299 858 1375 921 ὡς
1413 856 1565 910 αὐτοὶ⁴
1621 858 1831 919 ἑαυτοῖς
1854 857 1978 910 ἀνε-

391 953 686 1005 πλάσαντο-
887 949 1024 1002 Ποία
1066 944 1160 1002 οῦν
1186 948 1325 1019 αῦτη
1353 946 1599 1016 θεολογία
1628 949 1690 1000 ἐκ
1715 949 1977 1019 δημιουρ-

388 1045 489 1116 γοῦ
537 1045 629 1099 καὶ
677 1043 978 1116 κτίσματος
1037 1043 1403 1114 συγκειμένης
1442 1042 1512 1094 Ἢ
1552 1040 1662 1112 γὰρ
1711 1041 1771 1094 οὐ
1811 1042 1981 1114 Τριάς

387 1140 560 1200 ἐστιν,
591 1135 728 1191 ἀλλά
755 1136 906 1200 δυὰς,
934 1137 1028 1189 καὶ
1054 1135 1239 1189 λοιπὸν
1269 1133 1518 1206 ἡκτίσις,
1542 1133 1596 1204 ἢ,
1615 1135 1663 1186 εί
1811 1135 1980 1204 Τριάς

385 1229 765 1300 ὲστιν,ῶσπερ
796 1225 888 1284 οὖν
922 1229 1016 1283 καί
1038 1230 1178 1292 ἐστι,
1215 1227 1331 1290 πῶς
1357 1229 1468 1290 τοῖς
1504 1226 1641 1298 μετά
1665 1226 1979 1297 τὴνΤριάδα

384 1316 652 1388 κτίσμασι
687 1317 1038 1371 συντάττουσι
1060 1317 1122 1370 τὸ
1152 1316 1253 1387 τῆς
1277 1317 1507 1388 Τριάδος
1534 1315 1757 1386 Πνεῦμα
1778 1333 1792 1382 ;
1811 1317 1980 1369 Τοῦτο

383 1408 498 1480 γάρ
520 1411 636 1461 ἐστι
665 1409 827 1462 πάλιν
847 1409 1074 1480 διαιρεῖν
1101 1409 1197 1462 καὶ
1213 1408 1449 1462 διαλύειν
1473 1407 1570 1480 τὴν
1588 1407 1813 1480 Τριάδα.
1835 1410 1972 1461 Οὐκ-

381 1500 501 1565 οῦν,
564 1501 748 1565 κακῶς
794 1500 1118 1571 φρονοῦντες
1164 1503 1292 1572 περὶ
1363 1501 1458 1554 τοῦ
1507 1499 1828 1571 Πνεύματος
1882 1499 1975 1553 τοῦ

383 1595 548 1664 ἁγίου
599 1629 618 1659 ,
741 1593 864 1646 οὐδὲ
896 1596 1022 1666 περῖ¹
1049 1593 1144 1648 τοῦ
1165 1593 1295 1647 Υίοῦ
1322 1592 1504 1658 καλῶς
1671 1594 1977 1668 φρονοῦσιν.

383 1689 452 1740 Ei
484 1687 592 1758 γὰρ
622 1685 883 1757 ἐφρόνουν
935 1684 1112 1756 ὀρθῶς
1165 1686 1295 1756 περὶ
1335 1683 1430 1738 τοῦ
1491 1685 1688 1754 Λόγου,
1718 1685 1978 1757 ἐφρόνουν

384 1777 561 1846 ὑγιῶς
593 1777 686 1829 καὶ
727 1775 974 1848 περὶτοῦ
1011 1776 1350 1847 Πνεύματος,
1407 1777 1435 1829 ὃ
1470 1776 1622 1849 παρά
1649 1775 1743 1829 τοῦ
1767 1777 1972 1848 Πατρός

2079 1783 2234 1848 tiant,
2255 1781 2392 1834 bene
2426 1780 2494 1834 de

383 1869 770 1941 ἐκπορεύεται,
805 1868 900 1922 καὶ
939 1865 1032 1920 τοῦ
1063 1865 1197 1920 Υίοῦ
1231 1867 1361 1922 ίδιον
1395 1867 1476 1934 ὃν,
1509 1867 1640 1938 παρ’
1808 1867 1972 1922 αὑτοῦ

382 1960 588 2013 δίδοται
611 1961 722 2023 τοῖς
753 1959 1023 2030 μαθηταῖς
1058 1957 1153 2010 καὶ
1185 1959 1318 2012 πᾶσι
1368 1960 1481 2022 τοῖς
1529 1958 1872 2013 πιστεύουσιν
1897 1963 1976 2024 είς

384 2051 572 2105 αὐτόν.
615 2049 772 2104 Οὕτω
817 2049 873 2104 δὲ
924 2047 1287 2119 πλανώμενοι,
1315 2050 1436 2102 οὐδὲ
1479 2050 1606 2121 περὶ
1649 2051 1742 2104 τοῦ
1766 2052 1974 2124 Πατρός

385 2141 521 2212 ὑγιῆ
562 2142 660 2213 τὴν
711 2141 894 2196 πίστιν
938 2140 1171 2211 ἔχουσιν.
1229 2142 1291 2194 υἱ
1331 2139 1440 2212 γὰρ
1488 2141 1853 2212 ἀντικείμενοι
1897 2143 1974 2214 τῷ

385 2233 694 2304 Πνεύματι,
717 2231 794 2296 ὡς
826 2225 980 2284 εἶπεν
1001 2232 1029 2283 ὁ
1062 2231 1237 2302 μέγας
1268 2230 1477 2302 μάρτυς
1506 2232 1797 2301 Στέφανος,
1828 2229 1970 2288 οῦτοι

385 2323 487 2377 καὶ
512 2324 602 2376 τὸν
638 2323 766 2376 Υίὸν
791 2320 1100 2392 ἀρνοῦνται.
1122 2321 1227 2375 Τὸν
1258 2320 1316 2374 δὲ
1338 2320 1466 2374 Υίδν
1499 2320 1968 2392 ἀρνούμενοι,οὑδὲ

385 2414 483 2466 τδν
509 2411 731 2483 Πατέρα
759 2411 963 2481 ἔχουσι.

2079 603 2270 657 nempe
2291 585 2597 650 diﬁindunt,
2623 594 2676 639 et
2703 585 2792 639 cui
2820 585 3052 640 alienam
3085 602 3149 641 ac
3191 586 3464 641 diversam
3501 602 3655 642 natu-

2079 698 2194 734 ram
2245 680 2570 746 admiscent,
2626 692 2793 748 quam
2847 678 3082 747 denique
3139 679 3280 732 inter
3323 694 3410 734 res
3447 689 3656 734 creatas

2079 772 2382 827 collocant?
2417 772 2474 825 ld
2499 785 2631 825 sane
2671 770 2865 840 probat
2899 785 3005 825 non
3030 770 3147 840 jam
3190 785 3305 823 rem
3339 785 3501 822 unam
3536 786 3656 824 esse

2080 861 2425 926 Trinitatem,
2458 860 2551 914 sed
2581 860 2756 930 ipsam
2797 875 2862 914 ex
2892 859 3107 914 duabus
3134 874 3198 913 ac
3223 859 3455 913 diversis
3499 870 3655 912 natu-

2081 956 2157 1010 ris
2188 963 2460 1016 constare,
2493 953 2562 1007 ob
2604 954 2878 1006 diversam
2917 953 3166 1007 videlicet
3245 950 3484 1020 Spiritus
3527 952 3654 1005 sul)-

2082 1046 2358 1106 stantiam,
2385 1061 2549 1114 quam
2579 1044 2656 1098 illi
2685 1045 2788 1098 sibi
2821 1045 2956 1114 ipsis
2981 1045 3279 1099 commenti
3310 1052 3458 1098 sunt.
3490 1043 3654 1110 Quae-

2081 1153 2207 1191 nam
2230 1152 2362 1206 ergo
2397 1137 2498 1191 ista
2530 1138 2746 1190 tandem
2777 1146 2861 1189 est
2895 1136 3163 1205 theologia
3198 1151 3264 1189 ex
3318 1143 3566 1190 creatore
3603 1143 3655 1188 ct

2081 1244 2138 1282 re
2173 1237 2356 1282 creata
2409 1224 2805 1281 conﬂata?Vel
2833 1225 2979 1281 enim
3021 1241 3126 1279 non
3162 1235 3247 1280 est
3289 1223 3529 1281 Trinitas
3559 1225 3651 1279 sed

2078 1321 2337 1386 dualitas,
2365 1335 2428 1374 ac
2451 1319 2647 1374 deinde
2683 1334 2772 1373 res
2803 1326 2986 1372 creata
3023 1333 3037 1370 ε
3076 1318 3155 1371 vel
3186 1317 3233 1371 si
3278 1315 3518 1372 Trinitas
3547 1327 3651 1383 est,

2080 1413 2157 1467 uti
2188 1427 2315 1467 vere
2353 1421 2458 1476 est,
2508 1409 2786 1480 quomodo
2815 1425 2940 1464 cum
2968 1410 3131 1464 rebus
3155 1410 3357 1464 creatis
3379 1424 3502 1480 qua
3531 1417 3655 1480 post

2079 1503 2399 1558 Trinitatem
2443 1504 2739 1568 exsistunt,
2775 1500 3059 1556 Trinitatis
3129 1501 3392 1571 Spiritum
3456 1502 3655 1556 audent

2078 1595 2390 1651 collocare?
2414 1596 2472 1650 ιιι
2497 1595 2642 1650 enim
2673 1609 2868 1650 rursus
2898 1592 3242 1649 estdividere
3272 1608 3336 1647 ac
3361 1593 3656 1647 dissolvere

2078 1688 2424 1743 Trinitatem.
2465 1685 2656 1759 itaque
2690 1687 2737 1742 si
2784 1687 2926 1741 male
2959 1686 3025 1741 de
3056 1684 3264 1755 Spiritu
3311 1695 3501 1740 sancto
3530 1701 3655 1740 sen-

2715 1777 2856 1832 Filio
2887 1779 3091 1833 sentire
3113 1793 3222 1833 non
3253 1784 3482 1847 queunt.
3519 1775 3654 1830 Nam
3702 1817 3710 1823 .

2076 1872 2121 1927 si
2150 1879 2294 1925 recte
2327 1870 2394 1924 de
2425 1867 2605 1922 Verbo
2622 1867 2909 1932 sentirent,
2935 1873 3082 1920 recte
3111 1878 3331 1934 quoque
3355 1865 3421 1918 de
3449 1861 3656 1932 Spiritu

2075 1971 2268 2015 sancto
2320 1959 2412 2029 qui
2463 1974 2494 2013 a
2545 1956 2708 2011 l'atre
2766 1955 3011 2026 procedit
3063 1954 3352 2020 sentirent,
3383 1953 3478 2022 qui
3528 1968 3654 2007 cum

2073 2051 2192 2105 Filii
2229 2050 2299 2105 sit
2322 2050 2596 2120 proprius,
2622 2049 2691 2103 ab
2718 2049 2812 2103 illo
2856 2047 3144 2118 discipulis
3182 2046 3551 2115 omnibusque
3597 2045 3653 2099 in

2073 2159 2196 2198 eum
2224 2143 2571 2197 credentibus
2614 2141 2797 2196 datur.
2837 2140 3148 2206 Quinetiam
3194 2137 3291 2208 qui
3354 2137 3412 2192 in
3462 2137 3656 2207 hujus-

2074 2236 2222 2290 modi
2258 2251 2444 2290 errore
2494 2241 2804 2300 versantur,
2855 2248 3033 2303 neque
3082 2232 3137 2286 in
3194 2229 3411 2286 Patrem
3463 2245 3651 2286 sanam

2078 2329 2234 2383 tidem
2262 2329 2465 2383 habere
2503 2328 2740 2396 possint.
2773 2326 2907 2381 Nam
2941 2328 3035 2396 qui
3086 2324 3320 2395 Spiritui
3367 2323 3650 2387 resistunt,

2077 2422 2151 2475 uti
2189 2421 2421 2493 insignis
2476 2430 2686 2491 martyr
2742 2419 3052 2490 Stephanus
3101 2419 3238 2472 dixit
3295 2419 3342 2483 ⁸,
3390 2416 3552 2470 iidem
3598 2425 3654 2468 et

388 2505 590 2559 Filium
618 2512 840 2575 negant.
879 2500 1080 2558 Filium
1107 2513 1288 2559 autem
1334 2513 1616 2576 negantes,
1640 2521 1817 2576 neque
1849 2507 2061 2568 Patrem
2092 2514 2340 2583 profecto
2372 2515 2672 2569 habuerint
2712 2505 2752 2560 ³ο

540 2595 709 2647 Πόθεν
731 2591 907 2646 τοίνυν
934 2592 1084 2662 ὑμῖν,
1119 2608 1165 2645 ω
1192 2607 1360 2656 ουτοι,
1407 2590 1508 2658 τῆς
1709 2592 1973 2657 τοσαύτης

385 2687 598 2756 τόλμης
647 2686 680 2756 ἡ
725 2684 1017 2755 πρόφασις,
1045 2681 1185 2735 ὥστε
1225 2682 1299 2753 μὴ
1321 2680 1620 2752 φοϐηθῆναι
1649 2681 1708 2733 τὸ
1747 2680 1852 2738 ὑπὸ
1878 2678 1973 2731 τοῦ

389 2777 600 2848 Κυρίου
637 2776 950 2848 εἰρημένον·
979 2793 997 2826 ι
1038 2776 1134 2838 Ὃς
1185 2774 1232 2828 δ’
1264 2774 1330 2829 ἂν
1386 2773 1750 2845 βλασφημήσῃ
1803 2773 1883 2836 είς
1911 2772 1974 2824 τὸ

389 2865 618 2937 Πνεῦμα
629 2865 690 2918 τὸ
707 2865 880 2933 ἅγιον,
899 2865 1000 2917 οὑκ
1016 2863 1126 2934 ἔχει
1150 2864 1339 2932 ἄφεσιν
1361 2861 1485 2917 οὔτε
1517 2866 1574 2916 ὲν
1595 2861 1671 2934 τῷ
1818 2859 1976 2914 αίῶνι

385 2958 587 3028 τούτῳ,
619 2956 748 3010 οὔτε
778 2959 836 3012 ὲν
855 2955 932 3026 τῷ
965 2954 1243 3026 μέλλοντι;
1283 2973 1300 3005 ι
1324 2955 1387 3006 Oi
1419 2953 1516 3024 μὲν
1538 2953 1647 3023 γὰρ
1686 2952 1968 3024 Ἀρειανοὶ,

389 3049 570 3102 καίτοι
600 3047 699 3118 τὴν
723 3046 984 3117 ἔνσαρκον
1009 3045 1311 3118 παρουσίαν
1351 3044 1445 3097 τοῦ
1477 3043 1650 3112 Λόγου
1681 3045 1775 3096 καὶ
1801 3043 1870 3096 τά
1903 3041 1970 3096 δι’

387 3140 560 3211 αὐτὴν
585 3106 958 3210 εἰρημέναμὴ
1012 3106 1321 3208 νοήσαντες,
1373 3137 1521 3206 ὅμως
1552 3106 1610 3200 te
1638 3133 1813 3187 αὐτῶν
1839 3132 1971 3205 πρό-
1996 3106 2038 3161 C

389 3248 552 3298 φασιν
581 3230 837 3293 λαϐόντες
898 3231 977 3293 είς
1021 3228 1120 3301 τὴν
1148 3229 1356 3282 ἑαυτῶν
1409 3227 1637 3299 αἵρεσιν,
1673 3225 1767 3280 καὶ
1798 3225 1970 3289 οὕτως

388 3321 729 3392 ἠλέγχθησαν
763 3321 1017 3391 θεομάχοι
1067 3321 1162 3373 καὶ
1197 3319 1272 3383 ὡς
1297 3320 1513 3392 ἀληθῶς
1546 3320 1654 3374 ἀπὸ
1684 3319 1789 3389 γῆς
1815 3337 1966 3372 κενοο

391 3412 689 3482 λογοῖΝτες.
873 3413 1062 3484 Ὑμεῖς
1111 3412 1168 3465 δὲ
1213 3412 1377 3465 πόθεν
1409 3412 1759 3482 ἠπατήθητε;
1821 3411 1970 3482 παρά

397 3505 548 3558 τίνων
569 3505 924 3568 ἀκούσαντες,
947 3504 979 3575 ἦ
1005 3503 1088 3568 τίς
1121 3505 1148 3556 ό
1178 3503 1378 3572 τρόπος
1405 3502 1503 3572 τῆς
1529 3501 1784 3572 τοιαύτης
1818 3502 1970 3572 ὑμῶν

412 3596 594 3665 πλέινης
623 3612 637 3661 ;
684 3596 1046 3666 ’Δνέγνωμεν,
1074 3595 1257 3664 φασὶν,
1280 3596 1337 3646 ὲν
1364 3594 1443 3664 τῷ
1480 3595 1732 3666 προφήτῃ
1767 3593 1966 3664 ’Λμὼς,

413 3681 632 3750 λέγοντος
667 3683 761 3736 τοῦ
794 3683 954 3744 Θεοῦ.
989 3703 1010 3736 ι
1035 3684 1158 3737 Ὅτι
1194 3684 1325 3738 Ἰδοὺ
1375 3684 1486 3752 ἐγὼ
1526 3683 1760 3758 στερεῶν
1809 3684 1966 3755 βρον-

399 3772 504 3842 τὴν,
539 3775 631 3827 καὶ
670 3775 868 3838 κτίζων
913 3771 1150 3844 πνεῦμα,
1184 3773 1278 3826 καὶ
1329 3773 1688 3841 ἀπαγγέλλων
1736 3775 1814 3836 είς
1871 3774 1968 3826 ἀν-

394 3863 643 3934 θρώπους
696 3867 790 3919 τὸν
843 3865 1081 3937 Χριστὸν
1141 3865 1328 3918 αὐτοῦ·
1381 3865 1549 3918 ποιῶν
1617 3864 1812 3936 ὄρθρον
1873 3864 1968 3918 καὶ

388 3954 640 4025 ὀμίχλην,
677 3957 770 4010 καὶ
795 3957 1090 4010 ἐπιϐαίνων
1128 3958 1220 4010 ἐπὶ
1258 3957 1325 4011 τὰ
1358 3957 1534 4028 ὑψηλά
1571 3957 1668 4027 τῆς
1841 3957 1965 4027 γῆς,

387 4048 592 4118 Κύριος
621 4049 650 4101 ό
677 4050 808 4113 Θεὸς
833 4051 862 4103 ό
883 4048 1278 4120 παντοκράτωρ
1300 4049 1470 4119 ὄνομα
1499 4049 1666 4120 αύτῷ.
1699 4069 1717 4101 ι
1763 4051 1869 4103 Καὶ
1889 4050 1970 4103 ἔν-

381 4139 478 4190 θεν
508 4139 842 4211 ἐπείσθημεν
871 4141 984 4204 τοίς
1014 4139 1314 4211 ’Δρειανοῖς
1342 4140 1558 4208 λέγουσι
1591 4142 1796 4212 κτίσμα
1828 4137 1968 4197 εἶναι

376 4227 445 4282 τὺ
464 4231 685 4300 Πνεῦμα
716 4231 779 4284 τδ
813 4220 988 4299 ἅγιον.
1008 4230 1139 4285 Εἶτα
1158 4232 1218 4286 τὸ
1246 4233 1346 4303 μὲν
1378 4235 1525 4304 παρά
1546 4233 1622 4305 τῷ
1787 4232 1970 4303 ’Λμὼς

373 4321 675 4391 ἀνέγνωτε”
726 4323 788 4377 τὸ
837 4323 894 4376 δὲ
961 4325 1018 4377 ὲν
1085 4327 1206 4387 ταῖς
1269 4324 1600 4395 Παροιμίαις
1653 4325 1964 4396 λεγόμενον,

377 4431 398 4464 ι
455 4412 661 4484 Κύριος
689 4413 870 4467 ἔκτισέ
894 4431 961 4485 με
1016 4415 1191 4485 ἀρχὴν
1223 4413 1359 4466 ὁδῶν
1387 4414 1553 4468 αὑτοῦ
1584 4417 1664 4478 εἰς
1696 4415 1833 4485 ἔργα
1868 4417 1967 4469 αὑ·
1998 4413 2042 4466 D

369 4505 497 4568 τοῦ,
522 4524 540 4555 ι
571 4506 671 4559 οὐκ
699 4505 1043 4576 ἁνέγνωτε,ἢ
1069 4505 1339 4574 ἀνέγνωτε
1361 4521 1376 4570 ;
1400 4504 1510 4558 Καὶ
1530 4503 1688 4557 τοῦτο
1827 4504 1926 4574 μὲν
1945 4545 1962 4572 ,

368 4603 457 4665 ὡς
488 4601 598 4672 ἔχει
626 4601 905 4673 ἀληθείας,
928 4599 1278 4673 ἑρμηνεύετε,
1316 4601 1404 4656 ἵνα
1433 4601 1510 4672 μὴ
1544 4600 1736 4672 εἴπητε
1761 4601 1965 4674 κτίσμα

367 4695 472 4748 τὸν
504 4694 693 4761 Λόγον·
727 4693 789 4746 τὺ
839 4693 898 4746 δὲ
933 4693 991 4747 ὲν
1047 4691 1126 4763 τῷ
1157 4693 1409 4764 προφήτῃ
1460 4691 1557 4762 οὐχ
1605 4692 1960 4763 ὲρμηνεύετε,

366 4783 514 4839 ἀλλά
558 4783 745 4848 ἁπλῶς
777 4784 1067 4846 ἀκούοντες
1135 4802 1154 4834 ι
1194 4783 1442 4854 πνεῦμα,
1474 4803 1492 4836 ι
1540 4785 1826 4854 ένομίσατε
1871 4784 1962 4838 λέ-

367 4877 566 4946 γεσθαι
620 4877 828 4958 κτίσμα
849 4875 911 4928 τὸ
930 4875 1155 4944 Πνεῦμα
1181 4874 1244 4928 τὸ
1291 4876 1478 4944 ἆγιον;
1532 4876 1725 4930 Καίτοι
1773 4877 1829 4928 ὲν
1865 4878 1962 4948 μὲν

366 4970 495 5032 ταῖς
521 4967 852 5039 Παροιμίαις
875 4965 1125 5038 φανερῶς
1291 4967 1325 5037 ἡ
1383 4967 1552 5036 Σοφία
1581 4967 1816 5034 λέγουσά
1845 4971 1960 5021 ἐστι

363 5059 456 5121 τδ,
489 5079 506 5110 ι
533 5059 715 5113 ἔκτισέ
754 5073 843 5130 με’
865 5077 883 5110 ι
927 5057 1019 5112 καὶ
1044 5058 1193 5128 ὅμως
1230 5056 1410 5120 καλῶς
1443 5074 1506 5126 γε
1545 5057 1846 5121 ποιοῦντες,
1875 5061 1959 5129 ἐρ-

368 5148 637 5221 μηνεύετε
667 5148 732 5202 τὺ
773 5147 956 5219 ῥητὸν,
1008 5147 1095 5199 ἵνα
1132 5147 1205 5219 μὴ
1245 5147 1344 5218 τὴν
1395 5147 1724 5219 δημιουργὸν
1764 5149 1961 5217 Σοφίαν

365 5244 431 5295 ὲν
604 5243 720 5305 τοῖς
743 5240 1007 5310 κτίσμασι
1033 5239 1420 5312 συναριθμῆτε.
1453 5239 1528 5291 Τὸ
1552 5239 1608 5292 δὲ
1641 5242 1701 5294 ἐν
1726 5240 1804 5311 τῷ
1827 5259 1960 5312 προ-

367 5333 518 5402 φήτῃ
554 5332 717 5403 ῥητὸν
741 5333 844 5384 οὐκ
866 5331 1284 5402 ἔχει-γνώρισμα
1317 5332 1446 5403 περὶ
1479 5331 1574 5384 τοῦ
1610 5333 1766 5401 ἁγίου
1791 5333 1960 5386 Πνεύ-

370 5440 562 5494 ματος,
623 5424 739 5478 ἀλλ’
765 5423 952 5486 ἀπλῶς
1002 5423 1218 5494 εἴρηται
1271 5425 1399 5493 περὶ
1455 5424 1784 5495 πνεύματος.
1835 5427 1960 5490 Πῶς

367 5513 484 5581 οῦν,
510 5516 686 5570 καίτοι
721 5515 980 5586 πλείστης
1006 5513 1173 5587 οὔσης
1209 5516 1470 5588 διαφορᾶς
1493 5518 1550 5571 ὲν
1574 5521 1690 5580 ταῖς
1715 5519 1959 5589 Γραφαίς

371 5608 502 5676 περὶ
537 5607 866 5678 πνευμάτων
904 5648 921 5674 ,
1044 5607 1140 5660 καὶ
1191 5608 1490 5680 δυναμένου
1528 5610 1622 5664 τοῦ
1657 5612 1822 5684 ῥητοῦ
1858 5614 1956 5685 τὴν

437 5801 453 5831 ¹
476 5801 595 5855 Act.
628 5816 720 5863 vn,
759 5802 848 5858 5|.

365 5868 386 5900 ⁸
422 5867 580 5928 Prov.
619 5888 733 5938 vm,
766 5874 859 5929 9.2.

2226 2601 2508 2657 Undenam
2544 2609 2860 2670 ergo'lantm
2893 2599 3049 2654 vobis
3077 2596 3400 2653 temeritatis
3446 2611 3633 2659 causa,

2071 2704 2128 2751 ut
2163 2710 2261 2750 nec
2293 2694 2424 2748 illud
2467 2709 2494 2746 a
2528 2693 2813 2748 Salvatore
2853 2694 3059 2750 dietum
3110 2693 3408 2749 vereamini
3437 2707 3450 2745 :
3492 2711 3511 2741 ι
3540 2692 3645 2757 Qui

2067 2788 2527 2858 blasphemaverit
2576 2789 2630 2841 in
2666 2789 2931 2858 Spiritum
2970 2798 3247 2856 sanctum,
3280 2804 3389 2842 non
3420 2786 3647 2840 habebit

2069 2879 2450 2936 remissionem
2499 2893 2677 2949 neque
2725 2879 2781 2933 in
2829 2879 2934 2934 hoc
2983 2880 3184 2934 saeculo
3231 2893 3408 2946 neque.
3457 2877 3510 2931 in
3561 2876 3646 2932 fu-

2068 2972 2266 3027 turo'?
2295 2991 2314 3022 ι
2341 2971 2527 3024 Ariani
2559 2970 2806 3040 quidem,
2841 2970 2943 3026 etsi
2969 2985 3288 3040 corpoream
3319 2967 3479 3022 Verbi
3508 2982 3646 3036 pra:-

2070 3061 2528 3130 sentiam,etquae
2558 3060 2677 3130 ejus
2706 3060 3030 3117 causadicta
3062 3069 3214 3126 sunt,
3245 3075 3350 3113 non
3379 3059 3646 3126 intellige-

2069 3161 2211 3219 rent,
2241 3166 2309 3206 ex
2337 3151 2423 3206 his
2452 3161 2635 3206 tamen
2664 3152 3008 3206 occasionem
3033 3168 3144 3206 suae
3167 3151 3646 3206 comminiscemhe

2072 3242 2294 3298 haeresis
2325 3241 2726 3312 improbissime
2758 3243 2926 3306 nacti,
2960 3242 3052 3297 Dei
3089 3243 3269 3297 hostes
3298 3257 3420 3295 esse
3444 3250 3498 3295 et
3522 3258 3646 3294 vere

2069 3332 2136 3387 de
2171 3340 2313 3386 terra
2372 3328 2396 3360 ⁵
2457 3331 2640 3386 inania
2679 3332 2828 3403 loqui
2877 3332 3113 3388 convicti
3165 3341 3312 3387 sunt.
3358 3329 3466 3383 Vos
3519 3345 3646 3382 vero

2073 3423 2370 3490 undenam,
2404 3439 2614 3493 quaeso,
2655 3423 2711 3478 in
2753 3441 2998 3480 errorem
3059 3423 3262 3477 inducti
3307 3423 3438 3476 estis
3463 3423 3486 3475 ?
3511 3422 3648 3486 Quis

2071 3529 2169 3568 vos
2199 3514 2271 3568 ita
2305 3514 2517 3580 docuit,
2549 3515 2633 3568 vel
2656 3515 2778 3584 quis
2812 3516 3030 3570 tandem
3061 3515 3258 3568 modus
3289 3513 3458 3566 vestri
3490 3526 3646 3566 erro-

2071 3605 2147 3658 ris
2169 3603 2485 3674 ?chimus,
2515 3604 2794 3674 inquiunt,
2822 3605 2874 3657 in
2907 3605 3173 3674 propheta
3204 3603 3372 3656 Amos
3405 3603 3521 3656 hmc
3551 3601 3646 3654 Dei

2075 3697 2241 3751 verba
2276 3716 2289 3750 :
2332 3716 2350 3748 ι
2381 3695 2520 3762 Quia
2554 3712 2682 3751 ecce
2710 3711 2810 3767 ego
2855 3697 3081 3750 ﬁrmans
3111 3695 3336 3759 tonitru,
3358 3702 3412 3747 et
3453 3709 3647 3747 creans

2074 3789 2324 3859 spiritum
2347 3830 2362 3852 ,
2391 3797 2443 3843 et
2475 3787 2812 3842 annuntians
2834 3787 2898 3841 ad
2925 3786 3173 3840 homines
3195 3784 3479 3838 Christum
3504 3783 3642 3851 ejus.

2074 3879 2281 3934 faciens
2307 3878 2611 3933 diluculum
2661 3886 2717 3932 et
2770 3877 3048 3941 nebulam,
3082 3884 3138 3930 ct
3197 3874 3456 3944 gradiens
3482 3888 3648 3940 super

2072 3973 2287 4027 escelsa
2323 3983 2516 4027 terrae:
2554 3971 2818 4026 Dominus
2856 3970 2997 4024 Deus
3028 3970 3397 4038 omnipotens,
3448 3982 3646 4020 nmncn

2073 4065 2172 4134 ipsi
2214 4069 2255 4116 '.
2284 4082 2302 4115 ι
2329 4063 2456 4119 Inde
2481 4063 2696 4118 adducti
2732 4063 2935 4116 fuimus
2961 4071 3018 4115 ut
3060 4061 3302 4124 Arianis,
3342 4059 3436 4128 qui
3475 4058 3649 4128 Spiri-

2070 4167 2184 4211 tum
2235 4165 2486 4212 sanctum
2513 4171 2625 4210 rem
2675 4163 2914 4210 creatam
2945 4169 3066 4208 esse
3094 4153 3314 4215 docent,
3354 4151 3650 4205 assentire-

2072 4264 2216 4302 mur.
2243 4248 2325 4301 An
2358 4263 2488 4318 ergo
2528 4247 2674 4316 quod
2737 4246 2878 4316 apud
2930 4243 3099 4298 Amos
3159 4250 3339 4297 exstat
3390 4240 3597 4310 legistis
3633 4257 3646 4293 :

2072 4341 2214 4405 quod
2243 4350 2423 4394 autem
2450 4340 2504 4393 in
2535 4337 2849 4394 Proverbiis
2871 4337 3074 4391 dicitur
3103 4351 3115 4386 :
3155 4335 3464 4403 (Dominus
3499 4347 3650 4386 crea-

2071 4433 2148 4485 vit
2185 4446 2269 4484 me
2301 4431 2516 4485 initium
2568 4430 2780 4484 viarum
2836 4443 3062 4483 suarum
3101 4427 3152 4480 in
3194 4441 3358 4495 opera
3403 4439 3502 4479 sua
3540 4431 3582 4488 ο,
3624 4442 3642 4473 ι

2072 4537 2137 4577 an
2172 4519 2381 4590 legistis
2421 4520 2637 4574 necne?
2685 4517 2896 4588 Ergone
2952 4515 3096 4571 istud
3132 4513 3550 4568 Proverbiorum
3581 4525 3650 4563 ex

2070 4611 2298 4665 veritate
2349 4609 2803 4678 interpretamini,
2865 4622 2932 4662 ne
2963 4606 3214 4660 videlicet
3261 4603 3504 4658 Verbum
3535 4618 3650 4656 rem

2069 4711 2308 4756 creatam
2333 4699 2531 4755 dicatis
2569 4716 2582 4751 :
2610 4699 2742 4753 illud
2769 4707 2950 4752 autem
2978 4698 3256 4768 prophetae
3304 4695 3451 4749 nulla
3481 4694 3652 4748 inter-

2070 4791 2374 4862 pretatione
2401 4790 2711 4860 explicatis,
2739 4788 2834 4843 sed
2866 4803 2997 4843 voce
3032 4805 3051 4838 ι
3095 4787 3324 4857 spiritus
3353 4805 3373 4836 ι
3403 4793 3652 4839 tantum-

2072 4883 2231 4937 modo
2261 4883 2470 4948 audita,
2509 4881 2773 4952 Spiritum
2806 4889 3060 4935 sanctum
3112 4893 3226 4932 rem
3271 4885 3513 4933 creatam
3541 4878 3649 4932 dici

2068 4974 2620 5043 existimatis?Atqui
2677 4973 2731 5027 in
2792 4971 3104 5028 Proverbiis
3148 4970 3426 5041 Sapientia
3468 4979 3654 5040 aperte

2068 5063 2200 5116 dicit
2240 5080 2253 5116 :
2295 5081 2314 5113 ι
2347 5061 2571 5117 Creavit
2605 5075 2712 5115 me.
2762 5079 2780 5112 ι
2821 5059 3209 5115 Verumtamen
3261 5071 3408 5116 recte
3430 5077 3526 5115 vos
3569 5061 3654 5114 di-

2070 5163 2215 5206 ctum
2263 5154 2400 5209 illud
2430 5154 2505 5208 ita
2535 5152 2807 5223 excipitis,
2833 5161 2894 5207 ut
2921 5169 3030 5207 non
3063 5153 3387 5208 creatricem
3423 5151 3652 5220 Sapien-

2071 5249 2199 5300 tiam
2226 5248 2394 5302 rebus
2425 5248 2625 5302 creatis
2654 5248 3050 5303 annumeretis.
3086 5247 3177 5301 Sic
3223 5246 3391 5316 igitur
3418 5258 3522 5296 vox
3555 5242 3648 5295 illa

2071 5341 2349 5409 prophetae
2373 5355 2483 5394 non
2517 5339 2782 5410 Spiritum
2829 5351 3076 5394 sanetum
3130 5338 3374 5396 denotat,
3404 5334 3496 5388 sed
3525 5342 3645 5385 tan-

2072 5440 2184 5482 tum
2212 5431 2279 5486 de
2314 5430 2508 5500 spiritu
2538 5431 2757 5486 dicitur.
2795 5431 2929 5485 Cum
2965 5442 3095 5499 ergo
3123 5426 3291 5479 multa
3317 5423 3387 5477 sit
3410 5422 3463 5474 in
3494 5421 3644 5474 Seri-

2073 5523 2250 5590 pturis
2302 5522 2596 5592 spirituum
2647 5521 2972 5583 diderentia,
3029 5525 3351 5584 rectumque
3418 5526 3644 5565 sensum

2073 5615 2274 5669 habere
2304 5614 2479 5684 possit
2531 5613 2635 5669 iste
2686 5612 2983 5682 Scriptura:
3032 5609 3208 5673 locus,
3231 5620 3329 5661 cur
3362 5615 3459 5654 vos
3498 5603 3650 5658 velut
3701 5646 3725 5683 χ

926 5808 1180 5865 'lJoau.
1227 5826 1286 5874 ιι.
1329 5813 1418 5869 25.
1499 5812 1519 5843 ³
1555 5813 1750 5868 Matth.
1790 5829 1886 5878 xu,
1950 5813 1972 5866 Ξ

2128 5813 2294 5867 Marc.
2346 5830 2424 5876 ιιι,
2475 5810 2564 5864 ‘29.
2643 5809 2664 5840 ’⁵
2702 5807 2856 5864 Joan.
2907 5821 2986 5870 ιιι,
3024 5802 3112 5859 51.
3193 5800 3407 5853 “Amos
3442 5808 3519 5857 tv,
3571 5798 3664 5854 15..
