4064 6392
352 319 452 382 691
1596 318 1912 381 ΕΗΤΠΥΜ

2027 320 2067 379 Ζ
2080 320 2200 380 1οΑ
2212 320 2390 380 BENl
3508 329 3618 393 692

355 453 578 522 litigiosi
621 462 717 508 aut
773 455 1046 526 serpentis
1101 453 1282 508 Ariani
1338 469 1524 509 morsu
1573 453 1827 521 ulcerati,
1861 453 1925 508 de

2036 453 2171 506 ῑδίαν
2203 449 2438 504 διάνοιαν
2470 445 2613 518 ἔχειν
2637 445 2820 518 ὀρθὴν,
2853 444 3030 516 ὑμεῖς,
3080 445 3155 510 ὡς
3187 447 3615 516 φιλονεικοῦντες

359 543 566 614 Spiritu
597 553 787 608 sancto
835 543 1153 614 prophetam
1391 543 1562 598 Amos
1598 543 1746 611 loqui
1785 540 1925 595 arbi-

2035 544 2069 615 ἢ
2096 543 2170 606 ὠς
2200 541 2304 594 ὑπὸ
2335 541 2608 612 δήγματος
2650 535 2742 590 τοῦ
2788 537 3066 608 Ἀρειανοῦ
3096 538 3271 609 ὄφεως
3305 539 3612 612 βλαϐέντες,

357 635 603 701 tramini,
655 651 722 690 ne
773 635 983 690 scilicet
1043 632 1265 688 credere
1326 632 1606 687 desistatis
1666 629 1925 699 Spiritum

2033 637 2096 688 τὸ
2141 633 2366 704 Πνεῦμα
2422 632 2484 683 τὸ
2550 631 2704 698 ἆγιον
2758 628 3010 701 εἰρῆσθαι
3068 630 3219 701 παρὰ
3271 631 3364 686 τοῦ
3433 635 3615 706 Ἀμὼς

359 739 610 782 sanctum
643 743 756 782 rem
779 734 1016 780 creatam
1049 725 1211 781 esse?

2042 726 2321 798 νομίζετε,
2382 725 2468 776 ἵνα
2498 722 2655 793 μόνον
2703 721 2799 774 τοῦ
2845 723 3061 792 φρονεῖν
3103 721 3308 794 κτίσμα.
3367 726 3444 798 μὴ
3495 731 3615 782 ἐπι-

2031 819 2287 892 λάθησθε;

528 922 720 984 Dicite,
753 924 972 987 amabo,
1000 938 1069 978 an
1093 921 1147 976 in
1183 922 1370 992 aliquo
1403 921 1604 978 divinat
1635 922 1925 992 Scriptura

2190 912 2395 968 Εἴπατε
2425 908 2556 978 γοῦν
2581 908 2635 961 εῐ
2662 925 2765 962 που
2801 909 2901 978 τῆς
2929 904 3080 971 θείας
3108 907 3333 979 Γραφῆς
3362 910 3614 982 εὕρισκε-

361 1015 482 1069 loco
511 1013 774 1082 Spiritum
824 1022 1074 1067 sanctum
1137 1013 1457 1082 simpliciter
1514 1002 1769 1082 spiritum
1825 1014 1925 1068 dici

2033 1023 2093 1060 τε
2251 1002 2313 1055 τὸ
2340 999 2564 1070 Πνεῦμα
2586 999 2645 1052 τὸ
2672 999 2824 1066 ἆγιον
2847 995 3034 1060 ἁπλῶς
3059 997 3345 1070 εἰρημένον
3374 1000 3611 1071 πνεῦμα,

366 1105 669 1176 reperiatis,
694 1105 812 1160 sine
844 1105 1028 1176 addita
1066 1119 1199 1159 voce
1241 1105 1327 1159 vel
1363 1104 1479 1168 Dei,
1508 1108 1590 1159 vel
1619 1103 1818 1172 Patris,
1848 1107 1925 1161 vel

2033 1098 2204 1172 χωρὶς
2238 1093 2554 1166 προσθήκης
2601 1090 2692 1145 τοῦ
2731 1089 2986 1158 λέγεσθαι
3038 1090 3072 1162 ἢ
3127 1090 3218 1144 τοῦ
3253 1091 3407 1158 Θεοῦ,
3457 1094 3611 1164 ἢτοῦ

370 1199 491 1262 mei,
525 1198 608 1253 vel
647 1197 821 1268 ipsius
846 1196 1045 1252 Christi
1075 1209 1127 1252 et
1159 1196 1304 1262 Filii,
1339 1198 1422 1252 vel
1463 1213 1491 1252 a
1551 1215 1658 1261 me,
1693 1203 1837 1270 quod
1861 1220 1925 1258 es

2021 1191 2254 1266 Πατρὸς,
2285 1191 2319 1262 ἢ
2379 1191 2460 1246 ὅτι
2512 1191 2670 1262 ἐμοῦ,
2701 1193 2736 1262 ἦ
2769 1191 2936 1245 αὐτοῦ
2968 1190 3060 1244 τοῦ
3102 1192 3341 1264 Χριστοῦ
3521 1193 3617 1246 καὶ

375 1287 554 1352 aDeo,
587 1289 672 1344 vel
728 1289 837 1344 nisi
893 1304 1018 1344 cum
1053 1289 1305 1354 articulo,
1340 1290 1416 1344 ita
1447 1298 1506 1344 ut
1553 1308 1661 1348 nou
1717 1293 1925 1361 spiritui

2015 1282 2112 1337 τοῦ
2143 1281 2295 1346 Υἰοῦ,
2327 1279 2359 1352 ἢ
2397 1282 2525 1354 παρ’
2554 1281 2711 1352 ἐμοῦ,
2733 1284 2761 1336 ὃ
2791 1285 2906 1337 ἐστι
2936 1284 3088 1356 παρὰ
3117 1283 3210 1337 τοῦ
3236 1283 3445 1353 Θεοῦ,ἢ
3471 1284 3610 1354 μετὰ

362 1376 540 1434 Solum
590 1377 822 1441 dicatur,
860 1377 952 1432 sed
998 1377 1080 1432 vel
1133 1378 1222 1432 ille
1270 1378 1530 1449 Spiritus,
1559 1382 1643 1438 vel
1704 1382 1925 1453 Spiritu:

2015 1374 2111 1428 τοῦ
2141 1373 2370 1447 ἄρθρου,
2401 1373 2486 1426 ἵνα
2517 1373 2592 1447 μὴ
2633 1374 2819 1438 ἁπλῶς
2845 1376 3073 1446 λέγηται
3099 1375 3342 1446 πνεῦμα,
3379 1374 3518 1428 ἀλλὰ
3546 1375 3611 1428 τὸ

361 1478 605 1535 sanctus,
631 1469 718 1524 vel
751 1467 1086 1537 Paracletus,
1140 1472 1220 1525 vel
1275 1473 1547 1538 veritatis,
1586 1475 1638 1528 id
1696 1487 1779 1531 est
1814 1476 1939 1534 Filii

359 1559 591 1615 dicentis
609 1559 819 1616 scilicet
846 1576 860 1613 :
897 1579 914 1611 ι
937 1559 1046 1630 Ego
1076 1578 1198 1618 sum
1224 1564 1425 1620 veritas
1459 1569 1506 1629 ';
1535 1586 1552 1616 ι
1579 1576 1775 1633 utvos,
1795 1570 1940 1624 nuda

358 1665 495 1706 voce
545 1670 564 1704 ι
594 1651 821 1721 spiritus
867 1671 886 1702 ι
941 1653 1147 1716 audita,
1199 1664 1448 1710 sanctum
1509 1657 1772 1726 Spiritum
1820 1674 1940 1715 esse

357 1742 813 1812 suspicaremiui?
847 1743 924 1798 Ex
957 1745 1060 1800 hac
1083 1755 1264 1801 tamen
1299 1749 1484 1818 regula
1507 1764 1602 1805 eos
1650 1751 1811 1805 velim
1836 1768 1934 1807 ενι-
1958 1771 2000 1826 Β

359 1834 488 1904 cipi,
518 1835 770 1902 quicum
819 1836 1084 1906 Spiritum
1136 1848 1385 1892 sanctum
1410 1839 1524 1909 jam
1575 1843 1936 1912 accepissent,

357 1923 424 1978 dc
457 1923 646 1980 iisdem
700 1923 757 1978 iit
797 1937 983 1993 postca
1023 1925 1218 1980 iterum
1274 1929 1503 1994 mentio,
1542 1929 1627 1984 vel
1668 1932 1762 2001 qui
1809 1947 1936 1986 cum

356 2015 508 2084 prius
537 2017 667 2086 quid
698 2016 767 2072 de
800 2015 1007 2086 Spiritu
1052 2027 1246 2072 sancto
1297 2021 1630 2076 credendum
1676 2025 1748 2078 sit
1795 2023 1939 2078 didi-

356 2109 553 2171 cerint,
581 2107 778 2166 deinde
823 2107 1164 2177 repetitionis
1207 2118 1261 2164 et
1308 2111 1754 2168 eommonitionis
1805 2129 1936 2184 ergo

355 2214 505 2254 mera
543 2214 677 2254 voce
713 2219 731 2250 ι
768 2199 997 2268 spiritus
1035 2218 1054 2251 ι
1085 2200 1318 2269 prolata,
1353 2203 1476 2271 quis
1518 2203 1608 2258 ille
1634 2204 1937 2276 intelligen-

355 2291 460 2345 dus
489 2289 564 2346 sit
587 2305 694 2346 non
720 2292 995 2361 ignorant,
1025 2293 1265 2347 maxime
1297 2295 1426 2364 quia
1480 2296 1560 2350 sic
1605 2298 1772 2352 etiam
1808 2314 1934 2354 cum

354 2382 587 2437 articulo
611 2383 971 2456 exprimatur.
1011 2383 1257 2454 Denique
1290 2386 1408 2446 sine
1429 2381 1664 2445 articulo
1691 2391 1773 2446 vel
1796 2407 1936 2462 prae»

2018 1465 2242 1536 Πνεῦμα
2280 1478 2298 1495 ⁸
2435 1465 2467 1535 ἦ
2503 1465 2635 1519 αὐτὸ
2675 1464 2835 1522 τοῦτο
2880 1465 2942 1520 τὸ
2985 1466 3212 1536 Πνεῦμα
3243 1466 3305 1520 τὸ
3364 1466 3538 1536 ἅγιον,
3573 1466 3608 1538 ἢ

2018 1558 2397 1633 Παράκλητον,
2428 1558 2461 1628 ἢ
2522 1557 2800 1630 ἀληθείας,
2834 1558 2863 1611 ὃ
2891 1559 3008 1612 ἐστι
3047 1559 3142 1614 τοῦ
3176 1557 3330 1623 Υἱοῦ,
3383 1558 3476 1611 τοῦ
3523 1557 3611 1611 λέ-

2017 1666 2230 1716 γοντος.
2358 1668 2376 1702 ι
2427 1649 2567 1720 Ἐγώ
2595 1651 2710 1722 είμι
2737 1652 2770 1723 ἡ
2803 1649 3051 1720 ἀλήθειαο
3079 1671 3096 1704 ι
3144 1651 3251 1715 ἵνα,
3279 1651 3612 1714 ἀκούσαντες

2015 1736 2201 1800 ἁπλῶς
2231 1754 2250 1788 ι
2294 1737 2532 1808 πνεῦμα,
2559 1758 2577 1789 ι
2613 1740 2949 1812 ὑπονοήσητε
2996 1735 3134 1795 εἶναι
3179 1741 3239 1794 τὸ
3270 1741 3494 1812 Πνεῦμα
3548 1742 3611 1794 τὸ

2017 1830 2192 1897 ἆγιον;
2233 1827 2653 1903 Ἐξῃρήσθωσαν
2687 1832 2743 1886 δὲ
2789 1831 2884 1885 τοῦ
2909 1833 3085 1900 Λόγου
3123 1832 3220 1888 νῦν
3261 1833 3459 1898 οἵτινες
3507 1835 3610 1906 ήδη

2015 1921 2290 1986 λαϐόντες.
2319 1921 2480 1977 πάλιν
2501 1923 2882 1994 ὀνομάζονται,
2932 1925 3025 1978 καὶ
3062 1926 3199 1991 ὅσοι,
3235 1927 3612 1999 προμαθόντες

2017 2015 2148 2086 περὶ
2175 2015 2267 2069 τοῦ
2291 2016 2448 2084 ἁγίου
2481 2016 2822 2087 Πνεῦματος,
2862 2017 3088 2090 ὕστερον
3119 2019 3194 2083 ὡς
3224 2021 3280 2073 ὲν
3333 2019 3609 2094 ἐπαναλή-

2013 2107 2106 2177 ψει
2281 2109 2375 2163 καὶ
2414 2109 2751 2180 ὑπομνήσει,
2783 2109 2879 2162 καὶ
2911 2109 3072 2180 μόνον
3116 2110 3407 2182 λεγομένου
3461 2129 3479 2162 ι
3514 2110 3609 2164 τοῦ

2015 2199 2348 2270 πνεύματος,
2373 2221 2389 2252 ι
2423 2201 2522 2254 οὐκ
2547 2199 2804 2268 ἀγνοοῦσι
2855 2199 2983 2272 περὶ
3010 2201 3154 2264 τίνος
3185 2201 3460 2254 ἀκούουσι·
3516 2201 3612 2253 καὶ

2019 2291 2276 2361 μάλιστα,
2303 2293 2385 2344 ὅτι
2443 2292 2538 2346 καλ⁸
2593 2291 2738 2344 οῦτω
2774 2291 2912 2362 μετὰ
2960 2290 3054 2346 τοῦ
3102 2291 3305 2364 ἄρθρου
3364 2291 3607 2360 λέγεται.

2014 2383 2124 2436 Καὶ
2180 2383 2317 2447 ὅλως
2361 2383 2490 2438 ἄνευ
2538 2381 2633 2436 τοῦ
2673 2383 2913 2456 ἄρθρου,
2979 2383 3012 2452 ἢ
3061 2383 3160 2455 τῆς
3207 2382 3611 2455 προειρημένης

2014 2474 2354 2546 προσθήκης,
2379 2475 2478 2527 οὑκ
2511 2474 2575 2528 ἂν
2630 2475 2717 2544 εἱή
2766 2474 3162 2546 σημαινόμενον
3291 2474 3351 2528 τὸ
3383 2473 3610 2546 Πνεῦμα

2013 2565 2074 2618 τὸ
2095 2566 2270 2634 ἆγιον’
2304 2562 2392 2620 οἶά
2427 2569 2576 2620 ἐστιν
2603 2567 2639 2621 ἃ.
2667 2567 2868 2638 γράφει
2901 2566 3111 2630 Παῦλος
3145 2568 3256 2630 τοῖς
3311 2566 3602 2629 Γαλάταις·

357 2476 505 2530 dicto
531 2476 904 2533 additamento
935 2496 1218 2550 nunquam
1254 2479 1518 2550 Spiritum
1563 2492 1811 2538 sanctum
1854 2485 1931 2540 si—

354 2568 602 2637 gniﬁcari
635 2568 977 2628 inveneritis.
1013 2569 1336 2642 llujusmodi
1371 2583 1501 2628 sunt
1536 2589 1599 2629 ea
1627 2591 1749 2644 qua:
1791 2575 1933 2630 Pau-

354 2660 440 2714 lus
462 2660 528 2716 ad
553 2659 776 2717 Galatas
817 2663 1056 2719 scribit:
1093 2683 1111 2714 ι
1170 2664 1284 2720 lloc
1335 2666 1510 2720 solum
1551 2683 1581 2720 a
1610 2667 1766 2721 vobis
1808 2668 1925 2722 volo

2019 2676 2038 2708 ι
2070 2658 2241 2712 Τοῦτο
2274 2659 2433 2728 μόνον
2466 2658 2606 2711 θέλω
2655 2659 2846 2729 μαθεῖν
2875 2660 2968 2728 ἀφ’
2997 2659 3173 2730 ὑμῶν,
3206 2659 3266 2726 ἐξ
3313 2658 3489 2732 ἔργων
3513 2659 3602 2712 νό-

352 2750 564 2804 discere
589 2751 706 2805 rEx
732 2752 990 2824 operibus
1023 2753 1157 2823 legis
1210 2752 1476 2824 Spiritum
1531 2757 1838 2825 accepistis,
1865 2773 1925 2812 an

2016 2765 2118 2817 μου
2139 2750 2200 2803 τὸ
2231 2750 2454 2820 Πνεῦμα
2485 2750 2729 2815 ἐλάϐετε,
2766 2752 2797 2821 ἦ
2832 2752 2890 2818 ἐξ
2922 2752 3092 2822 ἀκοῆς
3125 2752 3359 2816 πίστεως
3380 2753 3604 2816 ;›Ποῖον

351 2855 418 2894 ex
448 2841 636 2895 auditu
690 2842 811 2897 ﬁdei
847 2843 914 2895 '?
950 2862 969 2894 ι
1006 2844 1177 2910 Quem
1226 2861 1356 2899 vero
1390 2846 1557 2906 alium
1590 2861 1925 2917 acceperant,

2010 2838 2069 2898 δὲ
2096 2835 2236 2910 ἦσαν
2259 2841 2515 2906 λαϐόντες
2546 2842 2578 2912 ἢ
2611 2843 2672 2896 τὸ
2694 2842 2919 2914 Πνεῦμα
2952 2843 3010 2896 τὸ
3051 2843 3227 2912 ἅγιον,
3251 2843 3311 2896 τὸ
3329 2843 3605 2914 διδόμενον

352 2948 517 3000 quam
551 2932 814 3002 Spiritum
863 2944 1113 2990 sanctum
1139 2937 1231 3006 qui
1259 2938 1606 2993 credentibus
1646 2948 1699 2992 et
1733 2957 1826 3008 per
1851 2957 1925 2995 re-

2010 2934 2124 2996 τοῖς
2154 2933 2470 2986 πιστεύουσι
2490 2935 2584 2988 καί
2607 2934 3077 3005 ἀναγεννωμένοις
3103 2935 3192 2988 διὰ
3238 2933 3465 3007 λουτροῦ
3495 2952 3600 2988 πα-

351 3025 720 3092 generationis
784 3025 1062 3081 lavacrum
1125 3030 1542 3084 renascentibus
1593 3031 1790 3086 datur?
1851 3032 1925 3088 Ad

2011 3022 2379 3093 λιγγενεσίας;
2405 3027 2516 3079 Καὶ
2547 3026 3000 3080 Θεσσαλονικεῦσι
3033 3027 3089 3080 δὲ
3113 3028 3340 3099 γράφων
3371 3045 3389 3063 ο
3487 3045 3506 3079 ι
3526 3027 3605 3079 Τὸ

356 3112 884 3173 Thessalonicenses
939 3130 1119 3174 autem
1182 3121 1422 3176 scribit:
1463 3141 1481 3174 ι
1525 3123 1787 3192 Spiritum
1835 3139 1925 3178 no-

2011 3114 2235 3186 Πνεῦμα
2262 3116 2336 3187 μὴ
2367 3117 2641 3170 σϐέννυτε·
2659 3137 2676 3169 ι
2713 3118 2879 3172 εἰδόσι
2913 3120 3009 3172 καὶ
3035 3120 3220 3182 αὐτοῖς
3250 3121 3388 3191 ὅπερ
3410 3119 3604 3172 ἔλαϐον

350 3206 444 3259 lite
470 3207 818 3278 exstinguere
856 3213 896 3264 ³.
943 3230 960 3262 ι
996 3209 1202 3281 Nempe
1243 3228 1364 3277 eos,
1397 3214 1490 3282 qui
1541 3213 1739 3282 utique,
1767 3227 1925 3268 nove-

2011 3206 2216 3278 ἔλεγεν,
2261 3211 2346 3264 ῖνα
2381 3209 2456 3281 μὴ
2479 3209 2746 3263 σϐέσωσιν
2779 3210 2840 3275 ἐξ
2887 3210 3146 3280 ἀμελείας
3172 3210 3273 3282 τὴν
3316 3211 3375 3265 ὲν
3420 3211 3606 3274 αὐτοῖς

351 3306 476 3351 rant
504 3314 667 3368 quem
700 3313 1024 3372 acceperant
1051 3303 1340 3374 Spiritum,
1375 3305 1723 3373 admonebat,
1755 3324 1823 3364 ne
1849 3325 1934 3362 ac-

348 3405 571 3445 censam
601 3391 654 3445 in
676 3393 811 3462 ipsis
839 3393 1078 3463 Spiritus
1107 3399 1336 3466 gratiam
1371 3415 1435 3452 ex
1474 3399 1800 3469 negligentia
1829 3415 1927 3453 ex-

349 3482 712 3552 stinguerent.
753 3485 906 3552 Quod
934 3487 978 3542 si
1021 3490 1370 3559 evangelista:
1416 3491 1468 3546 in
1525 3490 1836 3562 Evangeliis
1862 3491 1930 3546 de

349 3571 636 3629 Salvatore
691 3576 934 3634 humano
996 3595 1168 3645 more,
1204 3590 1426 3650 propter
1489 3598 1707 3638 carnem
1765 3586 1928 3642 abeo

345 3679 686 3739 assumptam
743 3669 857 3724 hac
908 3671 1110 3725 habent
1150 3689 1164 3725 :
1204 3693 1221 3724 ι
1268 3671 1428 3732 Jcsus
1483 3684 1664 3732 autem
1736 3679 1928 3746 plenus

346 3757 552 3828 Spiritu
603 3776 888 3832 regressus
923 3779 951 3817 a
996 3762 1232 3819 Jordanc
1264 3764 1324 3829 ‘;
1364 3785 1384 3818 ι
1407 3775 1492 3822 et:
1529 3786 1548 3818 ι
1581 3766 1736 3824 Tunc
1767 3768 1927 3828 Iesus

343 3851 544 3907 ductus
572 3862 657 3907 est
697 3854 750 3906 in
786 3853 1062 3909 desertum
1101 3872 1128 3909 a
1167 3853 1372 3925 Spiritu
1436 3860 1498 3924 ';
1541 3877 1564 3912 ι
1606 3860 1747 3915 idem
1785 3878 1924 3930 quo-

341 3957 448 4010 que
475 3958 672 3998 sensus
698 3943 789 3999 bic
814 3945 1192 4001 observandus
1239 3958 1342 4005 est.
1386 3947 1674 4019 Siquidem
1711 3953 1862 4019 prius
1894 3969 1926 4008 a

339 4032 488 4089 Luca
547 4035 755 4090 dictum
815 4036 1033 4092 fuerat:
1075 4057 1093 4090 ι
1143 4037 1369 4098 Factum
1430 4050 1514 4100 est
1557 4051 1738 4098 autem
1801 4060 1924 4101 cum

339 4123 712 4193 baptizaretur
769 4127 955 4181 omnis
1011 4128 1269 4197 populus,
1294 4138 1349 4184 et
1400 4129 1531 4186 Jesu
1578 4133 1853 4202 baptizata
1873 4146 1925 4189 et

337 4221 550 4278 orante,
586 4223 834 4284 apertum
879 4227 966 4272 est
1023 4219 1224 4276 omium
1257 4237 1268 4270 :
1299 4231 1353 4276 et
1381 4223 1661 4279 descendit
1689 4224 1925 4295 Spiritus

337 4315 568 4360 sanctus
585 4307 860 4375 corporali
887 4307 1233 4375 speciesicut
1255 4313 1510 4371 columba
1539 4315 1592 4368 in
1619 4316 1797 4385 ipsum
1841 4321 1916 4372 ⁸.»

325 4393 596 4459 Quocirca
631 4403 781 4464 patet
841 4396 1019 4466 ipsum
1057 4395 1321 4467 Spiritum
1371 4413 1645 4475 sanctum,
1681 4403 1922 4477 Spiritus

326 4483 591 4539 vocabulo
636 4485 747 4540 illic
781 4485 1105 4557 signiﬁcari.
1147 4487 1415 4550 Similiter
1458 4497 1602 4565 apud
1661 4513 1803 4567 quos
1837 4508 1922 4556 est

329 4574 568 4644 Spiritus
616 4587 862 4640 sanctus,
907 4578 1033 4635 licet
1085 4581 1203 4638 sine
1263 4584 1633 4643 additamento
1684 4589 1920 4659 Spiritus

331 4676 541 4724 tantum
561 4669 775 4753 dicatur
789 4713 805 4738 ,
823 4688 932 4727 non
952 4673 1306 4732 dubitandum
1334 4687 1514 4736 tamen
1529 4689 1614 4737 est
1634 4683 1764 4751 quin
1789 4681 1917 4753 Spi-

324 4763 461 4816 ritus
490 4744 730 4818 sanctus
746 4763 1059 4831 denotetur,
1087 4772 1446 4837 praesertim-si
1467 4773 1610 4829 adsit
1627 4744 1909 4830 articulus.

329 4869 331 4871 ί
403 4848 512 4904 Vos
566 4860 748 4906 autem
780 4852 1052 4906 ostendite
1080 4855 1224 4920 quod
1280 4857 1436 4912 vobis
1488 4857 1904 4924 proposuimus,

327 4942 370 4997 si
393 4957 588 5010 nempe
619 4943 826 4997 alicubi
857 4944 909 4998 in
935 4943 1208 5014 Scriptura
1237 4947 1420 5001 divina
1463 4947 1728 5016 Spiritum
1775 4959 1906 4998 san-

328 5042 478 5088 ctum
541 5034 832 5092 invenistis
875 5038 1251 5092 tantummodo
1313 5037 1572 5106 Spiritum
1638 5037 1900 5105 appellari

330 5125 452 5178 sine
520 5125 781 5194 prtedicto
813 5124 1189 5183 additamenta
1218 5136 1272 5183 et
1334 5128 1719 5183 observatione
1741 5126 1904 5196 cujus

326 5218 704 5274 meminimus.
731 5218 788 5273 ld
808 5227 956 5275 certe
977 5237 1256 5290 nunquam
1289 5229 1550 5291 praestare
1575 5223 1860 5290 potueritis
1885 5240 1900 5290 ;

327 5307 597 5376 siquidem
621 5325 895 5380 nunquam
922 5313 994 5366 ita
1013 5316 1276 5382 scriptum
1295 5313 1452 5370 vobis
1474 5323 1743 5370 occurret.
1767 5312 1901 5368 Nam

324 5407 379 5452 et
415 5399 585 5469 ipsius
615 5415 842 5472 quoque
862 5401 1104 5460 hominis
1129 5403 1356 5471 spiritus
1389 5403 1612 5468 dicitur,
1641 5403 1719 5458 uti
1751 5405 1903 5460 canit

331 5491 492 5544 David
525 5509 540 5558 ;
583 5510 604 5542 ι
654 5491 825 5547 Noote
852 5507 975 5546 cum
1011 5494 1179 5548 corde
1202 5508 1322 5547 meo
1367 5492 1692 5561 meditabar,
1725 5501 1780 5548 et
1808 5495 1906 5550 tri-

326 5581 426 5632 stis
460 5592 579 5637 erat
603 5585 833 5651 spiritus
867 5599 1022 5638 mens
1061 5586 1101 5636 ⁷.
1133 5605 1150 5634 ι

2009 3300 2346 3368 ἀναφθεῖσαν
2378 3301 2474 3354 τοῦ
2505 3300 2821 3372 Πνεῦματπ
2839 3301 3022 3371 χάριν.
3063 3302 3149 3354 Ἐν
3179 3301 3236 3355 δὲ
3283 3305 3396 3366 τοῖς
3427 3303 3606 3370 Εὐαγ-

2008 3388 2210 3456 γελίοις
2239 3391 2368 3460 περὶ
2393 3389 2486 3443 τοῦ
2506 3390 2758 3461 Σωτῆρος
2775 3389 3137 3463 ἀνθρωπίνως
3175 3389 3264 3444 διὰ
3290 3391 3389 3462 τὴν
3424 3393 3606 3463 σάρκα

2009 3480 2074 3552 ἢν
2109 3481 2467 3552 προσέλαϐεν,
2532 3482 2626 3534 ἐὰν
2679 3481 2911 3549 λέγωσιν
2967 3482 3018 3534 οῖ
3187 3479 3563 3552 εὐαγγελισταὶ
3587 3519 3603 3541 ,

2015 3589 2032 3623 ι
2067 3573 2276 3643 Ἰησοῦς
2303 3574 2381 3634 δὲ,
2414 3574 2628 3646 πλήρης
2659 3574 2736 3644 (6)
2772 3573 3092 3644 Πνεῦματος
3123 3571 3219 3640 ὢν,
3260 3573 3606 3644 ὑπέστρεψεν

2009 3665 2117 3718 ἀπὸ
2145 3664 2238 3718 τοῦ
2278 3665 2598 3736 Ἰορδανουοι
2635 3663 2836 3728 καὶτὸ,
2881 3683 2899 3715 ι
2926 3665 3061 3718 Τότε
3093 3667 3122 3719 ό
3160 3663 3366 3735 Ἰησοῦς
3391 3664 3606 3735 ἀνήχθη

2009 3755 2118 3808 ὑπὸ
2140 3756 2235 3810 τοῦ
2270 3755 2586 3827 Πνεύματος
2615 3758 2695 3820 εἰς
2732 3757 2832 3828 τὴν
2863 3754 3091 3828 ἐρημονο
3127 3775 3145 3806 ι
3177 3755 3271 3810 τὸν
3294 3755 3458 3810 αὑτὸν
3489 3756 3604 3826 ἔχει

2007 3847 2152 3901 νοῦν.
2187 3847 2490 3919 Προείρητο
2517 3848 2626 3920 γὰρ
2657 3847 2764 3900 ὑπὸ
2787 3847 2879 3901 τοῦ
2911 3847 3116 3900 Λουκᾶ·
3143 3864 3161 3896 ι
3199 3847 3514 3915 Ἐγένετοδὲ
3542 3849 3602 3899 ἐν

2006 3938 2083 4008 τῷ
2103 3939 2465 4010 βαπτισθῆναι
2483 3939 2815 4010 ἅπανταιτὸν
2834 3938 2984 4002 λαὸν,
3005 3939 3099 3992 καὶ
3116 3938 3289 4009 Ἰησοῦ
3309 3936 3596 4008 βαπτισθέ-

2007 4049 2150 4095 ντος,
2166 4031 2260 4084 καὶ
2301 4030 2764 4102 προσευχομένου,
2783 4030 3088 4101 ἀνεωθῆναι
3231 4028 3322 4082 τὸν
3348 4026 3594 4098 οὐρανὸν,

2009 4124 2101 4178 καὶ
2129 4123 2429 4191 καταϐῆναι
2455 4123 2518 4175 τὸ
2551 4121 2775 4193 Πνεῦμα
2811 4123 2873 4175 τὸ
2906 4121 3062 4190 ἅγιον
3113 4117 3406 4192 σωματικῷ
3442 4117 3596 4182 εῖδει,

2008 4215 2141 4270 ὡσεὶ
2275 4213 2629 4285 περιστερὰν,
2650 4216 2737 4266 ἐπ’
2763 4213 2946 4266 αὐτόν.
2985 4232 3003 4266 ι
3033 4214 3142 4266 Καὶ
3174 4211 3334 4282 δῆλον
3369 4206 3458 4282 ἦν,
3494 4210 3600 4276 ὅτι,

2008 4305 2304 4377 λεγομένου
2351 4303 2446 4358 τοῦ
2495 4303 2833 4376 Πνεῦματος,
2876 4303 2936 4357 τὸ
2970 4303 3194 4374 Πνεῦμα
3239 4301 3299 4354 τὸ
3336 4301 3491 4370 ἅγιον
3529 4295 3600 4372 ἦν

2010 4397 2433 4468 σημαινόμενον.
2472 4397 2629 4452 Οῦτω
2669 4391 2877 4467 μὲνοῦν
2901 4399 3031 4467 παρ’
3063 4389 3146 4458 οἷς
3178 4395 3297 4447 ὲστι
3331 4394 3391 4447 τὸ
3423 4391 3596 4447 Πνεῦ-

2013 4505 2091 4559 μα
2127 4488 2188 4543 τὸ
2232 4489 2386 4557 ἅγιον
2429 4488 2533 4546 κᾶν
2569 4488 2728 4559 μόνον
2783 4487 2843 4541 τὸ
2886 4486 3112 4557 Πνεῦμα
3153 4485 3381 4556 λέγηται
3427 4483 3599 4556 χωρὶς

2007 4579 2109 4651 τῆς
2135 4582 2221 4634 ἐπ’
2254 4580 2404 4651 αὐτῴ
2434 4580 2754 4651 προσθήκης
2793 4615 2810 4640 ,
2916 4579 3017 4632 οὐκ
3052 4576 3374 4649 ἀμφίϐολον,
3418 4577 3500 4658 ὅτι
3536 4573 3600 4627 τὸ
3635 4574 3637 4576 ’

2007 4673 2234 4745 Πνεῦμα
2254 4674 2315 4727 τὸ
2346 4675 2500 4741 ἅγιον
2523 4673 2866 4748 σημαίνεται,
2891 4671 3014 4743 ἔχον
3034 4671 3271 4742 μάλιστα
3299 4669 3360 4722 τὸ
3376 4667 3598 4739 ἄρθρον.

2079 4856 2252 4924 Υμεῖς
2278 4855 2333 4909 δὲ
2386 4855 2579 4912 εἴπατε
2639 4859 2701 4913 τδ
2767 4862 3042 4931 προταθὲν
3113 4863 3266 4933 ὑμῖν,
3322 4861 3374 4918 ει
3427 4861 3597 4934 εὓρή-

2007 4949 2143 5003 κατέ
2198 4965 2302 5000 που
2355 4947 2456 5016 τῆς
2487 4949 2634 5014 θείας
2688 4951 2915 5023 Γραφῆς
2953 4955 3017 5008 τὸ
3069 4940 3298 5023 Πνεῦμα
3324 4954 3386 5009 τὸ
3435 4954 3596 5021 ἅγιον

2005 5039 2300 5108 λεγόμενον
2332 5039 2520 5102 ἁπλῶς
2553 5041 2800 5112 Πνεῦμα,
2844 5045 3015 5114 χωρὶς
3042 5046 3144 5115 τῆς
3183 5046 3596 5116 προειρημένης

2004 5130 2094 5184 ἐπ’
2123 5131 2275 5199 αὐτῷ
2309 5133 2654 5204 προσθήκης,
2707 5138 2803 5190 καὶ
2838 5137 2977 5206 πλὴν
3010 5137 3108 5206 τῆς
3157 5137 3595 5207 παρατηρήσεως

2003 5216 2070 5292 ἧς
2105 5238 2169 5289 γε
2195 5225 2708 5295 ἐμνημονεύσαμεν.
2739 5226 2991 5282 ’Λλλόὑκ
3027 5225 3097 5283 ἃν
3126 5227 3354 5282 εῖποιτιο
3379 5226 3441 5279 οὐ
3482 5225 3595 5292 γὰρ

2006 5314 2269 5384 εὑρήσετε
2295 5318 2704 5387 γεγραμμένον.
2744 5318 2976 5386 Λέγεται
3005 5319 3112 5389 γὰρ
3147 5320 3243 5372 καὶ
3299 5315 3594 5386 ἀνθρώπου

2013 5409 2247 5478 πνεῦμα,
2306 5410 2381 5473 ὡς
2407 5410 2600 5479 ψάλλει
2631 5410 2818 5466 Δαϐίδ’
2853 5428 2872 5461 ι
2900 5409 3114 5472 Νυκτὸς
3156 5409 3298 5472 μετὰ
3333 5408 3432 5477 τῆς
3458 5422 3594 5476 καρ-

2008 5502 2126 5564 δίας
2171 5519 2274 5570 μου
2306 5502 2656 5572 ἡδολέσχουν,
2683 5502 2776 5554 καὶ
2799 5501 3033 5571 ἤσχαλλε
3087 5502 3146 5556 τὸ
3178 5498 3396 5570 πνεῦμά
3417 5514 3540 5569 μου.
3569 5514 3590 5550 ι

400 5754 422 5834 ξ
458 5754 612 5834 Jpau.
649 5777 772 5834 xw,
807 5763 860 5815 6.
940 5769 960 5798 ³
986 5765 1162 5824 Galat.
1193 5781 1276 5829 ιιι,
1307 5765 1359 5821 2.
1439 5766 1502 5820 ³1
1542 5766 1733 5825 Thess.
1774 5783 1827 5833 ν,
1859 5767 1923 5822 19

2020 5766 2042 5800 ⁸
2073 5766 2205 5824 Luc.
2243 5766 2396 5832 ινδ.
2474 5769 2495 5800 ⁸
2526 5764 2714 5823 Matth.
2769 5781 2845 5834 ιν,
2886 5766 2939 5823 l.
3014 5763 3192 5821 ‘Luc.
3233 5777 3318 5831 ιιι,
3357 5760 3449 5830 2t,
3497 5757 3590 5816 22.

327 5819 352 5854 ’
384 5821 527 5881 Psal.
553 5819 816 5892 Lxxvn'Y.
