  <div class='ocr_page' id='page_1' title='image "/cluster/home/n/w/nwhite01/storage/ocr_20150623/130:no.3/coo.31924054870351/357.png"; bbox 0 0 4064 6420; ppageno 0'>
   <div class='ocr_carea' id='block_1_1' title="bbox 342 298 449 363">
    <p class='ocr_par' dir='ltr' id='par_1_1' title="bbox 342 298 449 363">
     <span class='ocr_line' id='line_1_1' title="bbox 342 298 449 363; baseline 0 0"><span class='ocrx_word' id='word_1_1' title='bbox 342 298 449 363; x_wconf 80' lang='lat'><strong>695</strong></span> 
     </span>
    </p>
   </div>
   <div class='ocr_carea' id='block_1_2' title="bbox 1599 299 2382 363">
    <p class='ocr_par' dir='ltr' id='par_1_2' title="bbox 1599 299 2382 363">
     <span class='ocr_line' id='line_1_2' title="bbox 1599 299 2382 363; baseline 0 -3"><span class='ocrx_word' id='word_1_2' title='bbox 1599 301 1980 362; x_wconf 86' lang='lat' dir='ltr'><strong>EUTHYMII</strong></span> <span class='ocrx_word' id='word_1_3' title='bbox 2018 299 2382 363; x_wconf 85' lang='lat' dir='ltr'><strong>ZIGABENI</strong></span> 
     </span>
    </p>
   </div>
   <div class='ocr_carea' id='block_1_3' title="bbox 3497 303 3604 365">
    <p class='ocr_par' dir='ltr' id='par_1_3' title="bbox 3497 303 3604 365">
     <span class='ocr_line' id='line_1_3' title="bbox 3497 303 3604 365; baseline -0.009 0"><span class='ocrx_word' id='word_1_4' title='bbox 3497 303 3604 365; x_wconf 84' lang='lat'><em>696</em></span> 
     </span>
    </p>
   </div>
   <div class='ocr_carea' id='block_1_4' title="bbox 345 430 1914 509">
    <p class='ocr_par' dir='ltr' id='par_1_4' title="bbox 345 431 1914 508">
     <span class='ocr_line' id='line_1_4' title="bbox 345 431 1914 508; baseline -0.002 -19"><span class='ocrx_word' id='word_1_5' title='bbox 345 438 544 495; x_wconf 84' lang='lat' dir='ltr'><strong>Verum</strong></span> <span class='ocrx_word' id='word_1_6' title='bbox 587 436 1028 508; x_wconf 76' lang='lat' dir='ltr'><strong>quandoquidem</strong></span> <span class='ocrx_word' id='word_1_7' title='bbox 1070 433 1269 489; x_wconf 80' lang='lat' dir='ltr'><strong>factam</strong></span> <span class='ocrx_word' id='word_1_8' title='bbox 1322 431 1520 488; x_wconf 80' lang='lat' dir='ltr'><strong>ibidem</strong></span> <span class='ocrx_word' id='word_1_9' title='bbox 1575 432 1642 486; x_wconf 90' lang='lat' dir='ltr'><strong>de</strong></span> <span class='ocrx_word' id='word_1_10' title='bbox 1699 431 1914 488; x_wconf 76' lang='lat' dir='ltr'><strong>Christo</strong></span> 
     </span>
    </p>
   </div>
   <div class='ocr_carea' id='block_1_5' title="bbox 2015 430 3604 509">
    <p class='ocr_par' dir='ltr' id='par_1_5' title="bbox 2017 430 3604 509">
     <span class='ocr_line' id='line_1_5' title="bbox 2017 430 3604 509; baseline -0.003 -17"><span class='ocrx_word' id='word_1_11' title='bbox 2017 437 2248 509; x_wconf 86' lang='grc' dir='ltr'>γομένου</span> <span class='ocrx_word' id='word_1_12' title='bbox 2289 432 2572 500; x_wconf 77' lang='grc' dir='ltr'>κτίζεσθαι</span> <span class='ocrx_word' id='word_1_13' title='bbox 2623 431 2937 504; x_wconf 86' lang='grc' dir='ltr'>πνεύματος</span> <span class='ocrx_word' id='word_1_14' title='bbox 2963 430 3302 504; x_wconf 71' lang='grc' dir='ltr'><strong>οἰκειοτέραν</strong></span> <span class='ocrx_word' id='word_1_15' title='bbox 3353 431 3604 504; x_wconf 75' lang='grc' dir='ltr'><strong>εὕρωμεν</strong></span> 
     </span>
    </p>
   </div>
   <div class='ocr_carea' id='block_1_6' title="bbox 342 523 1914 599">
    <p class='ocr_par' dir='ltr' id='par_1_6' title="bbox 342 523 1914 599">
     <span class='ocr_line' id='line_1_6' title="bbox 342 523 1914 599; baseline -0.004 -14"><span class='ocrx_word' id='word_1_16' title='bbox 342 530 678 585; x_wconf 73' lang='lat' dir='ltr'><strong>mentionem</strong></span> <span class='ocrx_word' id='word_1_17' title='bbox 709 529 972 599; x_wconf 89' lang='lat' dir='ltr'><strong>objicitis,</strong></span> <span class='ocrx_word' id='word_1_18' title='bbox 1011 536 1266 582; x_wconf 76' lang='lat' dir='ltr'><strong>accurate</strong></span> <span class='ocrx_word' id='word_1_19' title='bbox 1308 541 1396 580; x_wconf 90' lang='lat' dir='ltr'><strong>res</strong></span> <span class='ocrx_word' id='word_1_20' title='bbox 1425 533 1509 580; x_wconf 90' lang='lat' dir='ltr'><strong>est</strong></span> <span class='ocrx_word' id='word_1_21' title='bbox 1544 523 1704 579; x_wconf 90' lang='lat' dir='ltr'><strong>nobis</strong></span> <span class='ocrx_word' id='word_1_22' title='bbox 1740 525 1914 595; x_wconf 77' lang='lat' dir='ltr'><strong>expli-</strong></span> 
     </span>
    </p>
   </div>
   <div class='ocr_carea' id='block_1_7' title="bbox 342 617 1915 689">
    <p class='ocr_par' dir='ltr' id='par_1_7' title="bbox 342 617 1915 689">
     <span class='ocr_line' id='line_1_7' title="bbox 342 617 1915 689; baseline -0.003 -12"><span class='ocrx_word' id='word_1_23' title='bbox 342 622 541 687; x_wconf 84' lang='lat' dir='ltr'><strong>canda,</strong></span> <span class='ocrx_word' id='word_1_24' title='bbox 575 621 622 676; x_wconf 88' lang='lat' dir='ltr'><strong>si</strong></span> <span class='ocrx_word' id='word_1_25' title='bbox 671 618 810 674; x_wconf 80' lang='lat' dir='ltr'><strong>forte</strong></span> <span class='ocrx_word' id='word_1_26' title='bbox 853 619 981 689; x_wconf 91' lang='lat' dir='ltr'><strong>quid</strong></span> <span class='ocrx_word' id='word_1_27' title='bbox 1037 617 1232 671; x_wconf 86' lang='lat' dir='ltr'><strong>melius</strong></span> <span class='ocrx_word' id='word_1_28' title='bbox 1279 617 1345 670; x_wconf 90' lang='lat' dir='ltr'><strong>de</strong></span> <span class='ocrx_word' id='word_1_29' title='bbox 1396 617 1501 672; x_wconf 90' lang='lat' dir='ltr'><strong>isto</strong></span> <span class='ocrx_word' id='word_1_30' title='bbox 1544 618 1763 686; x_wconf 78' lang='lat' dir='ltr'><strong>spiritu,</strong></span> <span class='ocrx_word' id='word_1_31' title='bbox 1818 619 1915 688; x_wconf 87' lang='lat' dir='ltr'><strong>qui</strong></span> 
     </span>
    </p>
   </div>
   <div class='ocr_carea' id='block_1_8' title="bbox 343 706 1920 779">
    <p class='ocr_par' dir='ltr' id='par_1_8' title="bbox 343 706 1920 779">
     <span class='ocr_line' id='line_1_8' title="bbox 343 706 1920 779; baseline 0.001 -17"><span class='ocrx_word' id='word_1_32' title='bbox 343 711 522 764; x_wconf 88' lang='lat' dir='ltr'><strong>creari</strong></span> <span class='ocrx_word' id='word_1_33' title='bbox 563 708 784 772; x_wconf 89' lang='lat' dir='ltr'><strong>dicitur,</strong></span> <span class='ocrx_word' id='word_1_34' title='bbox 816 707 1102 761; x_wconf 80' lang='lat' dir='ltr'><strong>ostendere</strong></span> <span class='ocrx_word' id='word_1_35' title='bbox 1135 706 1433 775; x_wconf 84' lang='lat' dir='ltr'><strong>possimus.</strong></span> <span class='ocrx_word' id='word_1_36' title='bbox 1465 707 1607 772; x_wconf 95' lang='lat' dir='ltr'><strong>Quid</strong></span> <span class='ocrx_word' id='word_1_37' title='bbox 1626 719 1710 762; x_wconf 90' lang='lat' dir='ltr'><strong>est</strong></span> <span class='ocrx_word' id='word_1_38' title='bbox 1753 709 1920 779; x_wconf 83' lang='lat' dir='ltr'><strong>igitur</strong></span> 
     </span>
    </p>
   </div>
   <div class='ocr_carea' id='block_1_9' title="bbox 343 797 1918 871">
    <p class='ocr_par' dir='ltr' id='par_1_9' title="bbox 343 797 1918 871">
     <span class='ocr_line' id='line_1_9' title="bbox 343 797 1918 871; baseline -0.004 -17"><span class='ocrx_word' id='word_1_39' title='bbox 343 799 671 854; x_wconf 85' lang='lat' dir='ltr'><strong>annuntiare</strong></span> <span class='ocrx_word' id='word_1_40' title='bbox 712 797 852 866; x_wconf 80' lang='lat' dir='ltr'><strong>inter</strong></span> <span class='ocrx_word' id='word_1_41' title='bbox 899 797 1151 852; x_wconf 85' lang='lat' dir='ltr'><strong>homines</strong></span> <span class='ocrx_word' id='word_1_42' title='bbox 1185 797 1466 852; x_wconf 85' lang='lat' dir='ltr'><strong>Christum</strong></span> <span class='ocrx_word' id='word_1_43' title='bbox 1517 798 1642 868; x_wconf 85' lang='lat' dir='ltr'><strong>ejus</strong></span> <span class='ocrx_word' id='word_1_44' title='bbox 1682 804 1722 866; x_wconf 77' lang='grc' dir='ltr'>ι,</span> <span class='ocrx_word' id='word_1_45' title='bbox 1753 818 1918 871; x_wconf 82' lang='lat' dir='ltr'><strong>quam</strong></span> 
     </span>
    </p>
   </div>
   <div class='ocr_carea' id='block_1_10' title="bbox 343 886 1921 958">
    <p class='ocr_par' dir='ltr' id='par_1_10' title="bbox 343 886 1921 958">
     <span class='ocr_line' id='line_1_10' title="bbox 343 886 1921 958; baseline 0.004 -16"><span class='ocrx_word' id='word_1_46' title='bbox 343 890 520 958; x_wconf 85' lang='lat' dir='ltr'><strong>ipsum</strong></span> <span class='ocrx_word' id='word_1_47' title='bbox 547 887 820 942; x_wconf 86' lang='lat' dir='ltr'><strong>hominem</strong></span> <span class='ocrx_word' id='word_1_48' title='bbox 849 886 988 948; x_wconf 83' lang='lat' dir='ltr'><strong>ﬁeri,</strong></span> <span class='ocrx_word' id='word_1_49' title='bbox 1025 886 1276 956; x_wconf 87' lang='lat' dir='ltr'><strong>idemque</strong></span> <span class='ocrx_word' id='word_1_50' title='bbox 1310 903 1434 942; x_wconf 91' lang='lat' dir='ltr'><strong>esse</strong></span> <span class='ocrx_word' id='word_1_51' title='bbox 1457 903 1521 943; x_wconf 84' lang='lat' dir='ltr'><strong>ac</strong></span> <span class='ocrx_word' id='word_1_52' title='bbox 1549 889 1710 944; x_wconf 79' lang='lat' dir='ltr'><strong>illud:</strong></span> <span class='ocrx_word' id='word_1_53' title='bbox 1739 910 1756 941; x_wconf 75' lang='grc' dir='ltr'><strong>ι</strong></span> <span class='ocrx_word' id='word_1_54' title='bbox 1783 891 1921 948; x_wconf 81' lang='lat' dir='ltr'><strong>Ecce</strong></span> 
     </span>
    </p>
   </div>
   <div class='ocr_carea' id='block_1_11' title="bbox 342 979 1920 1049">
    <p class='ocr_par' dir='ltr' id='par_1_11' title="bbox 342 979 1920 1049">
     <span class='ocr_line' id='line_1_11' title="bbox 342 979 1920 1049; baseline 0.003 -16"><span class='ocrx_word' id='word_1_55' title='bbox 342 980 496 1049; x_wconf 73' lang='lat' dir='ltr'><strong>virgo</strong></span> <span class='ocrx_word' id='word_1_56' title='bbox 531 980 584 1033; x_wconf 93' lang='lat' dir='ltr'><strong>in</strong></span> <span class='ocrx_word' id='word_1_57' title='bbox 621 988 774 1033; x_wconf 83' lang='lat' dir='ltr'><strong>utero</strong></span> <span class='ocrx_word' id='word_1_58' title='bbox 816 979 1060 1046; x_wconf 81' lang='lat' dir='ltr'><strong>habebit,</strong></span> <span class='ocrx_word' id='word_1_59' title='bbox 1102 987 1158 1034; x_wconf 91' lang='lat' dir='ltr'><strong>et</strong></span> <span class='ocrx_word' id='word_1_60' title='bbox 1208 979 1386 1049; x_wconf 86' lang='lat' dir='ltr'><strong>pariet</strong></span> <span class='ocrx_word' id='word_1_61' title='bbox 1439 980 1712 1048; x_wconf 80' lang='lat' dir='ltr'><strong>lilium,_.et</strong></span> <span class='ocrx_word' id='word_1_62' title='bbox 1757 998 1920 1038; x_wconf 88' lang='lat' dir='ltr'><strong>voca-</strong></span> 
     </span>
    </p>
   </div>
   <div class='ocr_carea' id='block_1_12' title="bbox 342 1069 1919 1143">
    <p class='ocr_par' dir='ltr' id='par_1_12' title="bbox 342 1069 1919 1143">
     <span class='ocr_line' id='line_1_12' title="bbox 342 1069 1919 1143; baseline 0.003 -18"><span class='ocrx_word' id='word_1_63' title='bbox 342 1071 480 1125; x_wconf 89' lang='lat' dir='ltr'><strong>bunt</strong></span> <span class='ocrx_word' id='word_1_64' title='bbox 504 1084 701 1124; x_wconf 85' lang='lat' dir='ltr'><strong>nomen</strong></span> <span class='ocrx_word' id='word_1_65' title='bbox 727 1069 846 1139; x_wconf 83' lang='lat' dir='ltr'><strong>ejus</strong></span> <span class='ocrx_word' id='word_1_66' title='bbox 879 1069 1201 1124; x_wconf 81' lang='lat' dir='ltr'><strong>Emmanuel</strong></span> <span class='ocrx_word' id='word_1_67' title='bbox 1251 1070 1297 1137; x_wconf 84' lang='lat'><strong>&#39;,</strong></span> <span class='ocrx_word' id='word_1_68' title='bbox 1321 1089 1338 1121; x_wconf 76' lang='grc' dir='ltr'><strong>ι</strong></span> <span class='ocrx_word' id='word_1_69' title='bbox 1364 1078 1417 1124; x_wconf 91' lang='lat' dir='ltr'><strong>et</strong></span> <span class='ocrx_word' id='word_1_70' title='bbox 1446 1072 1550 1125; x_wconf 83' lang='lat' dir='ltr'><strong>alia</strong></span> <span class='ocrx_word' id='word_1_71' title='bbox 1571 1086 1690 1141; x_wconf 79' lang='lat' dir='ltr'><strong>qua!</strong></span> <span class='ocrx_word' id='word_1_72' title='bbox 1713 1074 1780 1129; x_wconf 82' lang='lat' dir='ltr'><strong>de</strong></span> <span class='ocrx_word' id='word_1_73' title='bbox 1800 1073 1919 1143; x_wconf 85' lang='lat' dir='ltr'><strong>ejus</strong></span> 
     </span>
    </p>
   </div>
   <div class='ocr_carea' id='block_1_13' title="bbox 343 1146 1916 1230">
    <p class='ocr_par' dir='ltr' id='par_1_13' title="bbox 343 1146 1916 1230">
     <span class='ocr_line' id='line_1_13' title="bbox 343 1146 1916 1230; baseline 0.002 -17"><span class='ocrx_word' id='word_1_74' title='bbox 343 1162 577 1214; x_wconf 86' lang='lat' dir='ltr'><strong>adventu</strong></span> <span class='ocrx_word' id='word_1_75' title='bbox 609 1159 811 1228; x_wconf 84' lang='lat' dir='ltr'><strong>scripta</strong></span> <span class='ocrx_word' id='word_1_76' title='bbox 841 1161 999 1215; x_wconf 81' lang='lat' dir='ltr'><strong>sunt?</strong></span> <span class='ocrx_word' id='word_1_77' title='bbox 1030 1160 1168 1214; x_wconf 85' lang='lat' dir='ltr'><strong>Cum</strong></span> <span class='ocrx_word' id='word_1_78' title='bbox 1203 1161 1368 1230; x_wconf 76' lang='lat' dir='ltr'><strong>igitur</strong></span> <span class='ocrx_word' id='word_1_79' title='bbox 1410 1176 1476 1214; x_wconf 88' lang='lat' dir='ltr'><strong>eo</strong></span> <span class='ocrx_word' id='word_1_80' title='bbox 1511 1162 1614 1216; x_wconf 87' lang='lat' dir='ltr'><strong>loci</strong></span> <span class='ocrx_word' id='word_1_81' title='bbox 1653 1146 1817 1217; x_wconf 77' lang='lat' dir='ltr'><strong>Verbi</strong></span> <span class='ocrx_word' id='word_1_82' title='bbox 1862 1163 1916 1216; x_wconf 89' lang='lat' dir='ltr'><strong>in</strong></span> 
     </span>
    </p>
   </div>
   <div class='ocr_carea' id='block_1_14' title="bbox 342 1252 1916 1326">
    <p class='ocr_par' dir='ltr' id='par_1_14' title="bbox 342 1252 1916 1326">
     <span class='ocr_line' id='line_1_14' title="bbox 342 1252 1916 1326; baseline 0.003 -21"><span class='ocrx_word' id='word_1_83' title='bbox 342 1267 563 1306; x_wconf 86' lang='lat' dir='ltr'><strong>carnem</strong></span> <span class='ocrx_word' id='word_1_84' title='bbox 587 1252 851 1306; x_wconf 84' lang='lat' dir='ltr'><strong>adventus</strong></span> <span class='ocrx_word' id='word_1_85' title='bbox 884 1252 1259 1318; x_wconf 86' lang='lat' dir='ltr'><strong>annuntietur,</strong></span> <span class='ocrx_word' id='word_1_86' title='bbox 1287 1253 1501 1322; x_wconf 86' lang='lat' dir='ltr'><strong>qualem</strong></span> <span class='ocrx_word' id='word_1_87' title='bbox 1526 1263 1765 1326; x_wconf 86' lang='lat' dir='ltr'><strong>creatum</strong></span> <span class='ocrx_word' id='word_1_88' title='bbox 1802 1256 1916 1324; x_wconf 92' lang='lat' dir='ltr'><strong>spi-</strong></span> 
     </span>
    </p>
   </div>
   <div class='ocr_carea' id='block_1_15' title="bbox 343 1342 1890 1413">
    <p class='ocr_par' dir='ltr' id='par_1_15' title="bbox 343 1342 1890 1413">
     <span class='ocr_line' id='line_1_15' title="bbox 343 1342 1890 1413; baseline 0.001 -18"><span class='ocrx_word' id='word_1_89' title='bbox 343 1342 507 1396; x_wconf 91' lang='lat' dir='ltr'><strong>ritum</strong></span> <span class='ocrx_word' id='word_1_90' title='bbox 543 1343 843 1413; x_wconf 80' lang='lat' dir='ltr'><strong>intelligere</strong></span> <span class='ocrx_word' id='word_1_91' title='bbox 877 1342 1159 1407; x_wconf 85' lang='lat' dir='ltr'><strong>debemus,</strong></span> <span class='ocrx_word' id='word_1_92' title='bbox 1187 1352 1384 1410; x_wconf 63' lang='lat' dir='ltr'><strong>praeter</strong></span> <span class='ocrx_word' id='word_1_93' title='bbox 1433 1343 1713 1397; x_wconf 86' lang='lat' dir='ltr'><strong>hominum</strong></span> <span class='ocrx_word' id='word_1_94' title='bbox 1748 1345 1890 1412; x_wconf 86' lang='lat' dir='ltr'><strong>spiri</strong></span> 
     </span>
    </p>
   </div>
   <div class='ocr_carea' id='block_1_16' title="bbox 346 1432 1918 1500">
    <p class='ocr_par' dir='ltr' id='par_1_16' title="bbox 346 1432 1918 1500">
     <span class='ocr_line' id='line_1_16' title="bbox 346 1432 1918 1500; baseline 0.004 -18"><span class='ocrx_word' id='word_1_95' title='bbox 346 1433 574 1500; x_wconf 82' lang='lat' dir='ltr'><strong>tumqui</strong></span> <span class='ocrx_word' id='word_1_96' title='bbox 610 1432 846 1484; x_wconf 79' lang='lat' dir='ltr'><strong>el‘licitur</strong></span> <span class='ocrx_word' id='word_1_97' title='bbox 875 1440 926 1484; x_wconf 90' lang='lat' dir='ltr'><strong>et</strong></span> <span class='ocrx_word' id='word_1_98' title='bbox 947 1441 1260 1495; x_wconf 78' lang='lat' dir='ltr'><strong>renovatur,</strong></span> <span class='ocrx_word' id='word_1_99' title='bbox 1281 1432 1741 1500; x_wconf 86' lang='lat' dir='ltr'><strong>quemadmodum</strong></span> <span class='ocrx_word' id='word_1_100' title='bbox 1779 1433 1918 1488; x_wconf 78' lang='lat' dir='ltr'><strong>Deus</strong></span> 
     </span>
    </p>
   </div>
   <div class='ocr_carea' id='block_1_17' title="bbox 346 1524 1924 1596">
    <p class='ocr_par' dir='ltr' id='par_1_17' title="bbox 346 1524 1924 1596">
     <span class='ocr_line' id='line_1_17' title="bbox 346 1524 1924 1596; baseline -0.001 -17"><span class='ocrx_word' id='word_1_101' title='bbox 346 1543 439 1596; x_wconf 78' lang='lat' dir='ltr'><strong>per</strong></span> <span class='ocrx_word' id='word_1_102' title='bbox 467 1526 806 1583; x_wconf 87' lang='lat' dir='ltr'><strong>Ezechielem</strong></span> <span class='ocrx_word' id='word_1_103' title='bbox 851 1528 1128 1596; x_wconf 89' lang='lat' dir='ltr'><strong>pollicitus</strong></span> <span class='ocrx_word' id='word_1_104' title='bbox 1161 1536 1267 1594; x_wconf 91' lang='lat' dir='ltr'><strong>est,</strong></span> <span class='ocrx_word' id='word_1_105' title='bbox 1321 1526 1510 1581; x_wconf 83' lang='lat' dir='ltr'><strong>dicens</strong></span> <span class='ocrx_word' id='word_1_106' title='bbox 1553 1544 1564 1578; x_wconf 91' lang='lat'>:</span> <span class='ocrx_word' id='word_1_107' title='bbox 1601 1544 1619 1576; x_wconf 79' lang='grc' dir='ltr'><strong>ι</strong></span> <span class='ocrx_word' id='word_1_108' title='bbox 1668 1524 1732 1577; x_wconf 88' lang='lat' dir='ltr'><strong>Et</strong></span> <span class='ocrx_word' id='word_1_109' title='bbox 1783 1524 1924 1577; x_wconf 88' lang='lat' dir='ltr'><strong>dabo</strong></span> 
     </span>
    </p>
   </div>
   <div class='ocr_carea' id='block_1_18' title="bbox 344 1615 1920 1687">
    <p class='ocr_par' dir='ltr' id='par_1_18' title="bbox 344 1615 1920 1687">
     <span class='ocr_line' id='line_1_18' title="bbox 344 1615 1920 1687; baseline -0.001 -18"><span class='ocrx_word' id='word_1_110' title='bbox 344 1618 504 1672; x_wconf 80' lang='lat' dir='ltr'><strong>vobis</strong></span> <span class='ocrx_word' id='word_1_111' title='bbox 531 1633 629 1672; x_wconf 88' lang='lat' dir='ltr'><strong>cor</strong></span> <span class='ocrx_word' id='word_1_112' title='bbox 679 1633 914 1684; x_wconf 89' lang='lat' dir='ltr'><strong>novum,</strong></span> <span class='ocrx_word' id='word_1_113' title='bbox 946 1627 1002 1672; x_wconf 92' lang='lat' dir='ltr'><strong>et</strong></span> <span class='ocrx_word' id='word_1_114' title='bbox 1033 1618 1286 1687; x_wconf 86' lang='lat' dir='ltr'><strong>spiritum</strong></span> <span class='ocrx_word' id='word_1_115' title='bbox 1312 1633 1515 1672; x_wconf 79' lang='lat' dir='ltr'><strong>norum</strong></span> <span class='ocrx_word' id='word_1_116' title='bbox 1549 1616 1692 1670; x_wconf 90' lang='lat' dir='ltr'><strong>dabo</strong></span> <span class='ocrx_word' id='word_1_117' title='bbox 1725 1615 1877 1670; x_wconf 88' lang='lat' dir='ltr'><strong>vobis</strong></span> <span class='ocrx_word' id='word_1_118' title='bbox 1905 1629 1920 1668; x_wconf 74' lang='grc' dir='ltr'>ς</span> 
     </span>
    </p>
   </div>
   <div class='ocr_carea' id='block_1_19' title="bbox 2015 527 3606 602">
    <p class='ocr_par' dir='ltr' id='par_1_19' title="bbox 2015 527 3606 602">
     <span class='ocr_line' id='line_1_19' title="bbox 2015 527 3606 602; baseline -0.003 -17"><span class='ocrx_word' id='word_1_119' title='bbox 2015 533 2116 602; x_wconf 79' lang='grc' dir='ltr'>τὴν</span> <span class='ocrx_word' id='word_1_120' title='bbox 2147 530 2407 585; x_wconf 84' lang='grc' dir='ltr'>διάνοιαν.</span> <span class='ocrx_word' id='word_1_121' title='bbox 2445 529 2510 581; x_wconf 92' lang='grc' dir='ltr'>Τί</span> <span class='ocrx_word' id='word_1_122' title='bbox 2533 527 2714 582; x_wconf 89' lang='grc' dir='ltr'>τοίνυν</span> <span class='ocrx_word' id='word_1_123' title='bbox 2739 528 2858 581; x_wconf 73' lang='grc' dir='ltr'>ἐστὶ</span> <span class='ocrx_word' id='word_1_124' title='bbox 2882 527 2942 581; x_wconf 90' lang='lat' dir='ltr'><strong>rb</strong></span> <span class='ocrx_word' id='word_1_125' title='bbox 2976 527 3341 595; x_wconf 79' lang='grc' dir='ltr'><strong>ἀπαγγέλλειν</strong></span> <span class='ocrx_word' id='word_1_126' title='bbox 3389 528 3468 590; x_wconf 83' lang='grc' dir='ltr'><strong>είς</strong></span> <span class='ocrx_word' id='word_1_127' title='bbox 3510 529 3606 581; x_wconf 86' lang='grc' dir='ltr'>ἀν-</span> 
     </span>
    </p>
   </div>
   <div class='ocr_carea' id='block_1_20' title="bbox 2019 614 3608 692">
    <p class='ocr_par' dir='ltr' id='par_1_20' title="bbox 2019 614 3608 692">
     <span class='ocr_line' id='line_1_20' title="bbox 2019 614 3608 692; baseline -0.002 -19"><span class='ocrx_word' id='word_1_128' title='bbox 2019 618 2268 692; x_wconf 87' lang='grc' dir='ltr'>θρώπους</span> <span class='ocrx_word' id='word_1_129' title='bbox 2291 618 2383 672; x_wconf 84' lang='grc' dir='ltr'>τὸν</span> <span class='ocrx_word' id='word_1_130' title='bbox 2415 617 2650 688; x_wconf 85' lang='grc' dir='ltr'>Χριστὸν</span> <span class='ocrx_word' id='word_1_131' title='bbox 2681 615 2872 681; x_wconf 77' lang='grc' dir='ltr'>αὑτοῦ,</span> <span class='ocrx_word' id='word_1_132' title='bbox 2899 616 2932 688; x_wconf 85' lang='grc' dir='ltr'>ἦ</span> <span class='ocrx_word' id='word_1_133' title='bbox 2964 616 3028 670; x_wconf 94' lang='lat' dir='ltr'><strong>rb</strong></span> <span class='ocrx_word' id='word_1_134' title='bbox 3057 614 3304 685; x_wconf 80' lang='grc' dir='ltr'>γίνεσθαι</span> <span class='ocrx_word' id='word_1_135' title='bbox 3336 615 3498 669; x_wconf 83' lang='grc' dir='ltr'>αὐτὸν</span> <span class='ocrx_word' id='word_1_136' title='bbox 3518 616 3608 670; x_wconf 67' lang='grc' dir='ltr'><strong>ἄν·</strong></span> 
     </span>
    </p>
   </div>
   <div class='ocr_carea' id='block_1_21' title="bbox 2020 703 3605 782">
    <p class='ocr_par' dir='ltr' id='par_1_21' title="bbox 2020 703 3605 782">
     <span class='ocr_line' id='line_1_21' title="bbox 2020 703 3605 782; baseline -0.001 -18"><span class='ocrx_word' id='word_1_137' title='bbox 2020 712 2260 782; x_wconf 87' lang='grc' dir='ltr'>θρωπον,</span> <span class='ocrx_word' id='word_1_138' title='bbox 2295 709 2392 764; x_wconf 72' lang='grc' dir='ltr'><strong>καὶ</strong></span> <span class='ocrx_word' id='word_1_139' title='bbox 2424 709 2535 762; x_wconf 78' lang='grc' dir='ltr'>ἴσον</span> <span class='ocrx_word' id='word_1_140' title='bbox 2561 703 2698 761; x_wconf 76' lang='grc' dir='ltr'>εἶναι</span> <span class='ocrx_word' id='word_1_141' title='bbox 2726 709 2886 762; x_wconf 86' lang='grc' dir='ltr'>τοῦτο</span> <span class='ocrx_word' id='word_1_142' title='bbox 2903 708 2984 780; x_wconf 86' lang='grc' dir='ltr'><strong>τῷ</strong></span> <span class='ocrx_word' id='word_1_143' title='bbox 3164 708 3360 778; x_wconf 81' lang='grc' dir='ltr'>φάναι’</span> <span class='ocrx_word' id='word_1_144' title='bbox 3405 725 3425 759; x_wconf 73' lang='grc' dir='ltr'><strong>ι</strong></span> <span class='ocrx_word' id='word_1_145' title='bbox 3471 707 3605 762; x_wconf 73' lang='grc' dir='ltr'>Ἰδοὺ</span> 
     </span>
    </p>
   </div>
   <div class='ocr_carea' id='block_1_22' title="bbox 2024 795 3607 868">
    <p class='ocr_par' dir='ltr' id='par_1_22' title="bbox 2024 795 3607 868">
     <span class='ocr_line' id='line_1_22' title="bbox 2024 795 3607 868; baseline -0.001 -18"><span class='ocrx_word' id='word_1_146' title='bbox 2024 800 2058 868; x_wconf 82' lang='grc' dir='ltr'><strong>ἡ</strong></span> <span class='ocrx_word' id='word_1_147' title='bbox 2093 796 2358 868; x_wconf 82' lang='grc' dir='ltr'><strong>παρθένος</strong></span> <span class='ocrx_word' id='word_1_148' title='bbox 2401 798 2458 849; x_wconf 84' lang='grc' dir='ltr'><strong>ἐν</strong></span> <span class='ocrx_word' id='word_1_149' title='bbox 2490 796 2690 867; x_wconf 79' lang='grc' dir='ltr'>γαστρὶ</span> <span class='ocrx_word' id='word_1_150' title='bbox 2735 795 2882 862; x_wconf 82' lang='grc' dir='ltr'>ἐξει,</span> <span class='ocrx_word' id='word_1_151' title='bbox 2919 797 3014 851; x_wconf 79' lang='grc' dir='ltr'>καὶ</span> <span class='ocrx_word' id='word_1_152' title='bbox 3047 796 3264 862; x_wconf 79' lang='grc' dir='ltr'>τέξεται</span> <span class='ocrx_word' id='word_1_153' title='bbox 3308 797 3422 850; x_wconf 81' lang='grc' dir='ltr'>υἱόν</span> <span class='ocrx_word' id='word_1_154' title='bbox 3444 812 3458 827; x_wconf 88' lang='grc'><strong>·</strong></span> <span class='ocrx_word' id='word_1_155' title='bbox 3509 797 3607 852; x_wconf 59' lang='grc' dir='ltr'><strong>καλ</strong></span> 
     </span>
    </p>
   </div>
   <div class='ocr_carea' id='block_1_23' title="bbox 2024 888 3602 960">
    <p class='ocr_par' dir='ltr' id='par_1_23' title="bbox 2024 888 3602 960">
     <span class='ocr_line' id='line_1_23' title="bbox 2024 888 3602 960; baseline 0 -16"><span class='ocrx_word' id='word_1_156' title='bbox 2024 890 2314 944; x_wconf 84' lang='grc' dir='ltr'>καλέσουσι</span> <span class='ocrx_word' id='word_1_157' title='bbox 2337 890 2398 942; x_wconf 92' lang='lat' dir='ltr'><strong>rb</strong></span> <span class='ocrx_word' id='word_1_158' title='bbox 2422 889 2592 960; x_wconf 75' lang='grc' dir='ltr'>ὄνομα</span> <span class='ocrx_word' id='word_1_159' title='bbox 2611 888 2775 942; x_wconf 85' lang='grc' dir='ltr'>αὑτοῦ</span> <span class='ocrx_word' id='word_1_160' title='bbox 2808 889 3156 960; x_wconf 83' lang='grc' dir='ltr'><strong>Ἐμμανουήλ</strong></span> <span class='ocrx_word' id='word_1_161' title='bbox 3173 907 3188 921; x_wconf 87' lang='grc'><strong>·</strong></span> <span class='ocrx_word' id='word_1_162' title='bbox 3203 908 3222 942; x_wconf 72' lang='grc' dir='ltr'><strong>ι</strong></span> <span class='ocrx_word' id='word_1_163' title='bbox 3243 888 3426 942; x_wconf 76' lang='grc' dir='ltr'>καὶτὰ</span> <span class='ocrx_word' id='word_1_164' title='bbox 3446 889 3602 952; x_wconf 77' lang='grc' dir='ltr'>ἀλλα,</span> 
     </span>
    </p>
   </div>
   <div class='ocr_carea' id='block_1_24' title="bbox 2022 981 3607 1056">
    <p class='ocr_par' dir='ltr' id='par_1_24' title="bbox 2022 981 3607 1056">
     <span class='ocr_line' id='line_1_24' title="bbox 2022 981 3607 1056; baseline -0.002 -18"><span class='ocrx_word' id='word_1_165' title='bbox 2022 985 2122 1038; x_wconf 83' lang='grc' dir='ltr'>ὅσα</span> <span class='ocrx_word' id='word_1_166' title='bbox 2156 985 2286 1056; x_wconf 79' lang='grc' dir='ltr'>περὶ</span> <span class='ocrx_word' id='word_1_167' title='bbox 2324 984 2422 1054; x_wconf 82' lang='grc' dir='ltr'><strong>τῆς</strong></span> <span class='ocrx_word' id='word_1_168' title='bbox 2468 982 2763 1054; x_wconf 76' lang='grc' dir='ltr'><strong>ἐπιδημίας</strong></span> <span class='ocrx_word' id='word_1_169' title='bbox 2803 982 2971 1037; x_wconf 82' lang='grc' dir='ltr'>αὐτοῦ</span> <span class='ocrx_word' id='word_1_170' title='bbox 3000 983 3342 1054; x_wconf 82' lang='grc' dir='ltr'>γέγραπται;</span> <span class='ocrx_word' id='word_1_171' title='bbox 3401 981 3502 1053; x_wconf 84' lang='grc' dir='ltr'>τῆς</span> <span class='ocrx_word' id='word_1_172' title='bbox 3543 981 3607 1036; x_wconf 70' lang='grc' dir='ltr'>δὲ</span> 
     </span>
    </p>
   </div>
   <div class='ocr_carea' id='block_1_25' title="bbox 2022 1072 3600 1146">
    <p class='ocr_par' dir='ltr' id='par_1_25' title="bbox 2022 1072 3600 1146">
     <span class='ocr_line' id='line_1_25' title="bbox 2022 1072 3600 1146; baseline -0.001 -18"><span class='ocrx_word' id='word_1_173' title='bbox 2022 1074 2286 1146; x_wconf 81' lang='grc' dir='ltr'>ἐνσάρκου</span> <span class='ocrx_word' id='word_1_174' title='bbox 2311 1072 2612 1144; x_wconf 82' lang='grc' dir='ltr'><strong>παρουσίας</strong></span> <span class='ocrx_word' id='word_1_175' title='bbox 2636 1072 3123 1143; x_wconf 86' lang='grc' dir='ltr'>ἁπαγγελλομένης</span> <span class='ocrx_word' id='word_1_176' title='bbox 3141 1073 3269 1144; x_wconf 81' lang='grc' dir='ltr'>περὶ</span> <span class='ocrx_word' id='word_1_177' title='bbox 3286 1072 3382 1126; x_wconf 88' lang='grc' dir='ltr'><strong>τοῦ</strong></span> <span class='ocrx_word' id='word_1_178' title='bbox 3404 1073 3600 1141; x_wconf 80' lang='grc' dir='ltr'>Λόγου,</span> 
     </span>
    </p>
   </div>
   <div class='ocr_carea' id='block_1_26' title="bbox 2023 1163 3608 1237">
    <p class='ocr_par' dir='ltr' id='par_1_26' title="bbox 2023 1163 3608 1237">
     <span class='ocr_line' id='line_1_26' title="bbox 2023 1163 3608 1237; baseline -0.003 -17"><span class='ocrx_word' id='word_1_179' title='bbox 2023 1169 2175 1220; x_wconf 86' lang='grc' dir='ltr'>ποῖον</span> <span class='ocrx_word' id='word_1_180' title='bbox 2205 1165 2312 1237; x_wconf 85' lang='grc' dir='ltr'>χρὴ</span> <span class='ocrx_word' id='word_1_181' title='bbox 2356 1164 2576 1236; x_wconf 85' lang='grc' dir='ltr'>πνεῦμα</span> <span class='ocrx_word' id='word_1_182' title='bbox 2613 1165 2933 1235; x_wconf 81' lang='grc' dir='ltr'>κτιζόμενον</span> <span class='ocrx_word' id='word_1_183' title='bbox 2967 1168 3139 1227; x_wconf 85' lang='grc' dir='ltr'>νοεῖν,</span> <span class='ocrx_word' id='word_1_184' title='bbox 3170 1167 3220 1218; x_wconf 77' lang='grc' dir='ltr'><strong>εί</strong></span> <span class='ocrx_word' id='word_1_185' title='bbox 3265 1166 3340 1236; x_wconf 80' lang='grc' dir='ltr'>μὴ</span> <span class='ocrx_word' id='word_1_186' title='bbox 3547 1163 3608 1216; x_wconf 83' lang='grc' dir='ltr'>τὸ</span> 
     </span>
    </p>
   </div>
   <div class='ocr_carea' id='block_1_27' title="bbox 2023 1255 3607 1328">
    <p class='ocr_par' dir='ltr' id='par_1_27' title="bbox 2023 1255 3607 1328">
     <span class='ocr_line' id='line_1_27' title="bbox 2023 1255 3607 1328; baseline -0.001 -18"><span class='ocrx_word' id='word_1_187' title='bbox 2023 1257 2445 1327; x_wconf 73' lang='grc' dir='ltr'>ἀνακτιζόμενον</span> <span class='ocrx_word' id='word_1_188' title='bbox 2491 1256 2600 1309; x_wconf 84' lang='grc' dir='ltr'><strong>τῶν</strong></span> <span class='ocrx_word' id='word_1_189' title='bbox 2637 1255 2942 1327; x_wconf 83' lang='grc' dir='ltr'>ἀνθρώπων</span> <span class='ocrx_word' id='word_1_190' title='bbox 2989 1257 3086 1310; x_wconf 76' lang='grc' dir='ltr'>καὶ</span> <span class='ocrx_word' id='word_1_191' title='bbox 3124 1256 3607 1328; x_wconf 74' lang='grc' dir='ltr'>ἀνακαινιζόμενον</span> 
     </span>
    </p>
   </div>
   <div class='ocr_carea' id='block_1_28' title="bbox 2019 1346 3606 1419">
    <p class='ocr_par' dir='ltr' id='par_1_28' title="bbox 2019 1346 3606 1419">
     <span class='ocr_line' id='line_1_28' title="bbox 2019 1346 3606 1419; baseline 0.003 -20"><span class='ocrx_word' id='word_1_192' title='bbox 2019 1347 2237 1417; x_wconf 87' lang='grc' dir='ltr'>πνεῦμα</span> <span class='ocrx_word' id='word_1_193' title='bbox 2261 1363 2274 1411; x_wconf 90' lang='lat'><strong>;</strong></span> <span class='ocrx_word' id='word_1_194' title='bbox 2310 1346 2481 1400; x_wconf 80' lang='grc' dir='ltr'>Τοῦτο</span> <span class='ocrx_word' id='word_1_195' title='bbox 2509 1346 2619 1419; x_wconf 85' lang='grc' dir='ltr'><strong>γὰρ</strong></span> <span class='ocrx_word' id='word_1_196' title='bbox 2644 1349 2739 1400; x_wconf 77' lang='grc' dir='ltr'>καὶ</span> <span class='ocrx_word' id='word_1_197' title='bbox 2758 1347 2850 1400; x_wconf 81' lang='grc' dir='ltr'><strong>διὰ</strong></span> <span class='ocrx_word' id='word_1_198' title='bbox 2890 1346 3149 1419; x_wconf 77' lang='grc' dir='ltr'>Ἰεζεκιὴλ</span> <span class='ocrx_word' id='word_1_199' title='bbox 3187 1350 3548 1418; x_wconf 82' lang='grc' dir='ltr'>ἐπεγγείλατο</span> <span class='ocrx_word' id='word_1_200' title='bbox 3575 1350 3606 1402; x_wconf 86' lang='grc' dir='ltr'>ὁ</span> 
     </span>
    </p>
   </div>
   <div class='ocr_carea' id='block_1_29' title="bbox 2019 1437 3606 1512">
    <p class='ocr_par' dir='ltr' id='par_1_29' title="bbox 2019 1437 3606 1512">
     <span class='ocr_line' id='line_1_29' title="bbox 2019 1437 3606 1512; baseline 0.002 -21"><span class='ocrx_word' id='word_1_201' title='bbox 2019 1438 2150 1501; x_wconf 82' lang='grc' dir='ltr'><strong>Θεὸς</strong></span> <span class='ocrx_word' id='word_1_202' title='bbox 2183 1437 2388 1506; x_wconf 78' lang='grc' dir='ltr'>λέγων’</span> <span class='ocrx_word' id='word_1_203' title='bbox 2432 1457 2451 1490; x_wconf 74' lang='grc' dir='ltr'><strong>ι</strong></span> <span class='ocrx_word' id='word_1_204' title='bbox 2495 1440 2606 1491; x_wconf 77' lang='grc' dir='ltr'><strong>Καὶ</strong></span> <span class='ocrx_word' id='word_1_205' title='bbox 2645 1438 2800 1491; x_wconf 85' lang='grc' dir='ltr'><strong>δώσω</strong></span> <span class='ocrx_word' id='word_1_206' title='bbox 2830 1440 2960 1508; x_wconf 86' lang='grc' dir='ltr'>ὑμῖν</span> <span class='ocrx_word' id='word_1_207' title='bbox 3001 1441 3230 1510; x_wconf 86' lang='grc' dir='ltr'>καρδίαν</span> <span class='ocrx_word' id='word_1_208' title='bbox 3258 1441 3472 1512; x_wconf 78' lang='grc' dir='ltr'>καινὴν,</span> <span class='ocrx_word' id='word_1_209' title='bbox 3510 1441 3606 1494; x_wconf 74' lang='grc' dir='ltr'>καὶ</span> 
     </span>
    </p>
   </div>
   <div class='ocr_carea' id='block_1_30' title="bbox 2023 1533 3606 1608">
    <p class='ocr_par' dir='ltr' id='par_1_30' title="bbox 2023 1533 3606 1608">
     <span class='ocr_line' id='line_1_30' title="bbox 2023 1533 3606 1608; baseline -0.003 -18"><span class='ocrx_word' id='word_1_210' title='bbox 2023 1535 2244 1606; x_wconf 86' lang='grc' dir='ltr'>πνεῦμα</span> <span class='ocrx_word' id='word_1_211' title='bbox 2269 1535 2453 1590; x_wconf 81' lang='grc' dir='ltr'>καινὸν</span> <span class='ocrx_word' id='word_1_212' title='bbox 2479 1535 2635 1591; x_wconf 86' lang='grc' dir='ltr'>δώσω</span> <span class='ocrx_word' id='word_1_213' title='bbox 2664 1537 2825 1608; x_wconf 80' lang='grc' dir='ltr'>ὑμῖν·</span> <span class='ocrx_word' id='word_1_214' title='bbox 2855 1535 2952 1590; x_wconf 77' lang='grc' dir='ltr'>καὶ</span> <span class='ocrx_word' id='word_1_215' title='bbox 2991 1534 3178 1606; x_wconf 80' lang='grc' dir='ltr'>ἀφελῶ</span> <span class='ocrx_word' id='word_1_216' title='bbox 3227 1533 3328 1604; x_wconf 82' lang='grc' dir='ltr'><strong>τὴν</strong></span> <span class='ocrx_word' id='word_1_217' title='bbox 3372 1534 3606 1605; x_wconf 80' lang='grc' dir='ltr'>καρδίαν</span> 
     </span>
    </p>
   </div>
   <div class='ocr_carea' id='block_1_31' title="bbox 2021 1626 3604 1701">
    <p class='ocr_par' dir='ltr' id='par_1_31' title="bbox 2021 1626 3604 1701">
     <span class='ocr_line' id='line_1_31' title="bbox 2021 1626 3604 1701; baseline 0.001 -19"><span class='ocrx_word' id='word_1_218' title='bbox 2021 1629 2120 1698; x_wconf 80' lang='grc' dir='ltr'><strong>τὴν</strong></span> <span class='ocrx_word' id='word_1_219' title='bbox 2147 1628 2351 1700; x_wconf 86' lang='grc' dir='ltr'>λιθίνην</span> <span class='ocrx_word' id='word_1_220' title='bbox 2371 1630 2436 1682; x_wconf 80' lang='grc' dir='ltr'><strong>ἐκ</strong></span> <span class='ocrx_word' id='word_1_221' title='bbox 2459 1630 2559 1698; x_wconf 86' lang='grc' dir='ltr'>τῆς</span> <span class='ocrx_word' id='word_1_222' title='bbox 2590 1629 2790 1700; x_wconf 81' lang='grc' dir='ltr'>σαρκὸς</span> <span class='ocrx_word' id='word_1_223' title='bbox 2815 1628 2974 1700; x_wconf 78' lang='grc' dir='ltr'>ὑμῶν</span> <span class='ocrx_word' id='word_1_224' title='bbox 2989 1646 3002 1659; x_wconf 90' lang='grc'><strong>·</strong></span> <span class='ocrx_word' id='word_1_225' title='bbox 3020 1629 3114 1682; x_wconf 79' lang='grc' dir='ltr'>καὶ</span> <span class='ocrx_word' id='word_1_226' title='bbox 3130 1626 3289 1682; x_wconf 85' lang='grc' dir='ltr'>δώσω</span> <span class='ocrx_word' id='word_1_227' title='bbox 3311 1629 3442 1700; x_wconf 81' lang='grc' dir='ltr'>ὑμῖν</span> <span class='ocrx_word' id='word_1_228' title='bbox 3463 1647 3604 1701; x_wconf 89' lang='grc' dir='ltr'>καρ-</span> 
     </span>
    </p>
   </div>
   <div class='ocr_carea' id='block_1_32' title="bbox 343 1705 1914 1792">
    <p class='ocr_par' dir='ltr' id='par_1_32' title="bbox 343 1705 1914 1778">
     <span class='ocr_line' id='line_1_32' title="bbox 343 1705 1914 1778; baseline -0.001 -18"><span class='ocrx_word' id='word_1_229' title='bbox 343 1718 397 1760; x_wconf 81' lang='lat' dir='ltr'><strong>et</strong></span> <span class='ocrx_word' id='word_1_230' title='bbox 422 1705 669 1762; x_wconf 74' lang='lat' dir='ltr'><strong>auferam</strong></span> <span class='ocrx_word' id='word_1_231' title='bbox 705 1722 802 1761; x_wconf 86' lang='lat' dir='ltr'><strong>cor</strong></span> <span class='ocrx_word' id='word_1_232' title='bbox 836 1707 1110 1778; x_wconf 86' lang='lat' dir='ltr'><strong>lapideum</strong></span> <span class='ocrx_word' id='word_1_233' title='bbox 1153 1708 1221 1761; x_wconf 89' lang='lat' dir='ltr'><strong>de</strong></span> <span class='ocrx_word' id='word_1_234' title='bbox 1270 1723 1440 1762; x_wconf 86' lang='lat' dir='ltr'><strong>carne</strong></span> <span class='ocrx_word' id='word_1_235' title='bbox 1473 1715 1673 1772; x_wconf 87' lang='lat' dir='ltr'><strong>vestra,</strong></span> <span class='ocrx_word' id='word_1_236' title='bbox 1703 1715 1757 1760; x_wconf 91' lang='lat' dir='ltr'><strong>et</strong></span> <span class='ocrx_word' id='word_1_237' title='bbox 1780 1705 1914 1761; x_wconf 80' lang='lat' dir='ltr'><strong>dabo</strong></span> 
     </span>
    </p>
   </div>
   <div class='ocr_carea' id='block_1_33' title="bbox 2015 1705 3598 1792">
    <p class='ocr_par' dir='ltr' id='par_1_33' title="bbox 2021 1718 3598 1792">
     <span class='ocr_line' id='line_1_33' title="bbox 2021 1718 3598 1792; baseline 0.001 -21"><span class='ocrx_word' id='word_1_238' title='bbox 2021 1718 2137 1774; x_wconf 86' lang='grc' dir='ltr'>δίαν</span> <span class='ocrx_word' id='word_1_239' title='bbox 2171 1721 2435 1792; x_wconf 88' lang='grc' dir='ltr'>σαρκίνην</span> <span class='ocrx_word' id='word_1_240' title='bbox 2457 1738 2471 1751; x_wconf 86' lang='grc'><strong>·</strong></span> <span class='ocrx_word' id='word_1_241' title='bbox 2499 1721 2594 1775; x_wconf 72' lang='grc' dir='ltr'>καὶ</span> <span class='ocrx_word' id='word_1_242' title='bbox 2625 1721 2687 1775; x_wconf 93' lang='lat' dir='ltr'><strong>rb</strong></span> <span class='ocrx_word' id='word_1_243' title='bbox 2712 1721 2939 1790; x_wconf 78' lang='grc' dir='ltr'>Πνεῦμα</span> <span class='ocrx_word' id='word_1_244' title='bbox 2968 1737 3068 1791; x_wconf 89' lang='grc' dir='ltr'><strong>μου</strong></span> <span class='ocrx_word' id='word_1_245' title='bbox 3103 1718 3262 1774; x_wconf 84' lang='grc' dir='ltr'>δώσω</span> <span class='ocrx_word' id='word_1_246' title='bbox 3301 1721 3359 1773; x_wconf 86' lang='grc' dir='ltr'><strong>ἐν</strong></span> <span class='ocrx_word' id='word_1_247' title='bbox 3387 1721 3535 1790; x_wconf 78' lang='grc' dir='ltr'>ὑμῖν.</span> <span class='ocrx_word' id='word_1_248' title='bbox 3577 1740 3598 1772; x_wconf 71' lang='grc' dir='ltr'><strong>ι</strong></span> 
     </span>
    </p>
   </div>
   <div class='ocr_carea' id='block_1_34' title="bbox 343 1783 1914 1884">
    <p class='ocr_par' dir='ltr' id='par_1_34' title="bbox 343 1798 1914 1869">
     <span class='ocr_line' id='line_1_34' title="bbox 343 1798 1914 1869; baseline 0.001 -19"><span class='ocrx_word' id='word_1_249' title='bbox 343 1799 500 1854; x_wconf 86' lang='lat' dir='ltr'><strong>vobis</strong></span> <span class='ocrx_word' id='word_1_250' title='bbox 530 1814 626 1854; x_wconf 89' lang='lat' dir='ltr'><strong>cor</strong></span> <span class='ocrx_word' id='word_1_251' title='bbox 681 1814 967 1864; x_wconf 89' lang='lat' dir='ltr'><strong>carneum,</strong></span> <span class='ocrx_word' id='word_1_252' title='bbox 1017 1809 1074 1854; x_wconf 90' lang='lat' dir='ltr'><strong>et</strong></span> <span class='ocrx_word' id='word_1_253' title='bbox 1123 1800 1391 1869; x_wconf 89' lang='lat' dir='ltr'><strong>Spiritum</strong></span> <span class='ocrx_word' id='word_1_254' title='bbox 1437 1814 1619 1853; x_wconf 87' lang='lat' dir='ltr'><strong>meum</strong></span> <span class='ocrx_word' id='word_1_255' title='bbox 1674 1799 1816 1853; x_wconf 89' lang='lat' dir='ltr'><strong>dabo</strong></span> <span class='ocrx_word' id='word_1_256' title='bbox 1866 1798 1914 1852; x_wconf 85' lang='lat' dir='ltr'><strong>in</strong></span> 
     </span>
    </p>
   </div>
   <div class='ocr_carea' id='block_1_35' title="bbox 2015 1783 2422 1884">
    <p class='ocr_par' dir='ltr' id='par_1_35' title="bbox 2022 1783 2422 1884">
     <span class='ocr_line' id='line_1_35' title="bbox 2022 1783 2422 1884; baseline 0 -18"><span class='ocrx_word' id='word_1_257' title='bbox 2022 1811 2159 1866; x_wconf 84' lang='grc' dir='ltr'><strong>Πότε</strong></span> <span class='ocrx_word' id='word_1_258' title='bbox 2174 1783 2422 1884; x_wconf 43' lang='grc' dir='ltr'>δτι-τοῦτο</span> 
     </span>
    </p>
   </div>
   <div class='ocr_carea' id='block_1_36' title="bbox 341 1889 1921 1963">
    <p class='ocr_par' dir='ltr' id='par_1_36' title="bbox 341 1889 1921 1963">
     <span class='ocr_line' id='line_1_36' title="bbox 341 1889 1921 1963; baseline -0.001 -22"><span class='ocrx_word' id='word_1_259' title='bbox 341 1891 498 1945; x_wconf 82' lang='lat' dir='ltr'><strong>vobis</strong></span> <span class='ocrx_word' id='word_1_260' title='bbox 548 1893 588 1944; x_wconf 86' lang='grc'><strong>³.</strong></span> <span class='ocrx_word' id='word_1_261' title='bbox 637 1908 658 1942; x_wconf 72' lang='grc' dir='ltr'><strong>ι</strong></span> <span class='ocrx_word' id='word_1_262' title='bbox 687 1889 924 1963; x_wconf 73' lang='lat' dir='ltr'><strong>Quando</strong></span> <span class='ocrx_word' id='word_1_263' title='bbox 957 1905 1088 1961; x_wconf 81' lang='lat' dir='ltr'><strong>ergo</strong></span> <span class='ocrx_word' id='word_1_264' title='bbox 1116 1891 1165 1944; x_wconf 91' lang='lat' dir='ltr'><strong>id</strong></span> <span class='ocrx_word' id='word_1_265' title='bbox 1206 1890 1486 1958; x_wconf 81' lang='lat' dir='ltr'><strong>impletum</strong></span> <span class='ocrx_word' id='word_1_266' title='bbox 1517 1896 1621 1956; x_wconf 88' lang='lat' dir='ltr'><strong>est,</strong></span> <span class='ocrx_word' id='word_1_267' title='bbox 1645 1889 1749 1943; x_wconf 91' lang='lat' dir='ltr'><strong>nisi</strong></span> <span class='ocrx_word' id='word_1_268' title='bbox 1797 1903 1921 1941; x_wconf 89' lang='lat' dir='ltr'><strong>cum</strong></span> 
     </span>
    </p>
   </div>
   <div class='ocr_carea' id='block_1_37' title="bbox 341 1980 1922 2052">
    <p class='ocr_par' dir='ltr' id='par_1_37' title="bbox 341 1980 1922 2052">
     <span class='ocr_line' id='line_1_37' title="bbox 341 1980 1922 2052; baseline 0.001 -19"><span class='ocrx_word' id='word_1_269' title='bbox 341 1982 560 2036; x_wconf 81' lang='lat' dir='ltr'><strong>advenit</strong></span> <span class='ocrx_word' id='word_1_270' title='bbox 588 1980 876 2046; x_wconf 87' lang='lat' dir='ltr'><strong>Dominus,</strong></span> <span class='ocrx_word' id='word_1_271' title='bbox 903 1991 957 2037; x_wconf 92' lang='lat' dir='ltr'><strong>et</strong></span> <span class='ocrx_word' id='word_1_272' title='bbox 1005 1997 1106 2036; x_wconf 87' lang='lat' dir='ltr'><strong>sua</strong></span> <span class='ocrx_word' id='word_1_273' title='bbox 1153 1983 1327 2052; x_wconf 75' lang='lat' dir='ltr'><strong>gratia</strong></span> <span class='ocrx_word' id='word_1_274' title='bbox 1364 1982 1551 2035; x_wconf 89' lang='lat' dir='ltr'><strong>omnia</strong></span> <span class='ocrx_word' id='word_1_275' title='bbox 1610 1983 1922 2036; x_wconf 77' lang='lat' dir='ltr'><strong>renovavit?</strong></span> 
     </span>
    </p>
   </div>
   <div class='ocr_carea' id='block_1_38' title="bbox 339 2072 1920 2144">
    <p class='ocr_par' dir='ltr' id='par_1_38' title="bbox 339 2072 1920 2144">
     <span class='ocr_line' id='line_1_38' title="bbox 339 2072 1920 2144; baseline 0.001 -18"><span class='ocrx_word' id='word_1_276' title='bbox 339 2072 512 2128; x_wconf 89' lang='lat' dir='ltr'><strong>Porro</strong></span> <span class='ocrx_word' id='word_1_277' title='bbox 544 2075 648 2130; x_wconf 90' lang='lat' dir='ltr'><strong>hoc</strong></span> <span class='ocrx_word' id='word_1_278' title='bbox 675 2075 839 2130; x_wconf 90' lang='lat' dir='ltr'><strong>etiam</strong></span> <span class='ocrx_word' id='word_1_279' title='bbox 865 2075 918 2128; x_wconf 94' lang='lat' dir='ltr'><strong>in</strong></span> <span class='ocrx_word' id='word_1_280' title='bbox 942 2075 1062 2130; x_wconf 93' lang='lat' dir='ltr'><strong>loco</strong></span> <span class='ocrx_word' id='word_1_281' title='bbox 1085 2075 1375 2144; x_wconf 82' lang='lat' dir='ltr'><strong>spirituum</strong></span> <span class='ocrx_word' id='word_1_282' title='bbox 1400 2074 1705 2130; x_wconf 70' lang='lat' dir='ltr'><strong>differentia</strong></span> <span class='ocrx_word' id='word_1_283' title='bbox 1734 2082 1920 2129; x_wconf 85' lang='lat' dir='ltr'><strong>osten-</strong></span> 
     </span>
    </p>
   </div>
   <div class='ocr_carea' id='block_1_39' title="bbox 338 2164 1917 2236">
    <p class='ocr_par' dir='ltr' id='par_1_39' title="bbox 338 2164 1917 2236">
     <span class='ocr_line' id='line_1_39' title="bbox 338 2164 1917 2236; baseline -0.001 -17"><span class='ocrx_word' id='word_1_284' title='bbox 338 2166 507 2220; x_wconf 84' lang='lat' dir='ltr'><strong>ditur.</strong></span> <span class='ocrx_word' id='word_1_285' title='bbox 552 2164 688 2220; x_wconf 86' lang='lat' dir='ltr'><strong>Nam</strong></span> <span class='ocrx_word' id='word_1_286' title='bbox 717 2166 943 2236; x_wconf 89' lang='lat' dir='ltr'><strong>spiritus</strong></span> <span class='ocrx_word' id='word_1_287' title='bbox 983 2175 1191 2233; x_wconf 89' lang='lat' dir='ltr'><strong>noster,</strong></span> <span class='ocrx_word' id='word_1_288' title='bbox 1244 2167 1292 2221; x_wconf 91' lang='lat' dir='ltr'><strong>is</strong></span> <span class='ocrx_word' id='word_1_289' title='bbox 1331 2173 1416 2221; x_wconf 87' lang='lat' dir='ltr'><strong>est</strong></span> <span class='ocrx_word' id='word_1_290' title='bbox 1456 2167 1551 2235; x_wconf 91' lang='lat' dir='ltr'><strong>qui</strong></span> <span class='ocrx_word' id='word_1_291' title='bbox 1585 2175 1917 2220; x_wconf 83' lang='lat' dir='ltr'><strong>renovatur:</strong></span> 
     </span>
    </p>
   </div>
   <div class='ocr_carea' id='block_1_40' title="bbox 337 2255 1912 2328">
    <p class='ocr_par' dir='ltr' id='par_1_40' title="bbox 337 2255 1912 2328">
     <span class='ocr_line' id='line_1_40' title="bbox 337 2255 1912 2328; baseline -0.001 -17"><span class='ocrx_word' id='word_1_292' title='bbox 337 2257 430 2311; x_wconf 85' lang='lat' dir='ltr'><strong>sed</strong></span> <span class='ocrx_word' id='word_1_293' title='bbox 466 2257 730 2328; x_wconf 89' lang='lat' dir='ltr'><strong>Spiritum</strong></span> <span class='ocrx_word' id='word_1_294' title='bbox 785 2267 1060 2322; x_wconf 89' lang='lat' dir='ltr'><strong>sanctum,</strong></span> <span class='ocrx_word' id='word_1_295' title='bbox 1094 2272 1203 2312; x_wconf 89' lang='lat' dir='ltr'><strong>non</strong></span> <span class='ocrx_word' id='word_1_296' title='bbox 1252 2257 1577 2327; x_wconf 88' lang='lat' dir='ltr'><strong>simpliciter</strong></span> <span class='ocrx_word' id='word_1_297' title='bbox 1632 2255 1912 2326; x_wconf 90' lang='lat' dir='ltr'><strong>spiritum,</strong></span> 
     </span>
    </p>
   </div>
   <div class='ocr_carea' id='block_1_41' title="bbox 336 2347 1923 2419">
    <p class='ocr_par' dir='ltr' id='par_1_41' title="bbox 336 2347 1923 2419">
     <span class='ocr_line' id='line_1_41' title="bbox 336 2347 1923 2419; baseline 0 -18"><span class='ocrx_word' id='word_1_298' title='bbox 336 2349 430 2401; x_wconf 89' lang='lat' dir='ltr'><strong>sed</strong></span> <span class='ocrx_word' id='word_1_299' title='bbox 456 2364 617 2402; x_wconf 90' lang='lat' dir='ltr'><strong>suum</strong></span> <span class='ocrx_word' id='word_1_300' title='bbox 648 2363 773 2405; x_wconf 88' lang='lat' dir='ltr'><strong>esse</strong></span> <span class='ocrx_word' id='word_1_301' title='bbox 819 2349 1080 2419; x_wconf 85' lang='lat' dir='ltr'><strong>Spiritum</strong></span> <span class='ocrx_word' id='word_1_302' title='bbox 1108 2347 1258 2404; x_wconf 86' lang='lat' dir='ltr'><strong>Deus</strong></span> <span class='ocrx_word' id='word_1_303' title='bbox 1298 2349 1562 2416; x_wconf 88' lang='lat' dir='ltr'><strong>declarat,</strong></span> <span class='ocrx_word' id='word_1_304' title='bbox 1588 2349 1641 2402; x_wconf 92' lang='lat' dir='ltr'><strong>in</strong></span> <span class='ocrx_word' id='word_1_305' title='bbox 1675 2363 1785 2418; x_wconf 90' lang='lat' dir='ltr'><strong>quo</strong></span> <span class='ocrx_word' id='word_1_306' title='bbox 1815 2347 1923 2402; x_wconf 86' lang='lat' dir='ltr'><strong>sci-</strong></span> 
     </span>
    </p>
   </div>
   <div class='ocr_carea' id='block_1_42' title="bbox 334 2439 1920 2510">
    <p class='ocr_par' dir='ltr' id='par_1_42' title="bbox 334 2439 1920 2510">
     <span class='ocr_line' id='line_1_42' title="bbox 334 2439 1920 2510; baseline 0.002 -18"><span class='ocrx_word' id='word_1_307' title='bbox 334 2439 464 2494; x_wconf 86' lang='lat' dir='ltr'><strong>licet</strong></span> <span class='ocrx_word' id='word_1_308' title='bbox 487 2440 718 2510; x_wconf 80' lang='lat' dir='ltr'><strong>spiritus</strong></span> <span class='ocrx_word' id='word_1_309' title='bbox 746 2450 932 2496; x_wconf 88' lang='lat' dir='ltr'><strong>noster</strong></span> <span class='ocrx_word' id='word_1_310' title='bbox 952 2449 1272 2508; x_wconf 87' lang='lat' dir='ltr'><strong>renovatur,</strong></span> <span class='ocrx_word' id='word_1_311' title='bbox 1291 2441 1368 2495; x_wconf 93' lang='lat' dir='ltr'><strong>uti</strong></span> <span class='ocrx_word' id='word_1_312' title='bbox 1383 2441 1678 2496; x_wconf 89' lang='lat' dir='ltr'><strong>Psalmista</strong></span> <span class='ocrx_word' id='word_1_313' title='bbox 1708 2440 1920 2510; x_wconf 86' lang='lat' dir='ltr'><strong>psalmo</strong></span> 
     </span>
    </p>
   </div>
   <div class='ocr_carea' id='block_1_43' title="bbox 333 2529 1922 2600">
    <p class='ocr_par' dir='ltr' id='par_1_43' title="bbox 333 2529 1922 2600">
     <span class='ocr_line' id='line_1_43' title="bbox 333 2529 1922 2600; baseline 0 -15"><span class='ocrx_word' id='word_1_314' title='bbox 333 2531 638 2586; x_wconf 84' lang='lat' dir='ltr'><strong>centesimo</strong></span> <span class='ocrx_word' id='word_1_315' title='bbox 671 2532 832 2586; x_wconf 91' lang='lat' dir='ltr'><strong>tertio</strong></span> <span class='ocrx_word' id='word_1_316' title='bbox 884 2533 1192 2588; x_wconf 85' lang='lat' dir='ltr'><strong>luculenter</strong></span> <span class='ocrx_word' id='word_1_317' title='bbox 1231 2531 1431 2587; x_wconf 90' lang='lat' dir='ltr'><strong>docet:</strong></span> <span class='ocrx_word' id='word_1_318' title='bbox 1463 2551 1483 2585; x_wconf 74' lang='grc' dir='ltr'><strong>ι</strong></span> <span class='ocrx_word' id='word_1_319' title='bbox 1524 2529 1756 2586; x_wconf 79' lang='lat' dir='ltr'><strong>Auferes</strong></span> <span class='ocrx_word' id='word_1_320' title='bbox 1808 2531 1922 2600; x_wconf 88' lang='lat' dir='ltr'><strong>spi-</strong></span> 
     </span>
    </p>
   </div>
   <div class='ocr_carea' id='block_1_44' title="bbox 330 2623 1918 2692">
    <p class='ocr_par' dir='ltr' id='par_1_44' title="bbox 330 2623 1918 2692">
     <span class='ocr_line' id='line_1_44' title="bbox 330 2623 1918 2692; baseline 0.001 -18"><span class='ocrx_word' id='word_1_321' title='bbox 330 2623 500 2675; x_wconf 83' lang='lat' dir='ltr'><strong>ritum</strong></span> <span class='ocrx_word' id='word_1_322' title='bbox 533 2637 722 2677; x_wconf 88' lang='lat' dir='ltr'><strong>eorum</strong></span> <span class='ocrx_word' id='word_1_323' title='bbox 751 2632 806 2678; x_wconf 88' lang='lat' dir='ltr'><strong>et</strong></span> <span class='ocrx_word' id='word_1_324' title='bbox 831 2623 1106 2688; x_wconf 79' lang='lat' dir='ltr'><strong>deficient,</strong></span> <span class='ocrx_word' id='word_1_325' title='bbox 1143 2623 1283 2678; x_wconf 84' lang='lat' dir='ltr'><strong>etin</strong></span> <span class='ocrx_word' id='word_1_326' title='bbox 1311 2624 1588 2692; x_wconf 89' lang='lat' dir='ltr'><strong>pulverem</strong></span> <span class='ocrx_word' id='word_1_327' title='bbox 1631 2638 1792 2678; x_wconf 87' lang='lat' dir='ltr'><strong>suum</strong></span> <span class='ocrx_word' id='word_1_328' title='bbox 1830 2637 1918 2675; x_wconf 90' lang='lat' dir='ltr'><strong>re-</strong></span> 
     </span>
    </p>
   </div>
   <div class='ocr_carea' id='block_1_45' title="bbox 329 2711 1914 2784">
    <p class='ocr_par' dir='ltr' id='par_1_45' title="bbox 329 2711 1914 2784">
     <span class='ocr_line' id='line_1_45' title="bbox 329 2711 1914 2784; baseline -0.001 -19"><span class='ocrx_word' id='word_1_329' title='bbox 329 2721 634 2766; x_wconf 76' lang='lat' dir='ltr'><strong>vertentur.</strong></span> <span class='ocrx_word' id='word_1_330' title='bbox 678 2711 914 2768; x_wconf 89' lang='lat' dir='ltr'><strong>Emittes</strong></span> <span class='ocrx_word' id='word_1_331' title='bbox 967 2713 1234 2784; x_wconf 90' lang='lat' dir='ltr'><strong>Spiritum</strong></span> <span class='ocrx_word' id='word_1_332' title='bbox 1285 2721 1438 2768; x_wconf 92' lang='lat' dir='ltr'><strong>tuum</strong></span> <span class='ocrx_word' id='word_1_333' title='bbox 1467 2721 1523 2767; x_wconf 87' lang='lat' dir='ltr'><strong>et</strong></span> <span class='ocrx_word' id='word_1_334' title='bbox 1561 2713 1914 2772; x_wconf 83' lang='lat' dir='ltr'><strong>creabuntur.</strong></span> 
     </span>
    </p>
   </div>
   <div class='ocr_carea' id='block_1_46' title="bbox 329 2801 1917 2872">
    <p class='ocr_par' dir='ltr' id='par_1_46' title="bbox 329 2801 1917 2872">
     <span class='ocr_line' id='line_1_46' title="bbox 329 2801 1917 2872; baseline -0.002 -13"><span class='ocrx_word' id='word_1_335' title='bbox 329 2813 383 2859; x_wconf 85' lang='lat' dir='ltr'><strong>ct</strong></span> <span class='ocrx_word' id='word_1_336' title='bbox 421 2803 716 2858; x_wconf 89' lang='lat' dir='ltr'><strong>renovabis</strong></span> <span class='ocrx_word' id='word_1_337' title='bbox 767 2804 960 2860; x_wconf 78' lang='lat' dir='ltr'><strong>faciem</strong></span> <span class='ocrx_word' id='word_1_338' title='bbox 1002 2815 1161 2858; x_wconf 65' lang='lat' dir='ltr'><strong>terra:</strong></span> <span class='ocrx_word' id='word_1_339' title='bbox 1196 2805 1277 2858; x_wconf 76' lang='grc'><strong>⁸.»</strong></span> <span class='ocrx_word' id='word_1_340' title='bbox 1313 2802 1469 2869; x_wconf 84' lang='lat' dir='ltr'><strong>Quod</strong></span> <span class='ocrx_word' id='word_1_341' title='bbox 1516 2803 1563 2858; x_wconf 88' lang='lat' dir='ltr'><strong>si</strong></span> <span class='ocrx_word' id='word_1_342' title='bbox 1609 2803 1662 2856; x_wconf 93' lang='lat' dir='ltr'><strong>in</strong></span> <span class='ocrx_word' id='word_1_343' title='bbox 1711 2801 1917 2872; x_wconf 86' lang='lat' dir='ltr'><strong>Spiritu</strong></span> 
     </span>
    </p>
   </div>
   <div class='ocr_carea' id='block_1_47' title="bbox 328 2891 1919 2966">
    <p class='ocr_par' dir='ltr' id='par_1_47' title="bbox 328 2891 1919 2966">
     <span class='ocr_line' id='line_1_47' title="bbox 328 2891 1919 2966; baseline -0.001 -18"><span class='ocrx_word' id='word_1_344' title='bbox 328 2895 426 2949; x_wconf 83' lang='lat' dir='ltr'><strong>Dei</strong></span> <span class='ocrx_word' id='word_1_345' title='bbox 460 2911 790 2950; x_wconf 76' lang='lat' dir='ltr'><strong>renovantur</strong></span> <span class='ocrx_word' id='word_1_346' title='bbox 820 2915 833 2949; x_wconf 90' lang='lat'>:</span> <span class='ocrx_word' id='word_1_347' title='bbox 868 2910 976 2950; x_wconf 87' lang='lat' dir='ltr'><strong>non</strong></span> <span class='ocrx_word' id='word_1_348' title='bbox 1013 2909 1144 2966; x_wconf 78' lang='lat' dir='ltr'><strong>ergo</strong></span> <span class='ocrx_word' id='word_1_349' title='bbox 1199 2891 1439 2964; x_wconf 90' lang='lat' dir='ltr'><strong>Spiritus</strong></span> <span class='ocrx_word' id='word_1_350' title='bbox 1481 2901 1708 2948; x_wconf 86' lang='lat' dir='ltr'><strong>sanctus</strong></span> <span class='ocrx_word' id='word_1_351' title='bbox 1749 2894 1795 2948; x_wconf 90' lang='lat' dir='ltr'><strong>is</strong></span> <span class='ocrx_word' id='word_1_352' title='bbox 1834 2901 1919 2948; x_wconf 87' lang='lat' dir='ltr'><strong>est</strong></span> 
     </span>
    </p>
   </div>
   <div class='ocr_carea' id='block_1_48' title="bbox 327 2985 1914 3056">
    <p class='ocr_par' dir='ltr' id='par_1_48' title="bbox 327 2985 1914 3056">
     <span class='ocr_line' id='line_1_48' title="bbox 327 2985 1914 3056; baseline 0 -18"><span class='ocrx_word' id='word_1_353' title='bbox 327 2988 421 3055; x_wconf 79' lang='lat' dir='ltr'><strong>qui</strong></span> <span class='ocrx_word' id='word_1_354' title='bbox 452 2988 625 3042; x_wconf 90' lang='lat' dir='ltr'><strong>creari</strong></span> <span class='ocrx_word' id='word_1_355' title='bbox 657 2987 879 3051; x_wconf 90' lang='lat' dir='ltr'><strong>dicitur,</strong></span> <span class='ocrx_word' id='word_1_356' title='bbox 908 2987 1000 3042; x_wconf 89' lang='lat' dir='ltr'><strong>sed</strong></span> <span class='ocrx_word' id='word_1_357' title='bbox 1037 2995 1228 3042; x_wconf 88' lang='lat' dir='ltr'><strong>noster</strong></span> <span class='ocrx_word' id='word_1_358' title='bbox 1259 2986 1505 3056; x_wconf 85' lang='lat' dir='ltr'><strong>spiritus.</strong></span> <span class='ocrx_word' id='word_1_359' title='bbox 1527 2985 1585 3039; x_wconf 95' lang='lat' dir='ltr'><strong>Si</strong></span> <span class='ocrx_word' id='word_1_360' title='bbox 1785 2985 1914 3038; x_wconf 89' lang='lat' dir='ltr'><strong>item</strong></span> 
     </span>
    </p>
   </div>
   <div class='ocr_carea' id='block_1_49' title="bbox 326 3069 1914 3154">
    <p class='ocr_par' dir='ltr' id='par_1_49' title="bbox 326 3075 1914 3147">
     <span class='ocr_line' id='line_1_49' title="bbox 326 3075 1914 3147; baseline 0.003 -21"><span class='ocrx_word' id='word_1_361' title='bbox 326 3077 456 3144; x_wconf 73' lang='lat' dir='ltr'><strong>quia</strong></span> <span class='ocrx_word' id='word_1_362' title='bbox 481 3077 670 3131; x_wconf 87' lang='lat' dir='ltr'><strong>omnia</strong></span> <span class='ocrx_word' id='word_1_363' title='bbox 707 3091 806 3147; x_wconf 91' lang='lat' dir='ltr'><strong>per</strong></span> <span class='ocrx_word' id='word_1_364' title='bbox 855 3075 1089 3132; x_wconf 74' lang='lat' dir='ltr'><strong>Verbum</strong></span> <span class='ocrx_word' id='word_1_365' title='bbox 1122 3075 1266 3130; x_wconf 80' lang='lat' dir='ltr'><strong>facta</strong></span> <span class='ocrx_word' id='word_1_366' title='bbox 1318 3085 1470 3139; x_wconf 89' lang='lat' dir='ltr'><strong>sunt,</strong></span> <span class='ocrx_word' id='word_1_367' title='bbox 1506 3084 1654 3131; x_wconf 88' lang='lat' dir='ltr'><strong>recte</strong></span> <span class='ocrx_word' id='word_1_368' title='bbox 1700 3076 1914 3131; x_wconf 81' lang='lat' dir='ltr'><strong>sentitis</strong></span> 
     </span>
    </p>
   </div>
   <div class='ocr_carea' id='block_1_50' title="bbox 2015 3069 2666 3154">
    <p class='ocr_par' dir='ltr' id='par_1_50' title="bbox 2015 3081 2666 3154">
     <span class='ocr_line' id='line_1_50' title="bbox 2015 3081 2666 3154; baseline 0.008 -18"><span class='ocrx_word' id='word_1_369' title='bbox 2015 3081 2100 3136; x_wconf 89' lang='grc' dir='ltr'><strong>διά</strong></span> <span class='ocrx_word' id='word_1_370' title='bbox 2122 3084 2183 3136; x_wconf 92' lang='lat' dir='ltr'><strong>rb</strong></span> <span class='ocrx_word' id='word_1_371' title='bbox 2207 3083 2385 3138; x_wconf 83' lang='grc' dir='ltr'>πάντα</span> <span class='ocrx_word' id='word_1_372' title='bbox 2412 3087 2666 3154; x_wconf 65' lang='grc' dir='ltr'><strong>γενέσθαι⁸</strong></span> 
     </span>
    </p>
   </div>
   <div class='ocr_carea' id='block_1_51' title="bbox 325 3163 1915 3224">
    <p class='ocr_par' dir='ltr' id='par_1_51' title="bbox 325 3163 1915 3224">
     <span class='ocr_line' id='line_1_51' title="bbox 325 3163 1915 3224; baseline 0.003 -5"><span class='ocrx_word' id='word_1_373' title='bbox 325 3166 526 3221; x_wconf 88' lang='lat' dir='ltr'><strong>Filium</strong></span> <span class='ocrx_word' id='word_1_374' title='bbox 589 3182 701 3222; x_wconf 91' lang='lat' dir='ltr'><strong>non</strong></span> <span class='ocrx_word' id='word_1_375' title='bbox 765 3182 888 3224; x_wconf 89' lang='lat' dir='ltr'><strong>esse</strong></span> <span class='ocrx_word' id='word_1_376' title='bbox 955 3183 1070 3222; x_wconf 89' lang='lat' dir='ltr'><strong>rem</strong></span> <span class='ocrx_word' id='word_1_377' title='bbox 1121 3163 1361 3224; x_wconf 83' lang='lat' dir='ltr'><strong>creatam</strong></span> <span class='ocrx_word' id='word_1_378' title='bbox 1397 3181 1508 3221; x_wconf 88' lang='lat' dir='ltr'><strong>:an</strong></span> <span class='ocrx_word' id='word_1_379' title='bbox 1561 3181 1672 3220; x_wconf 86' lang='lat' dir='ltr'><strong>non</strong></span> <span class='ocrx_word' id='word_1_380' title='bbox 1728 3167 1915 3224; x_wconf 90' lang='lat' dir='ltr'><strong>itidem</strong></span> 
     </span>
    </p>
   </div>
   <div class='ocr_carea' id='block_1_52' title="bbox 324 3257 1916 3329">
    <p class='ocr_par' dir='ltr' id='par_1_52' title="bbox 324 3257 1916 3329">
     <span class='ocr_line' id='line_1_52' title="bbox 324 3257 1916 3329; baseline 0.003 -19"><span class='ocrx_word' id='word_1_381' title='bbox 324 3258 554 3327; x_wconf 82' lang='lat' dir='ltr'><strong>impium</strong></span> <span class='ocrx_word' id='word_1_382' title='bbox 599 3266 684 3314; x_wconf 90' lang='lat' dir='ltr'><strong>est</strong></span> <span class='ocrx_word' id='word_1_383' title='bbox 736 3274 834 3314; x_wconf 90' lang='lat' dir='ltr'><strong>vos</strong></span> <span class='ocrx_word' id='word_1_384' title='bbox 893 3258 1158 3329; x_wconf 89' lang='lat' dir='ltr'><strong>Spiritum</strong></span> <span class='ocrx_word' id='word_1_385' title='bbox 1216 3267 1494 3323; x_wconf 89' lang='lat' dir='ltr'><strong>sanctum,</strong></span> <span class='ocrx_word' id='word_1_386' title='bbox 1523 3257 1579 3312; x_wconf 92' lang='lat' dir='ltr'><strong>in</strong></span> <span class='ocrx_word' id='word_1_387' title='bbox 1612 3273 1722 3328; x_wconf 89' lang='lat' dir='ltr'><strong>quo</strong></span> <span class='ocrx_word' id='word_1_388' title='bbox 1752 3257 1916 3314; x_wconf 85' lang='lat' dir='ltr'><strong>Pater</strong></span> 
     </span>
    </p>
   </div>
   <div class='ocr_carea' id='block_1_53' title="bbox 323 3348 1914 3421">
    <p class='ocr_par' dir='ltr' id='par_1_53' title="bbox 323 3348 1914 3421">
     <span class='ocr_line' id='line_1_53' title="bbox 323 3348 1914 3421; baseline 0.004 -19"><span class='ocrx_word' id='word_1_389' title='bbox 323 3365 424 3419; x_wconf 86' lang='lat' dir='ltr'><strong>per</strong></span> <span class='ocrx_word' id='word_1_390' title='bbox 457 3348 695 3406; x_wconf 87' lang='lat' dir='ltr'><strong>Verbum</strong></span> <span class='ocrx_word' id='word_1_391' title='bbox 731 3350 916 3406; x_wconf 88' lang='lat' dir='ltr'><strong>omnia</strong></span> <span class='ocrx_word' id='word_1_392' title='bbox 953 3351 1166 3421; x_wconf 80' lang='lat' dir='ltr'><strong>perlicit</strong></span> <span class='ocrx_word' id='word_1_393' title='bbox 1215 3362 1269 3406; x_wconf 91' lang='lat' dir='ltr'><strong>et</strong></span> <span class='ocrx_word' id='word_1_394' title='bbox 1301 3359 1552 3418; x_wconf 89' lang='lat' dir='ltr'><strong>renovat,</strong></span> <span class='ocrx_word' id='word_1_395' title='bbox 1581 3351 1914 3408; x_wconf 83' lang='lat' dir='ltr'><strong>contendere</strong></span> 
     </span>
    </p>
   </div>
   <div class='ocr_carea' id='block_1_54' title="bbox 325 3442 1914 3515">
    <p class='ocr_par' dir='ltr' id='par_1_54' title="bbox 325 3442 1914 3515">
     <span class='ocr_line' id='line_1_54' title="bbox 325 3442 1914 3515; baseline 0 -18"><span class='ocrx_word' id='word_1_396' title='bbox 325 3459 440 3498; x_wconf 87' lang='lat' dir='ltr'><strong>rem</strong></span> <span class='ocrx_word' id='word_1_397' title='bbox 473 3459 598 3500; x_wconf 89' lang='lat' dir='ltr'><strong>esse</strong></span> <span class='ocrx_word' id='word_1_398' title='bbox 631 3444 918 3500; x_wconf 89' lang='lat' dir='ltr'><strong>creatam?</strong></span> <span class='ocrx_word' id='word_1_399' title='bbox 950 3443 1008 3498; x_wconf 90' lang='lat' dir='ltr'><strong>Si</strong></span> <span class='ocrx_word' id='word_1_400' title='bbox 1041 3444 1207 3514; x_wconf 79' lang='lat' dir='ltr'><strong>igitur</strong></span> <span class='ocrx_word' id='word_1_401' title='bbox 1242 3443 1390 3515; x_wconf 88' lang='lat' dir='ltr'><strong>quod</strong></span> <span class='ocrx_word' id='word_1_402' title='bbox 1431 3442 1756 3514; x_wconf 88' lang='lat' dir='ltr'><strong>simpliciter</strong></span> <span class='ocrx_word' id='word_1_403' title='bbox 1781 3444 1914 3500; x_wconf 88' lang='lat' dir='ltr'><strong>scri-</strong></span> 
     </span>
    </p>
   </div>
   <div class='ocr_carea' id='block_1_55' title="bbox 324 3533 1911 3606">
    <p class='ocr_par' dir='ltr' id='par_1_55' title="bbox 324 3533 1911 3606">
     <span class='ocr_line' id='line_1_55' title="bbox 324 3533 1911 3606; baseline 0.001 -19"><span class='ocrx_word' id='word_1_404' title='bbox 324 3547 478 3605; x_wconf 86' lang='lat' dir='ltr'><strong>ptum</strong></span> <span class='ocrx_word' id='word_1_405' title='bbox 512 3535 584 3591; x_wconf 91' lang='lat' dir='ltr'><strong>sit</strong></span> <span class='ocrx_word' id='word_1_406' title='bbox 642 3536 899 3606; x_wconf 86' lang='lat' dir='ltr'><strong>spiritum</strong></span> <span class='ocrx_word' id='word_1_407' title='bbox 949 3536 1150 3602; x_wconf 90' lang='lat' dir='ltr'><strong>creari,</strong></span> <span class='ocrx_word' id='word_1_408' title='bbox 1186 3535 1340 3590; x_wconf 90' lang='lat' dir='ltr'><strong>illum</strong></span> <span class='ocrx_word' id='word_1_409' title='bbox 1398 3536 1605 3593; x_wconf 89' lang='lat' dir='ltr'><strong>idcirco</strong></span> <span class='ocrx_word' id='word_1_410' title='bbox 1648 3533 1911 3605; x_wconf 89' lang='lat' dir='ltr'><strong>Spiritum</strong></span> 
     </span>
    </p>
   </div>
   <div class='ocr_carea' id='block_1_56' title="bbox 325 3627 1910 3698">
    <p class='ocr_par' dir='ltr' id='par_1_56' title="bbox 325 3627 1910 3698">
     <span class='ocr_line' id='line_1_56' title="bbox 325 3627 1910 3698; baseline -0.001 -16"><span class='ocrx_word' id='word_1_411' title='bbox 325 3634 576 3682; x_wconf 86' lang='lat' dir='ltr'><strong>sanctum</strong></span> <span class='ocrx_word' id='word_1_412' title='bbox 607 3642 730 3684; x_wconf 89' lang='lat' dir='ltr'><strong>esse</strong></span> <span class='ocrx_word' id='word_1_413' title='bbox 755 3628 860 3683; x_wconf 81' lang='lat' dir='ltr'><strong>sibi</strong></span> <span class='ocrx_word' id='word_1_414' title='bbox 880 3628 1014 3697; x_wconf 90' lang='lat' dir='ltr'><strong>ipsis</strong></span> <span class='ocrx_word' id='word_1_415' title='bbox 1047 3628 1253 3682; x_wconf 83' lang='lat' dir='ltr'><strong>ﬁnxere</strong></span> <span class='ocrx_word' id='word_1_416' title='bbox 1275 3649 1286 3684; x_wconf 95' lang='lat'>:</span> <span class='ocrx_word' id='word_1_417' title='bbox 1302 3628 1414 3698; x_wconf 85' lang='lat' dir='ltr'><strong>jam</strong></span> <span class='ocrx_word' id='word_1_418' title='bbox 1447 3642 1771 3698; x_wconf 82' lang='lat' dir='ltr'><strong>persuasum</strong></span> <span class='ocrx_word' id='word_1_419' title='bbox 1803 3627 1910 3682; x_wconf 86' lang='lat' dir='ltr'><strong>illis</strong></span> 
     </span>
    </p>
   </div>
   <div class='ocr_carea' id='block_1_57' title="bbox 324 3718 1909 3791">
    <p class='ocr_par' dir='ltr' id='par_1_57' title="bbox 324 3718 1909 3791">
     <span class='ocr_line' id='line_1_57' title="bbox 324 3718 1909 3791; baseline 0.001 -19"><span class='ocrx_word' id='word_1_420' title='bbox 324 3721 648 3787; x_wconf 83' lang='lat' dir='ltr'><strong>essedebet,</strong></span> <span class='ocrx_word' id='word_1_421' title='bbox 674 3735 784 3776; x_wconf 91' lang='lat' dir='ltr'><strong>non</strong></span> <span class='ocrx_word' id='word_1_422' title='bbox 841 3721 1107 3791; x_wconf 86' lang='lat' dir='ltr'><strong>Spiritum</strong></span> <span class='ocrx_word' id='word_1_423' title='bbox 1156 3729 1406 3776; x_wconf 87' lang='lat' dir='ltr'><strong>sanctum</strong></span> <span class='ocrx_word' id='word_1_424' title='bbox 1453 3721 1607 3776; x_wconf 92' lang='lat' dir='ltr'><strong>illum</strong></span> <span class='ocrx_word' id='word_1_425' title='bbox 1643 3735 1768 3775; x_wconf 82' lang='lat' dir='ltr'><strong>esse</strong></span> <span class='ocrx_word' id='word_1_426' title='bbox 1814 3718 1909 3789; x_wconf 89' lang='lat' dir='ltr'><strong>qui</strong></span> 
     </span>
    </p>
   </div>
   <div class='ocr_carea' id='block_1_58' title="bbox 324 3807 1910 3883">
    <p class='ocr_par' dir='ltr' id='par_1_58' title="bbox 324 3807 1910 3883">
     <span class='ocr_line' id='line_1_58' title="bbox 324 3807 1910 3883; baseline 0.003 -19"><span class='ocrx_word' id='word_1_427' title='bbox 324 3821 558 3878; x_wconf 85' lang='lat' dir='ltr'><strong>creatur,</strong></span> <span class='ocrx_word' id='word_1_428' title='bbox 579 3813 672 3868; x_wconf 89' lang='lat' dir='ltr'><strong>sed</strong></span> <span class='ocrx_word' id='word_1_429' title='bbox 702 3821 952 3867; x_wconf 89' lang='lat' dir='ltr'><strong>nostrum</strong></span> <span class='ocrx_word' id='word_1_430' title='bbox 975 3827 1098 3869; x_wconf 89' lang='lat' dir='ltr'><strong>esse</strong></span> <span class='ocrx_word' id='word_1_431' title='bbox 1129 3807 1222 3883; x_wconf 80' lang='lat' dir='ltr'><strong>qui</strong></span> <span class='ocrx_word' id='word_1_432' title='bbox 1258 3812 1312 3866; x_wconf 91' lang='lat' dir='ltr'><strong>in</strong></span> <span class='ocrx_word' id='word_1_433' title='bbox 1341 3827 1407 3868; x_wconf 92' lang='lat' dir='ltr'><strong>eo</strong></span> <span class='ocrx_word' id='word_1_434' title='bbox 1431 3821 1767 3880; x_wconf 88' lang='lat' dir='ltr'><strong>renovatur;</strong></span> <span class='ocrx_word' id='word_1_435' title='bbox 1798 3825 1910 3882; x_wconf 87' lang='lat' dir='ltr'><strong>qua</strong></span> 
     </span>
    </p>
   </div>
   <div class='ocr_carea' id='block_1_59' title="bbox 323 3903 1912 3974">
    <p class='ocr_par' dir='ltr' id='par_1_59' title="bbox 323 3903 1912 3974">
     <span class='ocr_line' id='line_1_59' title="bbox 323 3903 1912 3974; baseline 0.001 -18"><span class='ocrx_word' id='word_1_436' title='bbox 323 3904 387 3957; x_wconf 88' lang='lat' dir='ltr'><strong>dc</strong></span> <span class='ocrx_word' id='word_1_437' title='bbox 414 3919 471 3958; x_wconf 88' lang='lat' dir='ltr'><strong>re</strong></span> <span class='ocrx_word' id='word_1_438' title='bbox 493 3913 546 3958; x_wconf 91' lang='lat' dir='ltr'><strong>et</strong></span> <span class='ocrx_word' id='word_1_439' title='bbox 586 3905 702 3973; x_wconf 83' lang='lat' dir='ltr'><strong>ipse</strong></span> <span class='ocrx_word' id='word_1_440' title='bbox 738 3903 910 3960; x_wconf 88' lang='lat' dir='ltr'><strong>David</strong></span> <span class='ocrx_word' id='word_1_441' title='bbox 967 3904 1073 3960; x_wconf 88' lang='lat' dir='ltr'><strong>hoc</strong></span> <span class='ocrx_word' id='word_1_442' title='bbox 1114 3905 1280 3960; x_wconf 86' lang='lat' dir='ltr'><strong>modo</strong></span> <span class='ocrx_word' id='word_1_443' title='bbox 1328 3904 1699 3974; x_wconf 87' lang='lat' dir='ltr'><strong>precabatur:</strong></span> <span class='ocrx_word' id='word_1_444' title='bbox 1739 3920 1761 3956; x_wconf 79' lang='grc' dir='ltr'><strong>ι</strong></span> <span class='ocrx_word' id='word_1_445' title='bbox 1797 3903 1912 3959; x_wconf 86' lang='lat' dir='ltr'><strong>Cor</strong></span> 
     </span>
    </p>
   </div>
   <div class='ocr_carea' id='block_1_60' title="bbox 332 3993 1912 4063">
    <p class='ocr_par' dir='ltr' id='par_1_60' title="bbox 332 3993 1912 4063">
     <span class='ocr_line' id='line_1_60' title="bbox 332 3993 1912 4063; baseline 0.002 -18"><span class='ocrx_word' id='word_1_446' title='bbox 332 3994 596 4048; x_wconf 87' lang='lat' dir='ltr'><strong>mundum</strong></span> <span class='ocrx_word' id='word_1_447' title='bbox 631 4009 756 4050; x_wconf 90' lang='lat' dir='ltr'><strong>crea</strong></span> <span class='ocrx_word' id='word_1_448' title='bbox 790 3993 844 4047; x_wconf 93' lang='lat' dir='ltr'><strong>in</strong></span> <span class='ocrx_word' id='word_1_449' title='bbox 872 4009 978 4057; x_wconf 84' lang='lat' dir='ltr'><strong>me,</strong></span> <span class='ocrx_word' id='word_1_450' title='bbox 1012 3993 1175 4057; x_wconf 84' lang='lat' dir='ltr'><strong>Deus,</strong></span> <span class='ocrx_word' id='word_1_451' title='bbox 1208 4003 1264 4049; x_wconf 89' lang='lat' dir='ltr'><strong>et</strong></span> <span class='ocrx_word' id='word_1_452' title='bbox 1291 3995 1544 4063; x_wconf 79' lang='lat' dir='ltr'><strong>Spiritum</strong></span> <span class='ocrx_word' id='word_1_453' title='bbox 1577 4007 1788 4050; x_wconf 84' lang='lat' dir='ltr'><strong>rectum</strong></span> <span class='ocrx_word' id='word_1_454' title='bbox 1830 3997 1912 4048; x_wconf 73' lang='lat' dir='ltr'><strong>in-</strong></span> 
     </span>
    </p>
   </div>
   <div class='ocr_carea' id='block_1_61' title="bbox 337 4084 1190 4140">
    <p class='ocr_par' dir='ltr' id='par_1_61' title="bbox 337 4084 1190 4140">
     <span class='ocr_line' id='line_1_61' title="bbox 337 4084 1190 4140; baseline -0.007 0"><span class='ocrx_word' id='word_1_455' title='bbox 337 4099 478 4140; x_wconf 83' lang='lat' dir='ltr'><strong>nova</strong></span> <span class='ocrx_word' id='word_1_456' title='bbox 507 4086 560 4138; x_wconf 90' lang='lat' dir='ltr'><strong>in</strong></span> <span class='ocrx_word' id='word_1_457' title='bbox 592 4084 897 4138; x_wconf 75' lang='lat' dir='ltr'><strong>visceribus</strong></span> <span class='ocrx_word' id='word_1_458' title='bbox 931 4084 1063 4137; x_wconf 83' lang='lat' dir='ltr'><strong>meis</strong></span> <span class='ocrx_word' id='word_1_459' title='bbox 1093 4089 1136 4135; x_wconf 74' lang='grc' dir='ltr'><strong>υ.</strong></span> <span class='ocrx_word' id='word_1_460' title='bbox 1174 4103 1190 4134; x_wconf 75' lang='grc' dir='ltr'><strong>ι</strong></span> 
     </span>
    </p>
   </div>
   <div class='ocr_carea' id='block_1_62' title="bbox 401 4175 1907 4248">
    <p class='ocr_par' dir='ltr' id='par_1_62' title="bbox 401 4175 1907 4248">
     <span class='ocr_line' id='line_1_62' title="bbox 401 4175 1907 4248; baseline 0.002 -15"><span class='ocrx_word' id='word_1_461' title='bbox 401 4179 538 4233; x_wconf 92' lang='lat' dir='ltr'><strong>Cum</strong></span> <span class='ocrx_word' id='word_1_462' title='bbox 594 4177 760 4246; x_wconf 83' lang='lat' dir='ltr'><strong>igitur</strong></span> <span class='ocrx_word' id='word_1_463' title='bbox 800 4176 872 4229; x_wconf 89' lang='lat' dir='ltr'><strong>ita</strong></span> <span class='ocrx_word' id='word_1_464' title='bbox 897 4175 1243 4231; x_wconf 87' lang='lat' dir='ltr'><strong>sentiendum</strong></span> <span class='ocrx_word' id='word_1_465' title='bbox 1297 4175 1371 4230; x_wconf 88' lang='lat' dir='ltr'><strong>sit</strong></span> <span class='ocrx_word' id='word_1_466' title='bbox 1435 4177 1504 4233; x_wconf 90' lang='lat' dir='ltr'><strong>de</strong></span> <span class='ocrx_word' id='word_1_467' title='bbox 1562 4179 1656 4234; x_wconf 86' lang='lat' dir='ltr'><strong>illo</strong></span> <span class='ocrx_word' id='word_1_468' title='bbox 1716 4179 1907 4248; x_wconf 87' lang='lat' dir='ltr'><strong>spiritu</strong></span> 
     </span>
    </p>
   </div>
   <div class='ocr_carea' id='block_1_63' title="bbox 331 4269 1907 4346">
    <p class='ocr_par' dir='ltr' id='par_1_63' title="bbox 331 4269 1907 4346">
     <span class='ocr_line' id='line_1_63' title="bbox 331 4269 1907 4346; baseline 0 -22"><span class='ocrx_word' id='word_1_469' title='bbox 331 4275 424 4346; x_wconf 73' lang='lat' dir='ltr'><strong>qui</strong></span> <span class='ocrx_word' id='word_1_470' title='bbox 453 4281 692 4340; x_wconf 84' lang='lat' dir='ltr'><strong>creatur,</strong></span> <span class='ocrx_word' id='word_1_471' title='bbox 719 4279 1082 4342; x_wconf 77' lang='lat' dir='ltr'><strong>congruenter</strong></span> <span class='ocrx_word' id='word_1_472' title='bbox 1097 4285 1320 4340; x_wconf 86' lang='lat' dir='ltr'><strong>quoque</strong></span> <span class='ocrx_word' id='word_1_473' title='bbox 1350 4269 1576 4338; x_wconf 72' lang='lat' dir='ltr'><strong>intelligi</strong></span> <span class='ocrx_word' id='word_1_474' title='bbox 1621 4277 1803 4339; x_wconf 85' lang='lat' dir='ltr'><strong>potest</strong></span> <span class='ocrx_word' id='word_1_475' title='bbox 1827 4277 1907 4324; x_wconf 89' lang='lat' dir='ltr'><strong>to-</strong></span> 
     </span>
    </p>
   </div>
   <div class='ocr_carea' id='block_1_64' title="bbox 2580 1813 3605 1884">
    <p class='ocr_par' dir='ltr' id='par_1_64' title="bbox 2580 1813 3605 1884">
     <span class='ocr_line' id='line_1_64' title="bbox 2580 1813 3605 1884; baseline 0.001 -19"><span class='ocrx_word' id='word_1_476' title='bbox 2580 1813 2958 1884; x_wconf 84' lang='grc' dir='ltr'>πεπλήρωται,</span> <span class='ocrx_word' id='word_1_477' title='bbox 2988 1814 3038 1866; x_wconf 85' lang='grc' dir='ltr'><strong>εί</strong></span> <span class='ocrx_word' id='word_1_478' title='bbox 3075 1813 3150 1884; x_wconf 81' lang='grc' dir='ltr'>μὴ</span> <span class='ocrx_word' id='word_1_479' title='bbox 3173 1813 3264 1866; x_wconf 82' lang='grc' dir='ltr'>ὅτε</span> <span class='ocrx_word' id='word_1_480' title='bbox 3297 1813 3605 1883; x_wconf 83' lang='grc' dir='ltr'>παραγενό-</span> 
     </span>
    </p>
   </div>
   <div class='ocr_carea' id='block_1_65' title="bbox 2023 1903 3602 1977">
    <p class='ocr_par' dir='ltr' id='par_1_65' title="bbox 2023 1903 3602 1977">
     <span class='ocr_line' id='line_1_65' title="bbox 2023 1903 3602 1977; baseline 0.001 -22"><span class='ocrx_word' id='word_1_481' title='bbox 2023 1919 2184 1972; x_wconf 87' lang='grc' dir='ltr'>μενος</span> <span class='ocrx_word' id='word_1_482' title='bbox 2207 1903 2238 1955; x_wconf 73' lang='grc' dir='ltr'><strong>ἑ</strong></span> <span class='ocrx_word' id='word_1_483' title='bbox 2267 1905 2470 1976; x_wconf 85' lang='grc' dir='ltr'>Κύριος</span> <span class='ocrx_word' id='word_1_484' title='bbox 2488 1905 2799 1960; x_wconf 73' lang='grc' dir='ltr'>ἀνεκαίνισε</span> <span class='ocrx_word' id='word_1_485' title='bbox 2823 1903 2894 1957; x_wconf 83' lang='grc' dir='ltr'><strong>τὰ</strong></span> <span class='ocrx_word' id='word_1_486' title='bbox 2920 1903 3098 1960; x_wconf 83' lang='grc' dir='ltr'>πάντα</span> <span class='ocrx_word' id='word_1_487' title='bbox 3121 1907 3188 1975; x_wconf 84' lang='grc' dir='ltr'>τῇ</span> <span class='ocrx_word' id='word_1_488' title='bbox 3215 1904 3397 1977; x_wconf 87' lang='grc' dir='ltr'>χάριτι</span> <span class='ocrx_word' id='word_1_489' title='bbox 3424 1921 3439 1970; x_wconf 88' lang='lat'><strong>;</strong></span> <span class='ocrx_word' id='word_1_490' title='bbox 3468 1904 3602 1958; x_wconf 81' lang='grc' dir='ltr'>Ἰδοὺ</span> 
     </span>
    </p>
   </div>
   <div class='ocr_carea' id='block_1_66' title="bbox 2019 1992 3606 2067">
    <p class='ocr_par' dir='ltr' id='par_1_66' title="bbox 2019 1992 3606 2067">
     <span class='ocr_line' id='line_1_66' title="bbox 2019 1992 3606 2067; baseline 0.001 -20"><span class='ocrx_word' id='word_1_491' title='bbox 2019 1993 2126 2063; x_wconf 73' lang='grc' dir='ltr'>γὰρ</span> <span class='ocrx_word' id='word_1_492' title='bbox 2153 1992 2247 2048; x_wconf 76' lang='grc' dir='ltr'>καὶ</span> <span class='ocrx_word' id='word_1_493' title='bbox 2276 1996 2336 2048; x_wconf 84' lang='grc' dir='ltr'><strong>ἐν</strong></span> <span class='ocrx_word' id='word_1_494' title='bbox 2364 1994 2440 2066; x_wconf 84' lang='grc' dir='ltr'>τῷ</span> <span class='ocrx_word' id='word_1_495' title='bbox 2468 1995 2618 2067; x_wconf 81' lang='grc' dir='ltr'>ῥητῷ</span> <span class='ocrx_word' id='word_1_496' title='bbox 2654 1993 2830 2065; x_wconf 82' lang='grc' dir='ltr'>τούτῳ</span> <span class='ocrx_word' id='word_1_497' title='bbox 2862 1995 2896 2065; x_wconf 79' lang='grc' dir='ltr'>ὴ</span> <span class='ocrx_word' id='word_1_498' title='bbox 2934 1995 3172 2066; x_wconf 84' lang='grc' dir='ltr'>διαφορά</span> <span class='ocrx_word' id='word_1_499' title='bbox 3202 1995 3310 2048; x_wconf 84' lang='grc' dir='ltr'><strong>τῶν</strong></span> <span class='ocrx_word' id='word_1_500' title='bbox 3358 1996 3606 2066; x_wconf 85' lang='grc' dir='ltr'>πνευμά-</span> 
     </span>
    </p>
   </div>
   <div class='ocr_carea' id='block_1_67' title="bbox 2017 2085 3602 2158">
    <p class='ocr_par' dir='ltr' id='par_1_67' title="bbox 2017 2085 3602 2158">
     <span class='ocr_line' id='line_1_67' title="bbox 2017 2085 3602 2158; baseline 0.003 -22"><span class='ocrx_word' id='word_1_501' title='bbox 2017 2100 2124 2138; x_wconf 91' lang='grc' dir='ltr'><strong>των</strong></span> <span class='ocrx_word' id='word_1_502' title='bbox 2154 2085 2425 2140; x_wconf 78' lang='grc' dir='ltr'>δείκνυται</span> <span class='ocrx_word' id='word_1_503' title='bbox 2447 2105 2460 2118; x_wconf 91' lang='grc'><strong>·</strong></span> <span class='ocrx_word' id='word_1_504' title='bbox 2492 2087 2586 2140; x_wconf 80' lang='grc' dir='ltr'>καὶ</span> <span class='ocrx_word' id='word_1_505' title='bbox 2613 2087 2672 2140; x_wconf 89' lang='lat' dir='ltr'><strong>rb</strong></span> <span class='ocrx_word' id='word_1_506' title='bbox 2707 2087 2805 2158; x_wconf 89' lang='grc' dir='ltr'><strong>μέν</strong></span> <span class='ocrx_word' id='word_1_507' title='bbox 2834 2085 3050 2156; x_wconf 82' lang='grc' dir='ltr'>πνεῦμα</span> <span class='ocrx_word' id='word_1_508' title='bbox 3080 2086 3142 2139; x_wconf 92' lang='lat' dir='ltr'><strong>rb</strong></span> <span class='ocrx_word' id='word_1_509' title='bbox 3177 2087 3334 2158; x_wconf 80' lang='grc' dir='ltr'>ἡμῶν</span> <span class='ocrx_word' id='word_1_510' title='bbox 3372 2087 3602 2141; x_wconf 83' lang='grc' dir='ltr'>ἀνακαι-</span> 
     </span>
    </p>
   </div>
   <div class='ocr_carea' id='block_1_68' title="bbox 2017 2167 3603 2250">
    <p class='ocr_par' dir='ltr' id='par_1_68' title="bbox 2017 2167 3603 2250">
     <span class='ocr_line' id='line_1_68' title="bbox 2017 2167 3603 2250; baseline -0.015 2"><span class='ocrx_word' id='word_1_511' title='bbox 2017 2176 2296 2248; x_wconf 65' lang='grc' dir='ltr'>νιξάμενόν</span> <span class='ocrx_word' id='word_1_512' title='bbox 2343 2179 2491 2231; x_wconf 71' lang='grc' dir='ltr'>ἐστι·</span> <span class='ocrx_word' id='word_1_513' title='bbox 2537 2167 2596 2232; x_wconf 76' lang='grc' dir='ltr'>τὸ</span> <span class='ocrx_word' id='word_1_514' title='bbox 2633 2177 2691 2232; x_wconf 83' lang='grc' dir='ltr'>δὲ</span> <span class='ocrx_word' id='word_1_515' title='bbox 2727 2178 2954 2250; x_wconf 87' lang='grc' dir='ltr'>Πνεῦμα</span> <span class='ocrx_word' id='word_1_516' title='bbox 2989 2179 3050 2232; x_wconf 87' lang='lat' dir='ltr'><strong>rb</strong></span> <span class='ocrx_word' id='word_1_517' title='bbox 3091 2179 3245 2248; x_wconf 75' lang='grc' dir='ltr'>ἅγιον</span> <span class='ocrx_word' id='word_1_518' title='bbox 3275 2181 3374 2250; x_wconf 87' lang='grc' dir='ltr'><strong>οὐχ</strong></span> <span class='ocrx_word' id='word_1_519' title='bbox 3416 2180 3603 2244; x_wconf 81' lang='grc' dir='ltr'>ἁπλῶς</span> 
     </span>
    </p>
   </div>
   <div class='ocr_carea' id='block_1_69' title="bbox 2017 2265 3602 2340">
    <p class='ocr_par' dir='ltr' id='par_1_69' title="bbox 2017 2265 3602 2340">
     <span class='ocr_line' id='line_1_69' title="bbox 2017 2265 3602 2340; baseline 0.005 -23"><span class='ocrx_word' id='word_1_520' title='bbox 2017 2265 2254 2336; x_wconf 86' lang='grc' dir='ltr'>πνεῦμα,</span> <span class='ocrx_word' id='word_1_521' title='bbox 2286 2267 2402 2321; x_wconf 87' lang='grc' dir='ltr'>ἀλλ’</span> <span class='ocrx_word' id='word_1_522' title='bbox 2437 2267 2633 2322; x_wconf 81' lang='grc' dir='ltr'>ἐαυτοῦ</span> <span class='ocrx_word' id='word_1_523' title='bbox 2795 2287 2962 2340; x_wconf 86' lang='grc' dir='ltr'>φησιν</span> <span class='ocrx_word' id='word_1_524' title='bbox 2985 2269 3118 2322; x_wconf 82' lang='grc' dir='ltr'>αὐτὸ</span> <span class='ocrx_word' id='word_1_525' title='bbox 3149 2265 3289 2324; x_wconf 79' lang='grc' dir='ltr'>εἶναι</span> <span class='ocrx_word' id='word_1_526' title='bbox 3315 2271 3343 2323; x_wconf 88' lang='lat'><strong>6</strong></span> <span class='ocrx_word' id='word_1_527' title='bbox 3367 2270 3519 2337; x_wconf 82' lang='grc' dir='ltr'><strong>Θεὸς,</strong></span> <span class='ocrx_word' id='word_1_528' title='bbox 3543 2273 3602 2325; x_wconf 79' lang='grc' dir='ltr'><strong>ἐν</strong></span> 
     </span>
    </p>
   </div>
   <div class='ocr_carea' id='block_1_70' title="bbox 2013 2349 3602 2432">
    <p class='ocr_par' dir='ltr' id='par_1_70' title="bbox 2013 2349 3602 2432">
     <span class='ocr_line' id='line_1_70' title="bbox 2013 2349 3602 2432; baseline 0.002 -19"><span class='ocrx_word' id='word_1_529' title='bbox 2013 2349 2060 2427; x_wconf 74' lang='grc' dir='ltr'><strong>ᾧ</strong></span> <span class='ocrx_word' id='word_1_530' title='bbox 2087 2360 2180 2413; x_wconf 75' lang='grc' dir='ltr'>καὶ</span> <span class='ocrx_word' id='word_1_531' title='bbox 2207 2361 2275 2412; x_wconf 81' lang='grc' dir='ltr'>τὰ</span> <span class='ocrx_word' id='word_1_532' title='bbox 2295 2362 2328 2431; x_wconf 85' lang='grc' dir='ltr'><strong>ή</strong></span> <span class='ocrx_word' id='word_1_533' title='bbox 2338 2361 2454 2432; x_wconf 85' lang='grc' dir='ltr'>μῶν</span> <span class='ocrx_word' id='word_1_534' title='bbox 2501 2361 2910 2427; x_wconf 80' lang='grc' dir='ltr'>ἀνακαινίζεται</span> <span class='ocrx_word' id='word_1_535' title='bbox 2930 2379 2947 2394; x_wconf 90' lang='grc'>·</span> <span class='ocrx_word' id='word_1_536' title='bbox 2970 2363 3046 2426; x_wconf 86' lang='grc' dir='ltr'>ὡς</span> <span class='ocrx_word' id='word_1_537' title='bbox 3075 2362 3169 2417; x_wconf 77' lang='grc' dir='ltr'>καὶ</span> <span class='ocrx_word' id='word_1_538' title='bbox 3212 2363 3242 2415; x_wconf 91' lang='lat'><strong>6</strong></span> <span class='ocrx_word' id='word_1_539' title='bbox 3285 2362 3502 2432; x_wconf 74' lang='grc' dir='ltr'>ψάλλων</span> <span class='ocrx_word' id='word_1_540' title='bbox 3542 2365 3602 2417; x_wconf 79' lang='grc' dir='ltr'><strong>ἐν</strong></span> 
     </span>
    </p>
   </div>
   <div class='ocr_carea' id='block_1_71' title="bbox 2015 2449 3603 2522">
    <p class='ocr_par' dir='ltr' id='par_1_71' title="bbox 2015 2449 3603 2522">
     <span class='ocr_line' id='line_1_71' title="bbox 2015 2449 3603 2522; baseline 0.001 -20"><span class='ocrx_word' id='word_1_541' title='bbox 2015 2449 2094 2520; x_wconf 84' lang='grc' dir='ltr'>τῷ</span> <span class='ocrx_word' id='word_1_542' title='bbox 2121 2450 2396 2521; x_wconf 84' lang='grc' dir='ltr'>ἑκατοστῷ</span> <span class='ocrx_word' id='word_1_543' title='bbox 2421 2451 2514 2504; x_wconf 79' lang='grc' dir='ltr'>καὶ</span> <span class='ocrx_word' id='word_1_544' title='bbox 2543 2450 2713 2522; x_wconf 88' lang='grc' dir='ltr'>τρίτῳ</span> <span class='ocrx_word' id='word_1_545' title='bbox 2735 2450 2939 2522; x_wconf 82' lang='grc' dir='ltr'>ψαλμῷ</span> <span class='ocrx_word' id='word_1_546' title='bbox 2983 2451 3133 2521; x_wconf 81' lang='grc' dir='ltr'>λέγει</span> <span class='ocrx_word' id='word_1_547' title='bbox 3153 2466 3167 2482; x_wconf 75' lang='grc' dir='ltr'><strong>ο</strong></span> <span class='ocrx_word' id='word_1_548' title='bbox 3205 2467 3224 2502; x_wconf 78' lang='grc' dir='ltr'><strong>ι</strong></span> <span class='ocrx_word' id='word_1_549' title='bbox 3269 2451 3603 2515; x_wconf 78' lang='grc' dir='ltr'>’Λντανελεῑς</span> 
     </span>
    </p>
   </div>
   <div class='ocr_carea' id='block_1_72' title="bbox 2015 2537 3603 2610">
    <p class='ocr_par' dir='ltr' id='par_1_72' title="bbox 2015 2537 3603 2610">
     <span class='ocr_line' id='line_1_72' title="bbox 2015 2537 3603 2610; baseline 0.002 -18"><span class='ocrx_word' id='word_1_550' title='bbox 2015 2538 2075 2592; x_wconf 86' lang='grc' dir='ltr'>τὸ</span> <span class='ocrx_word' id='word_1_551' title='bbox 2105 2537 2322 2608; x_wconf 83' lang='grc' dir='ltr'>πνεῦμα</span> <span class='ocrx_word' id='word_1_552' title='bbox 2353 2539 2530 2592; x_wconf 83' lang='grc' dir='ltr'>αὐτῶν</span> <span class='ocrx_word' id='word_1_553' title='bbox 2549 2580 2564 2604; x_wconf 92' lang='grc'><strong>,</strong></span> <span class='ocrx_word' id='word_1_554' title='bbox 2594 2541 2689 2594; x_wconf 73' lang='grc' dir='ltr'><strong>καὶ</strong></span> <span class='ocrx_word' id='word_1_555' title='bbox 2716 2539 3026 2608; x_wconf 80' lang='grc' dir='ltr'>ἐκλείψουσι</span> <span class='ocrx_word' id='word_1_556' title='bbox 3044 2582 3058 2607; x_wconf 93' lang='grc'><strong>,</strong></span> <span class='ocrx_word' id='word_1_557' title='bbox 3104 2540 3198 2593; x_wconf 78' lang='grc' dir='ltr'>καὶ</span> <span class='ocrx_word' id='word_1_558' title='bbox 3242 2540 3322 2604; x_wconf 81' lang='grc' dir='ltr'><strong>είς</strong></span> <span class='ocrx_word' id='word_1_559' title='bbox 3354 2540 3446 2594; x_wconf 81' lang='grc' dir='ltr'>τὸν</span> <span class='ocrx_word' id='word_1_560' title='bbox 3473 2539 3603 2610; x_wconf 85' lang='grc' dir='ltr'>χοῦν</span> 
     </span>
    </p>
   </div>
   <div class='ocr_carea' id='block_1_73' title="bbox 2014 2628 3598 2702">
    <p class='ocr_par' dir='ltr' id='par_1_73' title="bbox 2014 2628 3598 2702">
     <span class='ocr_line' id='line_1_73' title="bbox 2014 2628 3598 2702; baseline 0.003 -22"><span class='ocrx_word' id='word_1_561' title='bbox 2014 2628 2194 2682; x_wconf 81' lang='grc' dir='ltr'>αὐτῶν</span> <span class='ocrx_word' id='word_1_562' title='bbox 2217 2629 2656 2700; x_wconf 70' lang='grc' dir='ltr'>ἐπιστρέφουσιν.</span> <span class='ocrx_word' id='word_1_563' title='bbox 2706 2630 3117 2694; x_wconf 79' lang='grc' dir='ltr'>Ἐξαποστελεῖς</span> <span class='ocrx_word' id='word_1_564' title='bbox 3144 2631 3205 2684; x_wconf 94' lang='lat' dir='ltr'><strong>rb</strong></span> <span class='ocrx_word' id='word_1_565' title='bbox 3227 2630 3457 2702; x_wconf 78' lang='grc' dir='ltr'>Πνεῦμα</span> <span class='ocrx_word' id='word_1_566' title='bbox 3477 2649 3598 2698; x_wconf 92' lang='grc' dir='ltr'>σου,</span> 
     </span>
    </p>
   </div>
   <div class='ocr_carea' id='block_1_74' title="bbox 2014 2718 3601 2796">
    <p class='ocr_par' dir='ltr' id='par_1_74' title="bbox 2014 2718 3601 2796">
     <span class='ocr_line' id='line_1_74' title="bbox 2014 2718 3601 2796; baseline 0.006 -25"><span class='ocrx_word' id='word_1_567' title='bbox 2014 2719 2109 2772; x_wconf 76' lang='grc' dir='ltr'>καὶ</span> <span class='ocrx_word' id='word_1_568' title='bbox 2143 2718 2547 2792; x_wconf 83' lang='grc' dir='ltr'>κτισθήσονται,</span> <span class='ocrx_word' id='word_1_569' title='bbox 2583 2723 2679 2776; x_wconf 78' lang='grc' dir='ltr'>καὶ</span> <span class='ocrx_word' id='word_1_570' title='bbox 2703 2722 3038 2788; x_wconf 84' lang='grc' dir='ltr'>ἀνακαινιεῖς</span> <span class='ocrx_word' id='word_1_571' title='bbox 3068 2724 3132 2777; x_wconf 90' lang='lat' dir='ltr'><strong>rb</strong></span> <span class='ocrx_word' id='word_1_572' title='bbox 3167 2726 3461 2796; x_wconf 86' lang='grc' dir='ltr'>πρόσωπον</span> <span class='ocrx_word' id='word_1_573' title='bbox 3500 2726 3601 2796; x_wconf 80' lang='grc' dir='ltr'>τῆς</span> 
     </span>
    </p>
   </div>
   <div class='ocr_carea' id='block_1_75' title="bbox 2012 2810 3600 2884">
    <p class='ocr_par' dir='ltr' id='par_1_75' title="bbox 2012 2810 3600 2884">
     <span class='ocr_line' id='line_1_75' title="bbox 2012 2810 3600 2884; baseline -0.008 -7"><span class='ocrx_word' id='word_1_574' title='bbox 2012 2810 2136 2880; x_wconf 81' lang='grc' dir='ltr'><strong>γῆςο</strong></span> <span class='ocrx_word' id='word_1_575' title='bbox 2172 2829 2190 2862; x_wconf 77' lang='grc' dir='ltr'><strong>ι</strong></span> <span class='ocrx_word' id='word_1_576' title='bbox 2220 2811 2282 2862; x_wconf 78' lang='lat' dir='ltr'><strong>El</strong></span> <span class='ocrx_word' id='word_1_577' title='bbox 2315 2811 2454 2867; x_wconf 86' lang='grc' dir='ltr'><strong>δὲέν</strong></span> <span class='ocrx_word' id='word_1_578' title='bbox 2481 2811 2560 2882; x_wconf 85' lang='grc' dir='ltr'><strong>τῷ</strong></span> <span class='ocrx_word' id='word_1_579' title='bbox 2608 2812 2886 2884; x_wconf 87' lang='grc' dir='ltr'>Πνεύματι</span> <span class='ocrx_word' id='word_1_580' title='bbox 2930 2813 3024 2867; x_wconf 85' lang='grc' dir='ltr'><strong>τοῦ</strong></span> <span class='ocrx_word' id='word_1_581' title='bbox 3069 2813 3206 2868; x_wconf 85' lang='grc' dir='ltr'><strong>Θεοῦ</strong></span> <span class='ocrx_word' id='word_1_582' title='bbox 3252 2813 3600 2877; x_wconf 82' lang='grc' dir='ltr'>ἀνακαινιζιὸ-</span> 
     </span>
    </p>
   </div>
   <div class='ocr_carea' id='block_1_76' title="bbox 2018 2902 3601 2977">
    <p class='ocr_par' dir='ltr' id='par_1_76' title="bbox 2018 2902 3601 2977">
     <span class='ocr_line' id='line_1_76' title="bbox 2018 2902 3601 2977; baseline 0.003 -21"><span class='ocrx_word' id='word_1_583' title='bbox 2018 2902 2185 2973; x_wconf 77' lang='grc' dir='ltr'>μεθαο</span> <span class='ocrx_word' id='word_1_584' title='bbox 2210 2903 2310 2957; x_wconf 83' lang='grc' dir='ltr'>οὑκ</span> <span class='ocrx_word' id='word_1_585' title='bbox 2339 2904 2448 2977; x_wconf 79' lang='grc' dir='ltr'>ἄρα</span> <span class='ocrx_word' id='word_1_586' title='bbox 2471 2907 2533 2958; x_wconf 90' lang='lat' dir='ltr'><strong>rb</strong></span> <span class='ocrx_word' id='word_1_587' title='bbox 2555 2906 2779 2976; x_wconf 82' lang='grc' dir='ltr'>Πνεῦμα</span> <span class='ocrx_word' id='word_1_588' title='bbox 2805 2906 2866 2959; x_wconf 86' lang='grc' dir='ltr'>τὸ</span> <span class='ocrx_word' id='word_1_589' title='bbox 2895 2907 3049 2976; x_wconf 76' lang='grc' dir='ltr'>ἅγιόν</span> <span class='ocrx_word' id='word_1_590' title='bbox 3074 2909 3190 2960; x_wconf 87' lang='grc' dir='ltr'>ἐστι</span> <span class='ocrx_word' id='word_1_591' title='bbox 3218 2906 3281 2960; x_wconf 91' lang='lat' dir='ltr'><strong>rb</strong></span> <span class='ocrx_word' id='word_1_592' title='bbox 3319 2906 3415 2960; x_wconf 89' lang='grc' dir='ltr'><strong>νῦν</strong></span> <span class='ocrx_word' id='word_1_593' title='bbox 3447 2908 3601 2975; x_wconf 90' lang='grc' dir='ltr'>λεγό-</span> 
     </span>
    </p>
   </div>
   <div class='ocr_carea' id='block_1_77' title="bbox 2017 2993 3598 3069">
    <p class='ocr_par' dir='ltr' id='par_1_77' title="bbox 2017 2993 3598 3069">
     <span class='ocr_line' id='line_1_77' title="bbox 2017 2993 3598 3069; baseline 0.003 -24"><span class='ocrx_word' id='word_1_594' title='bbox 2017 3009 2176 3062; x_wconf 84' lang='grc' dir='ltr'>μενον</span> <span class='ocrx_word' id='word_1_595' title='bbox 2192 2993 2409 3066; x_wconf 87' lang='grc' dir='ltr'>πνεῦμα</span> <span class='ocrx_word' id='word_1_596' title='bbox 2429 2995 2730 3064; x_wconf 79' lang='grc' dir='ltr'>κτίξεσθαι,</span> <span class='ocrx_word' id='word_1_597' title='bbox 2742 2997 2880 3051; x_wconf 87' lang='grc' dir='ltr'>ἀλλὰ</span> <span class='ocrx_word' id='word_1_598' title='bbox 2894 2998 2954 3050; x_wconf 88' lang='lat' dir='ltr'><strong>rb</strong></span> <span class='ocrx_word' id='word_1_599' title='bbox 2967 3000 2999 3067; x_wconf 81' lang='grc' dir='ltr'>ἡ</span> <span class='ocrx_word' id='word_1_600' title='bbox 3010 2997 3257 3069; x_wconf 86' lang='grc' dir='ltr'>μέτερον.</span> <span class='ocrx_word' id='word_1_601' title='bbox 3284 2998 3394 3051; x_wconf 72' lang='grc' dir='ltr'><strong>Καὶ</strong></span> <span class='ocrx_word' id='word_1_602' title='bbox 3415 2997 3598 3069; x_wconf 72' lang='grc' dir='ltr'>εἴπερ,</span> 
     </span>
    </p>
   </div>
   <div class='ocr_carea' id='block_1_78' title="bbox 2837 3087 3601 3159">
    <p class='ocr_par' dir='ltr' id='par_1_78' title="bbox 2837 3087 3601 3159">
     <span class='ocr_line' id='line_1_78' title="bbox 2837 3087 3601 3159; baseline 0 -19"><span class='ocrx_word' id='word_1_603' title='bbox 2837 3087 2925 3141; x_wconf 83' lang='grc' dir='ltr'><strong>διὰ</strong></span> <span class='ocrx_word' id='word_1_604' title='bbox 2966 3087 3060 3140; x_wconf 88' lang='grc' dir='ltr'><strong>τοῦ</strong></span> <span class='ocrx_word' id='word_1_605' title='bbox 3107 3089 3316 3156; x_wconf 83' lang='grc' dir='ltr'>Λόγου,</span> <span class='ocrx_word' id='word_1_606' title='bbox 3351 3091 3601 3159; x_wconf 79' lang='grc' dir='ltr'>φρονεῖτε</span> 
     </span>
    </p>
   </div>
   <div class='ocr_carea' id='block_1_79' title="bbox 2013 3173 3601 3250">
    <p class='ocr_par' dir='ltr' id='par_1_79' title="bbox 2013 3173 3601 3250">
     <span class='ocr_line' id='line_1_79' title="bbox 2013 3173 3601 3250; baseline 0.004 -23"><span class='ocrx_word' id='word_1_607' title='bbox 2013 3173 2192 3238; x_wconf 81' lang='grc' dir='ltr'>καλῶς</span> <span class='ocrx_word' id='word_1_608' title='bbox 2222 3175 2294 3247; x_wconf 85' lang='grc' dir='ltr'>μὴ</span> <span class='ocrx_word' id='word_1_609' title='bbox 2325 3174 2462 3230; x_wconf 73' lang='grc' dir='ltr'>εἶναι</span> <span class='ocrx_word' id='word_1_610' title='bbox 2487 3179 2692 3249; x_wconf 84' lang='grc' dir='ltr'>κτίσμα</span> <span class='ocrx_word' id='word_1_611' title='bbox 2725 3179 2815 3230; x_wconf 85' lang='lat' dir='ltr'><strong>rbv</strong></span> <span class='ocrx_word' id='word_1_612' title='bbox 2847 3178 2972 3232; x_wconf 80' lang='grc' dir='ltr'>Υίόν</span> <span class='ocrx_word' id='word_1_613' title='bbox 2993 3195 3006 3208; x_wconf 81' lang='lat'><strong><em>°</em></strong></span> <span class='ocrx_word' id='word_1_614' title='bbox 3039 3179 3156 3242; x_wconf 84' lang='grc' dir='ltr'><strong>πῶς</strong></span> <span class='ocrx_word' id='word_1_615' title='bbox 3186 3180 3245 3231; x_wconf 84' lang='grc' dir='ltr'>οὐ</span> <span class='ocrx_word' id='word_1_616' title='bbox 3277 3178 3601 3250; x_wconf 85' lang='grc' dir='ltr'>βλάσφημόν</span> 
     </span>
    </p>
   </div>
   <div class='ocr_carea' id='block_1_80' title="bbox 2011 3262 3602 3340">
    <p class='ocr_par' dir='ltr' id='par_1_80' title="bbox 2011 3262 3602 3340">
     <span class='ocr_line' id='line_1_80' title="bbox 2011 3262 3602 3340; baseline 0.004 -23"><span class='ocrx_word' id='word_1_617' title='bbox 2011 3265 2129 3318; x_wconf 71' lang='grc' dir='ltr'>ἐστι</span> <span class='ocrx_word' id='word_1_618' title='bbox 2157 3265 2334 3334; x_wconf 86' lang='grc' dir='ltr'>λέγειν</span> <span class='ocrx_word' id='word_1_619' title='bbox 2363 3267 2510 3338; x_wconf 84' lang='grc' dir='ltr'>ὑμᾶς</span> <span class='ocrx_word' id='word_1_620' title='bbox 2540 3268 2745 3339; x_wconf 85' lang='grc' dir='ltr'>κτίσμα</span> <span class='ocrx_word' id='word_1_621' title='bbox 2771 3269 2834 3322; x_wconf 89' lang='lat' dir='ltr'><strong>rb</strong></span> <span class='ocrx_word' id='word_1_622' title='bbox 2859 3268 3105 3340; x_wconf 86' lang='grc' dir='ltr'>Πνεῦμα,</span> <span class='ocrx_word' id='word_1_623' title='bbox 3151 3270 3210 3324; x_wconf 85' lang='grc' dir='ltr'><strong>ἐν</strong></span> <span class='ocrx_word' id='word_1_624' title='bbox 3237 3262 3282 3337; x_wconf 83' lang='grc' dir='ltr'>ᾧ</span> <span class='ocrx_word' id='word_1_625' title='bbox 3320 3269 3388 3324; x_wconf 82' lang='grc' dir='ltr'>τὰ</span> <span class='ocrx_word' id='word_1_626' title='bbox 3426 3272 3602 3324; x_wconf 84' lang='grc' dir='ltr'>πάντα</span> 
     </span>
    </p>
   </div>
   <div class='ocr_carea' id='block_1_81' title="bbox 2013 3355 3602 3427">
    <p class='ocr_par' dir='ltr' id='par_1_81' title="bbox 2013 3355 3602 3427">
     <span class='ocr_line' id='line_1_81' title="bbox 2013 3355 3602 3427; baseline 0.004 -19"><span class='ocrx_word' id='word_1_627' title='bbox 2013 3357 2043 3408; x_wconf 98' lang='lat'><strong>6</strong></span> <span class='ocrx_word' id='word_1_628' title='bbox 2071 3356 2262 3427; x_wconf 84' lang='grc' dir='ltr'>Πατὴρ</span> <span class='ocrx_word' id='word_1_629' title='bbox 2286 3355 2374 3409; x_wconf 80' lang='grc' dir='ltr'>διὰ</span> <span class='ocrx_word' id='word_1_630' title='bbox 2411 3356 2507 3410; x_wconf 86' lang='grc' dir='ltr'><strong>τοῦ</strong></span> <span class='ocrx_word' id='word_1_631' title='bbox 2539 3357 2715 3426; x_wconf 85' lang='grc' dir='ltr'>Λόγου</span> <span class='ocrx_word' id='word_1_632' title='bbox 2741 3357 2940 3411; x_wconf 88' lang='grc' dir='ltr'>τελειοί</span> <span class='ocrx_word' id='word_1_633' title='bbox 2971 3358 3066 3412; x_wconf 80' lang='grc' dir='ltr'>καὶ</span> <span class='ocrx_word' id='word_1_634' title='bbox 3087 3357 3430 3422; x_wconf 78' lang='grc' dir='ltr'>ἅνακαινίζει</span> <span class='ocrx_word' id='word_1_635' title='bbox 3457 3361 3602 3426; x_wconf 77' lang='grc' dir='ltr'><strong>;Καὶ</strong></span> 
     </span>
    </p>
   </div>
   <div class='ocr_carea' id='block_1_82' title="bbox 2013 3447 3598 3520">
    <p class='ocr_par' dir='ltr' id='par_1_82' title="bbox 2013 3447 3598 3520">
     <span class='ocr_line' id='line_1_82' title="bbox 2013 3447 3598 3520; baseline 0.001 -20"><span class='ocrx_word' id='word_1_636' title='bbox 2013 3449 2084 3512; x_wconf 87' lang='grc' dir='ltr'><strong>εί,</strong></span> <span class='ocrx_word' id='word_1_637' title='bbox 2115 3447 2203 3500; x_wconf 83' lang='grc' dir='ltr'>διὰ</span> <span class='ocrx_word' id='word_1_638' title='bbox 2233 3447 2292 3502; x_wconf 86' lang='lat' dir='ltr'><strong>rb</strong></span> <span class='ocrx_word' id='word_1_639' title='bbox 2320 3447 2632 3520; x_wconf 78' lang='grc' dir='ltr'>γεγρᾴφθαι</span> <span class='ocrx_word' id='word_1_640' title='bbox 2678 3448 2867 3512; x_wconf 81' lang='grc' dir='ltr'>ἁπλῶς</span> <span class='ocrx_word' id='word_1_641' title='bbox 2904 3448 3126 3520; x_wconf 88' lang='grc' dir='ltr'>πνεῦμα</span> <span class='ocrx_word' id='word_1_642' title='bbox 3167 3449 3470 3515; x_wconf 77' lang='grc' dir='ltr'>κτίξεσθαι,</span> <span class='ocrx_word' id='word_1_643' title='bbox 3503 3451 3598 3504; x_wconf 84' lang='grc' dir='ltr'>ἀν-</span> 
     </span>
    </p>
   </div>
   <div class='ocr_carea' id='block_1_83' title="bbox 2011 3535 3600 3612">
    <p class='ocr_par' dir='ltr' id='par_1_83' title="bbox 2011 3535 3600 3612">
     <span class='ocr_line' id='line_1_83' title="bbox 2011 3535 3600 3612; baseline 0.004 -22"><span class='ocrx_word' id='word_1_644' title='bbox 2011 3539 2317 3594; x_wconf 77' lang='grc' dir='ltr'>επλάσαντο</span> <span class='ocrx_word' id='word_1_645' title='bbox 2342 3541 2557 3604; x_wconf 79' lang='grc' dir='ltr'>ἑαυτοῖς</span> <span class='ocrx_word' id='word_1_646' title='bbox 2582 3535 2721 3593; x_wconf 71' lang='grc' dir='ltr'>εἶναι</span> <span class='ocrx_word' id='word_1_647' title='bbox 2766 3539 2926 3593; x_wconf 88' lang='grc' dir='ltr'>τοῦτο</span> <span class='ocrx_word' id='word_1_648' title='bbox 2959 3540 3020 3594; x_wconf 90' lang='lat' dir='ltr'><strong>rb</strong></span> <span class='ocrx_word' id='word_1_649' title='bbox 3052 3537 3279 3612; x_wconf 88' lang='grc' dir='ltr'>Πνεῦμα</span> <span class='ocrx_word' id='word_1_650' title='bbox 3321 3542 3383 3595; x_wconf 89' lang='lat' dir='ltr'><strong>rb</strong></span> <span class='ocrx_word' id='word_1_651' title='bbox 3417 3542 3600 3612; x_wconf 72' lang='grc' dir='ltr'>ἅγιον·</span> 
     </span>
    </p>
   </div>
   <div class='ocr_carea' id='block_1_84' title="bbox 2013 3630 3602 3704">
    <p class='ocr_par' dir='ltr' id='par_1_84' title="bbox 2013 3630 3602 3704">
     <span class='ocr_line' id='line_1_84' title="bbox 2013 3630 3602 3704; baseline 0.003 -21"><span class='ocrx_word' id='word_1_652' title='bbox 2013 3630 2299 3703; x_wconf 83' lang='grc' dir='ltr'>πεισθῆναι</span> <span class='ocrx_word' id='word_1_653' title='bbox 2317 3631 2501 3685; x_wconf 77' lang='grc' dir='ltr'>λοιπὸν</span> <span class='ocrx_word' id='word_1_654' title='bbox 2521 3631 2848 3700; x_wconf 74' lang='grc' dir='ltr'>ὀφείλουσιν,</span> <span class='ocrx_word' id='word_1_655' title='bbox 3013 3633 3095 3686; x_wconf 85' lang='grc' dir='ltr'>ὅτι</span> <span class='ocrx_word' id='word_1_656' title='bbox 3129 3633 3204 3704; x_wconf 84' lang='grc' dir='ltr'>μὴ</span> <span class='ocrx_word' id='word_1_657' title='bbox 3221 3632 3281 3686; x_wconf 90' lang='lat' dir='ltr'><strong>rb</strong></span> <span class='ocrx_word' id='word_1_658' title='bbox 3296 3633 3524 3704; x_wconf 82' lang='grc' dir='ltr'>Πνεῦμα</span> <span class='ocrx_word' id='word_1_659' title='bbox 3545 3635 3602 3689; x_wconf 86' lang='lat' dir='ltr'><strong>rb</strong></span> 
     </span>
    </p>
   </div>
   <div class='ocr_carea' id='block_1_85' title="bbox 2013 3722 3600 3796">
    <p class='ocr_par' dir='ltr' id='par_1_85' title="bbox 2013 3722 3600 3796">
     <span class='ocr_line' id='line_1_85' title="bbox 2013 3722 3600 3796; baseline 0.001 -20"><span class='ocrx_word' id='word_1_660' title='bbox 2013 3723 2170 3792; x_wconf 72' lang='grc' dir='ltr'>ἅγιόν</span> <span class='ocrx_word' id='word_1_661' title='bbox 2207 3723 2326 3777; x_wconf 87' lang='grc' dir='ltr'>ἐστι</span> <span class='ocrx_word' id='word_1_662' title='bbox 2353 3723 2415 3776; x_wconf 90' lang='lat' dir='ltr'><strong>rb</strong></span> <span class='ocrx_word' id='word_1_663' title='bbox 2438 3723 2777 3795; x_wconf 82' lang='grc' dir='ltr'>κτιζόμενον,</span> <span class='ocrx_word' id='word_1_664' title='bbox 2804 3722 2941 3776; x_wconf 85' lang='grc' dir='ltr'><strong>ἀλλά</strong></span> <span class='ocrx_word' id='word_1_665' title='bbox 2985 3725 3046 3775; x_wconf 92' lang='lat' dir='ltr'><strong>rb</strong></span> <span class='ocrx_word' id='word_1_666' title='bbox 3091 3725 3359 3796; x_wconf 82' lang='grc' dir='ltr'>ἡμέτερόν</span> <span class='ocrx_word' id='word_1_667' title='bbox 3386 3727 3501 3779; x_wconf 85' lang='grc' dir='ltr'>ἐστι</span> <span class='ocrx_word' id='word_1_668' title='bbox 3539 3725 3600 3778; x_wconf 85' lang='grc' dir='ltr'>τὸ</span> 
     </span>
    </p>
   </div>
   <div class='ocr_carea' id='block_1_86' title="bbox 2009 3810 3600 3886">
    <p class='ocr_par' dir='ltr' id='par_1_86' title="bbox 2009 3810 3600 3886">
     <span class='ocr_line' id='line_1_86' title="bbox 2009 3810 3600 3886; baseline 0 -20"><span class='ocrx_word' id='word_1_669' title='bbox 2009 3813 2068 3867; x_wconf 77' lang='grc' dir='ltr'><strong>ἐν</strong></span> <span class='ocrx_word' id='word_1_670' title='bbox 2097 3813 2247 3884; x_wconf 80' lang='grc' dir='ltr'><strong>αὑτῷ</strong></span> <span class='ocrx_word' id='word_1_671' title='bbox 2287 3815 2768 3885; x_wconf 73' lang='grc' dir='ltr'>ἀνακαινιζόμενον</span> <span class='ocrx_word' id='word_1_672' title='bbox 2791 3832 2804 3844; x_wconf 90' lang='grc'><strong>·</strong></span> <span class='ocrx_word' id='word_1_673' title='bbox 2844 3815 2973 3886; x_wconf 75' lang='grc' dir='ltr'>περὶ</span> <span class='ocrx_word' id='word_1_674' title='bbox 3013 3810 3075 3869; x_wconf 74' lang='grc' dir='ltr'><strong>οὗ</strong></span> <span class='ocrx_word' id='word_1_675' title='bbox 3118 3817 3214 3869; x_wconf 74' lang='grc' dir='ltr'>καὶ</span> <span class='ocrx_word' id='word_1_676' title='bbox 3269 3819 3299 3870; x_wconf 98' lang='lat'><strong>6</strong></span> <span class='ocrx_word' id='word_1_677' title='bbox 3504 3818 3600 3867; x_wconf 89' lang='grc' dir='ltr'><strong>Δα-</strong></span> 
     </span>
    </p>
   </div>
   <div class='ocr_carea' id='block_1_87' title="bbox 2009 3900 3597 3979">
    <p class='ocr_par' dir='ltr' id='par_1_87' title="bbox 2009 3900 3597 3979">
     <span class='ocr_line' id='line_1_87' title="bbox 2009 3900 3597 3979; baseline -0.002 -23"><span class='ocrx_word' id='word_1_678' title='bbox 2009 3900 2098 3956; x_wconf 74' lang='grc' dir='ltr'>δὶδ</span> <span class='ocrx_word' id='word_1_679' title='bbox 2137 3901 2335 3974; x_wconf 70' lang='grc' dir='ltr'>ηὔχετο</span> <span class='ocrx_word' id='word_1_680' title='bbox 2373 3903 2590 3974; x_wconf 71' lang='grc' dir='ltr'>ψάλλων</span> <span class='ocrx_word' id='word_1_681' title='bbox 2631 3923 2644 3936; x_wconf 93' lang='grc'><strong>·</strong></span> <span class='ocrx_word' id='word_1_682' title='bbox 2695 3923 2714 3956; x_wconf 74' lang='grc' dir='ltr'><strong>ι</strong></span> <span class='ocrx_word' id='word_1_683' title='bbox 2754 3905 2998 3979; x_wconf 85' lang='grc' dir='ltr'>Καρδίαν</span> <span class='ocrx_word' id='word_1_684' title='bbox 3031 3905 3280 3977; x_wconf 83' lang='grc' dir='ltr'>καθαρὰν</span> <span class='ocrx_word' id='word_1_685' title='bbox 3318 3902 3502 3959; x_wconf 82' lang='grc' dir='ltr'>κτίσον</span> <span class='ocrx_word' id='word_1_686' title='bbox 3542 3906 3597 3956; x_wconf 79' lang='grc' dir='ltr'><strong>ἐν</strong></span> 
     </span>
    </p>
   </div>
   <div class='ocr_carea' id='block_1_88' title="bbox 2019 3989 3592 4064">
    <p class='ocr_par' dir='ltr' id='par_1_88' title="bbox 2019 3989 3592 4064">
     <span class='ocr_line' id='line_1_88' title="bbox 2019 3989 3592 4064; baseline -0.004 -16"><span class='ocrx_word' id='word_1_687' title='bbox 2019 3995 2166 4064; x_wconf 61' lang='grc' dir='ltr'>ἐμοὶ,</span> <span class='ocrx_word' id='word_1_688' title='bbox 2201 3998 2228 4048; x_wconf 92' lang='lat'><strong>6</strong></span> <span class='ocrx_word' id='word_1_689' title='bbox 2258 3995 2411 4053; x_wconf 75' lang='grc' dir='ltr'>Θεδς,</span> <span class='ocrx_word' id='word_1_690' title='bbox 2449 3996 2542 4046; x_wconf 70' lang='grc' dir='ltr'>καὶ</span> <span class='ocrx_word' id='word_1_691' title='bbox 2573 3993 2790 4063; x_wconf 79' lang='grc' dir='ltr'>πνεῦμα</span> <span class='ocrx_word' id='word_1_692' title='bbox 2845 3993 3000 4056; x_wconf 72' lang='grc' dir='ltr'>εὺθὲς</span> <span class='ocrx_word' id='word_1_693' title='bbox 3049 3994 3354 4055; x_wconf 84' lang='grc' dir='ltr'>ἐγκαίνισον</span> <span class='ocrx_word' id='word_1_694' title='bbox 3390 3993 3449 4044; x_wconf 81' lang='grc' dir='ltr'><strong>ἐν</strong></span> <span class='ocrx_word' id='word_1_695' title='bbox 3479 3989 3592 4050; x_wconf 80' lang='grc' dir='ltr'>τοῖς</span> 
     </span>
    </p>
   </div>
   <div class='ocr_carea' id='block_1_89' title="bbox 2015 4087 2500 4158">
    <p class='ocr_par' dir='ltr' id='par_1_89' title="bbox 2015 4087 2500 4158">
     <span class='ocr_line' id='line_1_89' title="bbox 2015 4087 2500 4158; baseline -0.006 -18"><span class='ocrx_word' id='word_1_696' title='bbox 2015 4087 2276 4158; x_wconf 81' lang='grc' dir='ltr'>ἐγκάτοις</span> <span class='ocrx_word' id='word_1_697' title='bbox 2311 4104 2432 4156; x_wconf 83' lang='grc' dir='ltr'>μου.</span> <span class='ocrx_word' id='word_1_698' title='bbox 2483 4107 2500 4137; x_wconf 74' lang='grc' dir='ltr'><strong>ι</strong></span> 
     </span>
    </p>
   </div>
   <div class='ocr_carea' id='block_1_90' title="bbox 2091 4171 3592 4246">
    <p class='ocr_par' dir='ltr' id='par_1_90' title="bbox 2091 4171 3592 4246">
     <span class='ocr_line' id='line_1_90' title="bbox 2091 4171 3592 4246; baseline -0.007 -16"><span class='ocrx_word' id='word_1_699' title='bbox 2091 4175 2304 4230; x_wconf 82' lang='grc' dir='ltr'>Οὐκοῦν</span> <span class='ocrx_word' id='word_1_700' title='bbox 2380 4175 2479 4230; x_wconf 87' lang='grc' dir='ltr'><strong>τοῦ</strong></span> <span class='ocrx_word' id='word_1_701' title='bbox 2571 4175 2894 4246; x_wconf 78' lang='grc' dir='ltr'>κτιζομένου</span> <span class='ocrx_word' id='word_1_702' title='bbox 2959 4176 3270 4246; x_wconf 84' lang='grc' dir='ltr'>πνεύματος</span> <span class='ocrx_word' id='word_1_703' title='bbox 3332 4171 3592 4236; x_wconf 82' lang='grc' dir='ltr'>τοιαύτην</span> 
     </span>
    </p>
   </div>
   <div class='ocr_carea' id='block_1_91' title="bbox 2009 4266 3591 4342">
    <p class='ocr_par' dir='ltr' id='par_1_91' title="bbox 2009 4266 3591 4342">
     <span class='ocr_line' id='line_1_91' title="bbox 2009 4266 3591 4342; baseline -0.001 -19"><span class='ocrx_word' id='word_1_704' title='bbox 2009 4269 2226 4342; x_wconf 67' lang='grc' dir='ltr'>ἔχοντος</span> <span class='ocrx_word' id='word_1_705' title='bbox 2245 4269 2344 4341; x_wconf 86' lang='grc' dir='ltr'>τὴν</span> <span class='ocrx_word' id='word_1_706' title='bbox 2386 4269 2653 4336; x_wconf 80' lang='grc' dir='ltr'>διάνοιαν,</span> <span class='ocrx_word' id='word_1_707' title='bbox 2689 4270 3010 4341; x_wconf 81' lang='grc' dir='ltr'>πρεπόντως</span> <span class='ocrx_word' id='word_1_708' title='bbox 3051 4270 3119 4324; x_wconf 79' lang='grc' dir='ltr'>ἂν</span> <span class='ocrx_word' id='word_1_709' title='bbox 3159 4267 3379 4338; x_wconf 84' lang='grc' dir='ltr'>νοηθείη</span> <span class='ocrx_word' id='word_1_710' title='bbox 3431 4266 3526 4322; x_wconf 80' lang='grc' dir='ltr'>καὶ</span> <span class='ocrx_word' id='word_1_711' title='bbox 3556 4269 3591 4338; x_wconf 76' lang='grc' dir='ltr'>ἡ</span> 
     </span>
    </p>
   </div>
   <div class='ocr_carea' id='block_1_92' title="bbox 331 4360 1914 4447">
    <p class='ocr_par' dir='ltr' id='par_1_92' title="bbox 331 4360 1914 4435">
     <span class='ocr_line' id='line_1_92' title="bbox 331 4360 1914 4435; baseline -0.004 -12"><span class='ocrx_word' id='word_1_712' title='bbox 331 4369 500 4432; x_wconf 89' lang='lat' dir='ltr'><strong>nitru,</strong></span> <span class='ocrx_word' id='word_1_713' title='bbox 528 4365 672 4435; x_wconf 89' lang='lat' dir='ltr'><strong>quod</strong></span> <span class='ocrx_word' id='word_1_714' title='bbox 707 4361 914 4418; x_wconf 85' lang='lat' dir='ltr'><strong>lirmari</strong></span> <span class='ocrx_word' id='word_1_715' title='bbox 945 4360 1143 4416; x_wconf 87' lang='lat' dir='ltr'><strong>ibidem</strong></span> <span class='ocrx_word' id='word_1_716' title='bbox 1186 4361 1410 4425; x_wconf 90' lang='lat' dir='ltr'><strong>dicitur,</strong></span> <span class='ocrx_word' id='word_1_717' title='bbox 1453 4361 1628 4416; x_wconf 85' lang='lat' dir='ltr'><strong>ﬁdelis</strong></span> <span class='ocrx_word' id='word_1_718' title='bbox 1652 4377 1833 4416; x_wconf 89' lang='lat' dir='ltr'><strong>sermo</strong></span> <span class='ocrx_word' id='word_1_719' title='bbox 1859 4370 1914 4417; x_wconf 89' lang='lat' dir='ltr'><strong>et</strong></span> 
     </span>
    </p>
   </div>
   <div class='ocr_carea' id='block_1_93' title="bbox 2015 4360 3594 4447">
    <p class='ocr_par' dir='ltr' id='par_1_93' title="bbox 2017 4360 3594 4434">
     <span class='ocr_line' id='line_1_93' title="bbox 2017 4360 3594 4434; baseline -0.003 -18"><span class='ocrx_word' id='word_1_720' title='bbox 2017 4362 2379 4434; x_wconf 82' lang='grc' dir='ltr'>στερεουμένη</span> <span class='ocrx_word' id='word_1_721' title='bbox 2431 4361 2626 4433; x_wconf 82' lang='grc' dir='ltr'>βροντὴ</span> <span class='ocrx_word' id='word_1_722' title='bbox 2660 4363 2689 4414; x_wconf 90' lang='lat'><strong>6</strong></span> <span class='ocrx_word' id='word_1_723' title='bbox 2725 4361 2914 4424; x_wconf 79' lang='grc' dir='ltr'>πιστὸς</span> <span class='ocrx_word' id='word_1_724' title='bbox 2947 4361 3134 4430; x_wconf 87' lang='grc' dir='ltr'>λόγος,</span> <span class='ocrx_word' id='word_1_725' title='bbox 3169 4360 3263 4414; x_wconf 75' lang='grc' dir='ltr'>καὶ</span> <span class='ocrx_word' id='word_1_726' title='bbox 3294 4361 3594 4424; x_wconf 84' lang='grc' dir='ltr'>ἀσάλευτος</span> 
     </span>
    </p>
   </div>
   <div class='ocr_carea' id='block_1_94' title="bbox 332 4447 1914 4524">
    <p class='ocr_par' dir='ltr' id='par_1_94' title="bbox 332 4451 1913 4524">
     <span class='ocr_line' id='line_1_94' title="bbox 332 4451 1913 4524; baseline -0.006 -8"><span class='ocrx_word' id='word_1_727' title='bbox 332 4458 630 4515; x_wconf 87' lang='lat' dir='ltr'><strong>immobilis</strong></span> <span class='ocrx_word' id='word_1_728' title='bbox 679 4457 764 4511; x_wconf 81' lang='lat' dir='ltr'><strong>lex</strong></span> <span class='ocrx_word' id='word_1_729' title='bbox 823 4453 1051 4524; x_wconf 88' lang='lat' dir='ltr'><strong>spiritus</strong></span> <span class='ocrx_word' id='word_1_730' title='bbox 1099 4474 1111 4508; x_wconf 88' lang='lat'><strong>:</strong></span> <span class='ocrx_word' id='word_1_731' title='bbox 1151 4452 1312 4522; x_wconf 85' lang='lat' dir='ltr'><strong>cujus</strong></span> <span class='ocrx_word' id='word_1_732' title='bbox 1366 4467 1488 4506; x_wconf 91' lang='lat' dir='ltr'><strong>cum</strong></span> <span class='ocrx_word' id='word_1_733' title='bbox 1548 4451 1811 4508; x_wconf 84' lang='lat' dir='ltr'><strong>Jacobum</strong></span> <span class='ocrx_word' id='word_1_734' title='bbox 1858 4460 1913 4506; x_wconf 91' lang='lat' dir='ltr'><strong>et</strong></span> 
     </span>
    </p>
   </div>
   <div class='ocr_carea' id='block_1_95' title="bbox 2015 4447 3596 4524">
    <p class='ocr_par' dir='ltr' id='par_1_95' title="bbox 2015 4447 3596 4523">
     <span class='ocr_line' id='line_1_95' title="bbox 2015 4447 3596 4523; baseline -0.004 -16"><span class='ocrx_word' id='word_1_735' title='bbox 2015 4453 2108 4508; x_wconf 86' lang='grc' dir='ltr'><strong>τοῦ</strong></span> <span class='ocrx_word' id='word_1_736' title='bbox 2139 4453 2447 4521; x_wconf 86' lang='grc' dir='ltr'>πνεύματος</span> <span class='ocrx_word' id='word_1_737' title='bbox 2467 4455 2495 4508; x_wconf 91' lang='lat'><strong>6</strong></span> <span class='ocrx_word' id='word_1_738' title='bbox 2530 4453 2712 4523; x_wconf 88' lang='grc' dir='ltr'>νόμος.</span> <span class='ocrx_word' id='word_1_739' title='bbox 2743 4451 2947 4505; x_wconf 86' lang='grc' dir='ltr'>Τούτου</span> <span class='ocrx_word' id='word_1_740' title='bbox 2988 4450 3097 4522; x_wconf 86' lang='grc' dir='ltr'>γὰρ</span> <span class='ocrx_word' id='word_1_741' title='bbox 3137 4451 3419 4521; x_wconf 82' lang='grc' dir='ltr'>ὑπηρέτας</span> <span class='ocrx_word' id='word_1_742' title='bbox 3452 4447 3596 4504; x_wconf 80' lang='grc' dir='ltr'>εἶναι</span> 
     </span>
    </p>
   </div>
   <div class='ocr_carea' id='block_1_96' title="bbox 329 4541 1912 4609">
    <p class='ocr_par' dir='ltr' id='par_1_96' title="bbox 329 4541 1912 4609">
     <span class='ocr_line' id='line_1_96' title="bbox 329 4541 1912 4609; baseline -0.004 -5"><span class='ocrx_word' id='word_1_743' title='bbox 329 4548 595 4604; x_wconf 85' lang='lat' dir='ltr'><strong>Joannem</strong></span> <span class='ocrx_word' id='word_1_744' title='bbox 625 4546 908 4602; x_wconf 83' lang='lat' dir='ltr'><strong>ministros</strong></span> <span class='ocrx_word' id='word_1_745' title='bbox 939 4559 1064 4600; x_wconf 88' lang='lat' dir='ltr'><strong>esse</strong></span> <span class='ocrx_word' id='word_1_746' title='bbox 1090 4543 1254 4599; x_wconf 88' lang='lat' dir='ltr'><strong>vellet</strong></span> <span class='ocrx_word' id='word_1_747' title='bbox 1300 4541 1591 4609; x_wconf 90' lang='lat' dir='ltr'><strong>Dominus,</strong></span> <span class='ocrx_word' id='word_1_748' title='bbox 1617 4543 1739 4598; x_wconf 89' lang='lat' dir='ltr'><strong>illos</strong></span> <span class='ocrx_word' id='word_1_749' title='bbox 1771 4541 1912 4598; x_wconf 87' lang='lat' dir='ltr'><strong>Boa-</strong></span> 
     </span>
    </p>
   </div>
   <div class='ocr_carea' id='block_1_97' title="bbox 330 4633 1910 4712">
    <p class='ocr_par' dir='ltr' id='par_1_97' title="bbox 330 4633 1910 4712">
     <span class='ocr_line' id='line_1_97' title="bbox 330 4633 1910 4712; baseline -0.003 -18"><span class='ocrx_word' id='word_1_750' title='bbox 330 4656 524 4712; x_wconf 80' lang='lat' dir='ltr'><strong>nerges</strong></span> <span class='ocrx_word' id='word_1_751' title='bbox 581 4637 904 4701; x_wconf 89' lang='lat' dir='ltr'><strong>nominavit,</strong></span> <span class='ocrx_word' id='word_1_752' title='bbox 939 4635 1086 4706; x_wconf 91' lang='lat' dir='ltr'><strong>quod</strong></span> <span class='ocrx_word' id='word_1_753' title='bbox 1132 4643 1238 4701; x_wconf 86' lang='lat' dir='ltr'><strong>est,</strong></span> <span class='ocrx_word' id='word_1_754' title='bbox 1277 4633 1375 4688; x_wconf 84' lang='lat' dir='ltr'><strong>ﬁlii</strong></span> <span class='ocrx_word' id='word_1_755' title='bbox 1426 4635 1653 4690; x_wconf 87' lang='lat' dir='ltr'><strong>tonitrui</strong></span> <span class='ocrx_word' id='word_1_756' title='bbox 1681 4636 1700 4666; x_wconf 78' lang='grc'>⁸</span> <span class='ocrx_word' id='word_1_757' title='bbox 1731 4675 1745 4688; x_wconf 92' lang='grc'><strong>.</strong></span> <span class='ocrx_word' id='word_1_758' title='bbox 1773 4633 1910 4690; x_wconf 84' lang='lat' dir='ltr'><strong>Hinc</strong></span> 
     </span>
    </p>
   </div>
   <div class='ocr_carea' id='block_1_98' title="bbox 329 4727 1911 4798">
    <p class='ocr_par' dir='ltr' id='par_1_98' title="bbox 329 4727 1911 4798">
     <span class='ocr_line' id='line_1_98' title="bbox 329 4727 1911 4798; baseline -0.004 -10"><span class='ocrx_word' id='word_1_759' title='bbox 329 4732 572 4789; x_wconf 78' lang='lat' dir='ltr'><strong>Joannes</strong></span> <span class='ocrx_word' id='word_1_760' title='bbox 630 4747 753 4787; x_wconf 84' lang='lat' dir='ltr'><strong>vere</strong></span> <span class='ocrx_word' id='word_1_761' title='bbox 784 4745 815 4785; x_wconf 91' lang='lat' dir='ltr'><strong>e</strong></span> <span class='ocrx_word' id='word_1_762' title='bbox 839 4729 994 4786; x_wconf 68' lang='lat' dir='ltr'><strong>caelis</strong></span> <span class='ocrx_word' id='word_1_763' title='bbox 1044 4727 1285 4783; x_wconf 87' lang='lat' dir='ltr'><strong>clamat:</strong></span> <span class='ocrx_word' id='word_1_764' title='bbox 1316 4745 1336 4779; x_wconf 74' lang='grc' dir='ltr'><strong>ι</strong></span> <span class='ocrx_word' id='word_1_765' title='bbox 1375 4727 1434 4782; x_wconf 90' lang='lat' dir='ltr'><strong>ln</strong></span> <span class='ocrx_word' id='word_1_766' title='bbox 1484 4728 1751 4798; x_wconf 89' lang='lat' dir='ltr'><strong>principio</strong></span> <span class='ocrx_word' id='word_1_767' title='bbox 1792 4737 1911 4784; x_wconf 90' lang='lat' dir='ltr'><strong>erat</strong></span> 
     </span>
    </p>
   </div>
   <div class='ocr_carea' id='block_1_99' title="bbox 331 4817 1913 4888">
    <p class='ocr_par' dir='ltr' id='par_1_99' title="bbox 331 4817 1913 4888">
     <span class='ocr_line' id='line_1_99' title="bbox 331 4817 1913 4888; baseline -0.001 -12"><span class='ocrx_word' id='word_1_768' title='bbox 331 4823 596 4888; x_wconf 65' lang='lat' dir='ltr'><strong>Verbum,</strong></span> <span class='ocrx_word' id='word_1_769' title='bbox 625 4832 676 4877; x_wconf 90' lang='lat' dir='ltr'><strong>ct</strong></span> <span class='ocrx_word' id='word_1_770' title='bbox 713 4821 949 4876; x_wconf 84' lang='lat' dir='ltr'><strong>Verbum</strong></span> <span class='ocrx_word' id='word_1_771' title='bbox 974 4826 1091 4875; x_wconf 88' lang='lat' dir='ltr'><strong>erat</strong></span> <span class='ocrx_word' id='word_1_772' title='bbox 1129 4818 1271 4887; x_wconf 90' lang='lat' dir='ltr'><strong>apud</strong></span> <span class='ocrx_word' id='word_1_773' title='bbox 1308 4817 1504 4887; x_wconf 87' lang='lat' dir='ltr'><strong>Deum,</strong></span> <span class='ocrx_word' id='word_1_774' title='bbox 1534 4827 1588 4873; x_wconf 91' lang='lat' dir='ltr'><strong>et</strong></span> <span class='ocrx_word' id='word_1_775' title='bbox 1613 4819 1758 4874; x_wconf 92' lang='lat' dir='ltr'><strong>Deus</strong></span> <span class='ocrx_word' id='word_1_776' title='bbox 1795 4829 1913 4874; x_wconf 89' lang='lat' dir='ltr'><strong>erat</strong></span> 
     </span>
    </p>
   </div>
   <div class='ocr_carea' id='block_1_100' title="bbox 328 4911 1906 4982">
    <p class='ocr_par' dir='ltr' id='par_1_100' title="bbox 328 4911 1906 4982">
     <span class='ocr_line' id='line_1_100' title="bbox 328 4911 1906 4982; baseline -0.001 -15"><span class='ocrx_word' id='word_1_777' title='bbox 328 4914 568 4969; x_wconf 82' lang='lat' dir='ltr'><strong>Verbum</strong></span> <span class='ocrx_word' id='word_1_778' title='bbox 609 4923 650 4966; x_wconf 81' lang='grc' dir='ltr'><strong>τ.</strong></span> <span class='ocrx_word' id='word_1_779' title='bbox 692 4932 711 4964; x_wconf 79' lang='grc' dir='ltr'><strong>ι</strong></span> <span class='ocrx_word' id='word_1_780' title='bbox 751 4913 861 4967; x_wconf 80' lang='lat' dir='ltr'><strong>Lex</strong></span> <span class='ocrx_word' id='word_1_781' title='bbox 885 4913 1087 4982; x_wconf 88' lang='lat' dir='ltr'><strong>quippe</strong></span> <span class='ocrx_word' id='word_1_782' title='bbox 1119 4913 1271 4981; x_wconf 87' lang='lat' dir='ltr'><strong>prius</strong></span> <span class='ocrx_word' id='word_1_783' title='bbox 1311 4912 1564 4965; x_wconf 87' lang='lat' dir='ltr'><strong>umbram</strong></span> <span class='ocrx_word' id='word_1_784' title='bbox 1595 4911 1906 4966; x_wconf 81' lang='lat' dir='ltr'><strong>futurorum</strong></span> 
     </span>
    </p>
   </div>
   <div class='ocr_carea' id='block_1_101' title="bbox 330 5003 1910 5063">
    <p class='ocr_par' dir='ltr' id='par_1_101' title="bbox 330 5003 1910 5063">
     <span class='ocr_line' id='line_1_101' title="bbox 330 5003 1910 5063; baseline -0.003 0"><span class='ocrx_word' id='word_1_785' title='bbox 330 5009 598 5063; x_wconf 81' lang='lat' dir='ltr'><strong>bonorum</strong></span> <span class='ocrx_word' id='word_1_786' title='bbox 627 5005 835 5060; x_wconf 82' lang='lat' dir='ltr'><strong>habuit.</strong></span> <span class='ocrx_word' id='word_1_787' title='bbox 860 5005 999 5060; x_wconf 88' lang='lat' dir='ltr'><strong>Cum</strong></span> <span class='ocrx_word' id='word_1_788' title='bbox 1059 5013 1244 5060; x_wconf 87' lang='lat' dir='ltr'><strong>autem</strong></span> <span class='ocrx_word' id='word_1_789' title='bbox 1289 5005 1542 5060; x_wconf 90' lang='lat' dir='ltr'><strong>Christus</strong></span> <span class='ocrx_word' id='word_1_790' title='bbox 1594 5003 1910 5058; x_wconf 88' lang='lat' dir='ltr'><strong>hominibus</strong></span> 
     </span>
    </p>
   </div>
   <div class='ocr_carea' id='block_1_102' title="bbox 330 5090 1912 5164">
    <p class='ocr_par' dir='ltr' id='par_1_102' title="bbox 330 5090 1912 5164">
     <span class='ocr_line' id='line_1_102' title="bbox 330 5090 1912 5164; baseline -0.004 -12"><span class='ocrx_word' id='word_1_791' title='bbox 330 5095 698 5152; x_wconf 74' lang='lat' dir='ltr'><strong>aununtiatus</strong></span> <span class='ocrx_word' id='word_1_792' title='bbox 733 5104 847 5159; x_wconf 87' lang='lat' dir='ltr'><strong>est;</strong></span> <span class='ocrx_word' id='word_1_793' title='bbox 873 5104 920 5148; x_wconf 90' lang='lat' dir='ltr'><strong>et</strong></span> <span class='ocrx_word' id='word_1_794' title='bbox 965 5095 1080 5164; x_wconf 91' lang='lat' dir='ltr'><strong>ipse</strong></span> <span class='ocrx_word' id='word_1_795' title='bbox 1125 5093 1302 5147; x_wconf 77' lang='lat' dir='ltr'><strong>adluit</strong></span> <span class='ocrx_word' id='word_1_796' title='bbox 1341 5093 1571 5146; x_wconf 86' lang='lat' dir='ltr'><strong>dicens:</strong></span> <span class='ocrx_word' id='word_1_797' title='bbox 1613 5110 1630 5142; x_wconf 77' lang='grc' dir='ltr'><strong>ι</strong></span> <span class='ocrx_word' id='word_1_798' title='bbox 1663 5090 1783 5160; x_wconf 85' lang='lat' dir='ltr'><strong>Ipse</strong></span> <span class='ocrx_word' id='word_1_799' title='bbox 1816 5092 1912 5161; x_wconf 88' lang='lat' dir='ltr'><strong>qui</strong></span> 
     </span>
    </p>
   </div>
   <div class='ocr_carea' id='block_1_103' title="bbox 330 5183 1910 5260">
    <p class='ocr_par' dir='ltr' id='par_1_103' title="bbox 330 5183 1910 5260">
     <span class='ocr_line' id='line_1_103' title="bbox 330 5183 1910 5260; baseline -0.004 -15"><span class='ocrx_word' id='word_1_800' title='bbox 330 5190 528 5260; x_wconf 91' lang='lat' dir='ltr'><strong>loquor</strong></span> <span class='ocrx_word' id='word_1_801' title='bbox 567 5187 761 5242; x_wconf 87' lang='lat' dir='ltr'><strong>adsum</strong></span> <span class='ocrx_word' id='word_1_802' title='bbox 799 5190 866 5252; x_wconf 79' lang='grc'>⁸;</span> <span class='ocrx_word' id='word_1_803' title='bbox 901 5195 1052 5249; x_wconf 90' lang='lat' dir='ltr'><strong>tunc,</strong></span> <span class='ocrx_word' id='word_1_804' title='bbox 1091 5204 1108 5238; x_wconf 85' lang='grc'>›</span> <span class='ocrx_word' id='word_1_805' title='bbox 1144 5195 1207 5240; x_wconf 92' lang='lat' dir='ltr'><strong>ut</strong></span> <span class='ocrx_word' id='word_1_806' title='bbox 1263 5185 1401 5239; x_wconf 80' lang='lat' dir='ltr'><strong>dixit</strong></span> <span class='ocrx_word' id='word_1_807' title='bbox 1442 5183 1646 5240; x_wconf 88' lang='lat' dir='ltr'><strong>Paulus</strong></span> <span class='ocrx_word' id='word_1_808' title='bbox 1677 5223 1692 5249; x_wconf 92' lang='lat'><strong>,</strong></span> <span class='ocrx_word' id='word_1_809' title='bbox 1720 5203 1737 5234; x_wconf 78' lang='grc' dir='ltr'>σ</span> <span class='ocrx_word' id='word_1_810' title='bbox 1790 5184 1910 5253; x_wconf 90' lang='lat' dir='ltr'><strong>ejus</strong></span> 
     </span>
    </p>
   </div>
   <div class='ocr_carea' id='block_1_104' title="bbox 331 5279 1914 5350">
    <p class='ocr_par' dir='ltr' id='par_1_104' title="bbox 331 5279 1914 5350">
     <span class='ocr_line' id='line_1_104' title="bbox 331 5279 1914 5350; baseline 0 -14"><span class='ocrx_word' id='word_1_811' title='bbox 331 5302 434 5340; x_wconf 80' lang='lat' dir='ltr'><strong>vox</strong></span> <span class='ocrx_word' id='word_1_812' title='bbox 492 5293 693 5339; x_wconf 86' lang='lat' dir='ltr'><strong>terram</strong></span> <span class='ocrx_word' id='word_1_813' title='bbox 752 5281 1064 5348; x_wconf 82' lang='lat' dir='ltr'><strong>concussit,</strong></span> <span class='ocrx_word' id='word_1_814' title='bbox 1131 5297 1253 5335; x_wconf 86' lang='lat' dir='ltr'><strong>cum</strong></span> <span class='ocrx_word' id='word_1_815' title='bbox 1312 5281 1364 5334; x_wconf 91' lang='lat' dir='ltr'><strong>id</strong></span> <span class='ocrx_word' id='word_1_816' title='bbox 1421 5281 1570 5350; x_wconf 88' lang='lat' dir='ltr'><strong>prius</strong></span> <span class='ocrx_word' id='word_1_817' title='bbox 1632 5279 1914 5349; x_wconf 80' lang='lat' dir='ltr'><strong>pollicitus</strong></span> 
     </span>
    </p>
   </div>
   <div class='ocr_carea' id='block_1_105' title="bbox 331 5373 1910 5439">
    <p class='ocr_par' dir='ltr' id='par_1_105' title="bbox 331 5373 1910 5439">
     <span class='ocr_line' id='line_1_105' title="bbox 331 5373 1910 5439; baseline -0.002 -10"><span class='ocrx_word' id='word_1_818' title='bbox 331 5386 476 5432; x_wconf 83' lang='lat' dir='ltr'><strong>esset</strong></span> <span class='ocrx_word' id='word_1_819' title='bbox 518 5395 531 5430; x_wconf 91' lang='lat'><strong>:</strong></span> <span class='ocrx_word' id='word_1_820' title='bbox 577 5375 771 5431; x_wconf 78' lang='lat' dir='ltr'><strong>Adhuc</strong></span> <span class='ocrx_word' id='word_1_821' title='bbox 804 5373 973 5428; x_wconf 83' lang='lat' dir='ltr'><strong>semel</strong></span> <span class='ocrx_word' id='word_1_822' title='bbox 1016 5387 1116 5439; x_wconf 73' lang='lat' dir='ltr'><strong>ego</strong></span> <span class='ocrx_word' id='word_1_823' title='bbox 1155 5373 1386 5426; x_wconf 78' lang='lat' dir='ltr'><strong>movebo</strong></span> <span class='ocrx_word' id='word_1_824' title='bbox 1427 5388 1538 5428; x_wconf 89' lang='lat' dir='ltr'><strong>non</strong></span> <span class='ocrx_word' id='word_1_825' title='bbox 1574 5373 1752 5428; x_wconf 90' lang='lat' dir='ltr'><strong>solum</strong></span> <span class='ocrx_word' id='word_1_826' title='bbox 1799 5379 1910 5426; x_wconf 88' lang='lat' dir='ltr'><strong>ter-</strong></span> 
     </span>
    </p>
   </div>
   <div class='ocr_carea' id='block_1_106' title="bbox 330 5464 1907 5532">
    <p class='ocr_par' dir='ltr' id='par_1_106' title="bbox 330 5464 1907 5532">
     <span class='ocr_line' id='line_1_106' title="bbox 330 5464 1907 5532; baseline -0.002 -11"><span class='ocrx_word' id='word_1_827' title='bbox 330 5485 470 5531; x_wconf 85' lang='lat' dir='ltr'><strong>ram,</strong></span> <span class='ocrx_word' id='word_1_828' title='bbox 507 5470 597 5524; x_wconf 86' lang='lat' dir='ltr'><strong>sed</strong></span> <span class='ocrx_word' id='word_1_829' title='bbox 625 5478 678 5523; x_wconf 91' lang='lat' dir='ltr'><strong>et</strong></span> <span class='ocrx_word' id='word_1_830' title='bbox 724 5468 944 5524; x_wconf 69' lang='lat' dir='ltr'><strong>cmlum.</strong></span> <span class='ocrx_word' id='word_1_831' title='bbox 976 5465 1130 5532; x_wconf 84' lang='lat' dir='ltr'><strong>Quod</strong></span> <span class='ocrx_word' id='word_1_832' title='bbox 1176 5475 1355 5518; x_wconf 82' lang='lat' dir='ltr'><strong>autem</strong></span> <span class='ocrx_word' id='word_1_833' title='bbox 1407 5466 1585 5521; x_wconf 88' lang='lat' dir='ltr'><strong>adhuc</strong></span> <span class='ocrx_word' id='word_1_834' title='bbox 1629 5464 1798 5522; x_wconf 90' lang='lat' dir='ltr'><strong>semel</strong></span> <span class='ocrx_word' id='word_1_835' title='bbox 1823 5466 1907 5519; x_wconf 89' lang='lat' dir='ltr'><strong>di-</strong></span> 
     </span>
    </p>
   </div>
   <div class='ocr_carea' id='block_1_107' title="bbox 332 5557 1904 5624">
    <p class='ocr_par' dir='ltr' id='par_1_107' title="bbox 332 5557 1904 5624">
     <span class='ocr_line' id='line_1_107' title="bbox 332 5557 1904 5624; baseline -0.002 -11"><span class='ocrx_word' id='word_1_836' title='bbox 332 5561 426 5624; x_wconf 87' lang='lat' dir='ltr'><strong>cit,</strong></span> <span class='ocrx_word' id='word_1_837' title='bbox 463 5559 702 5615; x_wconf 88' lang='lat' dir='ltr'><strong>dcclarat</strong></span> <span class='ocrx_word' id='word_1_838' title='bbox 746 5558 1028 5612; x_wconf 88' lang='lat' dir='ltr'><strong>mobilium</strong></span> <span class='ocrx_word' id='word_1_839' title='bbox 1067 5557 1505 5622; x_wconf 84' lang='lat' dir='ltr'><strong>translationem,</strong></span> <span class='ocrx_word' id='word_1_840' title='bbox 1546 5568 1606 5611; x_wconf 89' lang='lat' dir='ltr'><strong>ut</strong></span> <span class='ocrx_word' id='word_1_841' title='bbox 1649 5566 1904 5612; x_wconf 76' lang='lat' dir='ltr'><strong>maneant</strong></span> 
     </span>
    </p>
   </div>
   <div class='ocr_carea' id='block_1_108' title="bbox 2015 4540 3596 4612">
    <p class='ocr_par' dir='ltr' id='par_1_108' title="bbox 2015 4540 3596 4612">
     <span class='ocr_line' id='line_1_108' title="bbox 2015 4540 3596 4612; baseline -0.005 -11"><span class='ocrx_word' id='word_1_842' title='bbox 2015 4546 2180 4601; x_wconf 84' lang='grc' dir='ltr'>θέλων</span> <span class='ocrx_word' id='word_1_843' title='bbox 2199 4545 2290 4600; x_wconf 81' lang='grc' dir='ltr'>τὸν</span> <span class='ocrx_word' id='word_1_844' title='bbox 2332 4544 2525 4600; x_wconf 82' lang='grc' dir='ltr'>Ἰακὼὸ</span> <span class='ocrx_word' id='word_1_845' title='bbox 2547 4543 2756 4598; x_wconf 78' lang='grc' dir='ltr'>καὶτὸν</span> <span class='ocrx_word' id='word_1_846' title='bbox 2791 4543 3075 4612; x_wconf 81' lang='grc' dir='ltr'>Ἰωάννην,</span> <span class='ocrx_word' id='word_1_847' title='bbox 3118 4541 3374 4600; x_wconf 80' lang='grc' dir='ltr'>ἐκάλεσεν</span> <span class='ocrx_word' id='word_1_848' title='bbox 3419 4543 3448 4594; x_wconf 92' lang='lat'><strong>6</strong></span> <span class='ocrx_word' id='word_1_849' title='bbox 3483 4540 3596 4592; x_wconf 81' lang='grc' dir='ltr'><strong>Κύο</strong></span> 
     </span>
    </p>
   </div>
   <div class='ocr_carea' id='block_1_109' title="bbox 2017 4626 3596 4707">
    <p class='ocr_par' dir='ltr' id='par_1_109' title="bbox 2017 4626 3596 4707">
     <span class='ocr_line' id='line_1_109' title="bbox 2017 4626 3596 4707; baseline -0.006 -16"><span class='ocrx_word' id='word_1_850' title='bbox 2017 4654 2128 4707; x_wconf 85' lang='grc' dir='ltr'>ριος</span> <span class='ocrx_word' id='word_1_851' title='bbox 2153 4636 2468 4706; x_wconf 81' lang='grc' dir='ltr'>Βοανεργές,</span> <span class='ocrx_word' id='word_1_852' title='bbox 2493 4635 2520 4687; x_wconf 83' lang='grc' dir='ltr'>ὅ</span> <span class='ocrx_word' id='word_1_853' title='bbox 2543 4636 2711 4697; x_wconf 86' lang='grc' dir='ltr'>ἐστιν,</span> <span class='ocrx_word' id='word_1_854' title='bbox 2738 4634 2844 4686; x_wconf 74' lang='grc' dir='ltr'>υίοὶ</span> <span class='ocrx_word' id='word_1_855' title='bbox 2867 4634 3093 4703; x_wconf 75' lang='grc' dir='ltr'>βροντῆς</span> <span class='ocrx_word' id='word_1_856' title='bbox 3113 4650 3125 4663; x_wconf 76' lang='grc' dir='ltr'><strong>ο</strong></span> <span class='ocrx_word' id='word_1_857' title='bbox 3151 4633 3178 4684; x_wconf 85' lang='grc' dir='ltr'><strong>ὅ</strong></span> <span class='ocrx_word' id='word_1_858' title='bbox 3200 4633 3251 4700; x_wconf 86' lang='grc' dir='ltr'>γ’</span> <span class='ocrx_word' id='word_1_859' title='bbox 3280 4626 3372 4684; x_wconf 81' lang='grc' dir='ltr'>οὖν</span> <span class='ocrx_word' id='word_1_860' title='bbox 3415 4630 3596 4684; x_wconf 81' lang='grc' dir='ltr'>Ἰωάν-</span> 
     </span>
    </p>
   </div>
   <div class='ocr_carea' id='block_1_110' title="bbox 2012 4717 3596 4797">
    <p class='ocr_par' dir='ltr' id='par_1_110' title="bbox 2012 4717 3596 4797">
     <span class='ocr_line' id='line_1_110' title="bbox 2012 4717 3596 4797; baseline -0.006 -16"><span class='ocrx_word' id='word_1_861' title='bbox 2012 4744 2108 4797; x_wconf 88' lang='grc' dir='ltr'><strong>νης</strong></span> <span class='ocrx_word' id='word_1_862' title='bbox 2139 4725 2356 4796; x_wconf 85' lang='grc' dir='ltr'>ἀληθῶς</span> <span class='ocrx_word' id='word_1_863' title='bbox 2381 4725 2476 4779; x_wconf 86' lang='grc' dir='ltr'><strong>ἀπ’</strong></span> <span class='ocrx_word' id='word_1_864' title='bbox 2507 4722 2739 4795; x_wconf 82' lang='grc' dir='ltr'>οὐρανοῦ</span> <span class='ocrx_word' id='word_1_865' title='bbox 2759 4723 2883 4794; x_wconf 79' lang='grc' dir='ltr'><strong>βοᾷ’</strong></span> <span class='ocrx_word' id='word_1_866' title='bbox 2913 4743 2932 4776; x_wconf 87' lang='grc'><strong>‹</strong></span> <span class='ocrx_word' id='word_1_867' title='bbox 2971 4725 3058 4777; x_wconf 88' lang='grc' dir='ltr'>Ἐν</span> <span class='ocrx_word' id='word_1_868' title='bbox 3081 4726 3222 4794; x_wconf 82' lang='grc' dir='ltr'>ἀρχῇ</span> <span class='ocrx_word' id='word_1_869' title='bbox 3250 4717 3318 4794; x_wconf 82' lang='grc' dir='ltr'>ἦν</span> <span class='ocrx_word' id='word_1_870' title='bbox 3346 4725 3374 4776; x_wconf 91' lang='lat'><strong>6</strong></span> <span class='ocrx_word' id='word_1_871' title='bbox 3402 4721 3596 4789; x_wconf 80' lang='grc' dir='ltr'>Λόγος,</span> 
     </span>
    </p>
   </div>
   <div class='ocr_carea' id='block_1_111' title="bbox 2012 4809 3591 4886">
    <p class='ocr_par' dir='ltr' id='par_1_111' title="bbox 2012 4809 3591 4886">
     <span class='ocr_line' id='line_1_111' title="bbox 2012 4809 3591 4886; baseline -0.005 -16"><span class='ocrx_word' id='word_1_872' title='bbox 2012 4819 2148 4871; x_wconf 78' lang='grc' dir='ltr'>καὶὸ</span> <span class='ocrx_word' id='word_1_873' title='bbox 2170 4817 2342 4886; x_wconf 86' lang='grc' dir='ltr'>Λόγος</span> <span class='ocrx_word' id='word_1_874' title='bbox 2370 4810 2439 4886; x_wconf 78' lang='grc' dir='ltr'>ἦν</span> <span class='ocrx_word' id='word_1_875' title='bbox 2459 4814 2597 4886; x_wconf 85' lang='grc' dir='ltr'>πρὸς</span> <span class='ocrx_word' id='word_1_876' title='bbox 2627 4815 2721 4868; x_wconf 81' lang='grc' dir='ltr'>τὸν</span> <span class='ocrx_word' id='word_1_877' title='bbox 2751 4815 2905 4879; x_wconf 80' lang='grc' dir='ltr'>Θεὸν,</span> <span class='ocrx_word' id='word_1_878' title='bbox 2929 4816 3024 4868; x_wconf 77' lang='grc' dir='ltr'>καὶ</span> <span class='ocrx_word' id='word_1_879' title='bbox 3052 4814 3185 4878; x_wconf 87' lang='grc' dir='ltr'>Θεὸς</span> <span class='ocrx_word' id='word_1_880' title='bbox 3211 4809 3279 4885; x_wconf 86' lang='grc' dir='ltr'>ἦν</span> <span class='ocrx_word' id='word_1_881' title='bbox 3301 4814 3331 4866; x_wconf 89' lang='lat'><strong>6</strong></span> <span class='ocrx_word' id='word_1_882' title='bbox 3360 4813 3554 4880; x_wconf 89' lang='grc' dir='ltr'>Λόγος.</span> <span class='ocrx_word' id='word_1_883' title='bbox 3572 4831 3591 4862; x_wconf 74' lang='grc' dir='ltr'><strong>ι</strong></span> 
     </span>
    </p>
   </div>
   <div class='ocr_carea' id='block_1_112' title="bbox 2011 4902 3598 4982">
    <p class='ocr_par' dir='ltr' id='par_1_112' title="bbox 2011 4902 3598 4982">
     <span class='ocr_line' id='line_1_112' title="bbox 2011 4902 3598 4982; baseline -0.006 -17"><span class='ocrx_word' id='word_1_884' title='bbox 2011 4912 2284 4982; x_wconf 86' lang='grc' dir='ltr'>Πρότερον</span> <span class='ocrx_word' id='word_1_885' title='bbox 2321 4909 2417 4978; x_wconf 80' lang='grc' dir='ltr'>μὲν</span> <span class='ocrx_word' id='word_1_886' title='bbox 2452 4908 2560 4979; x_wconf 80' lang='grc' dir='ltr'><strong>γὰρ</strong></span> <span class='ocrx_word' id='word_1_887' title='bbox 2594 4908 2753 4962; x_wconf 88' lang='grc' dir='ltr'>σκιάν</span> <span class='ocrx_word' id='word_1_888' title='bbox 2783 4905 2931 4979; x_wconf 77' lang='grc' dir='ltr'>εῖχεν</span> <span class='ocrx_word' id='word_1_889' title='bbox 2964 4909 2992 4960; x_wconf 93' lang='lat'><strong>6</strong></span> <span class='ocrx_word' id='word_1_890' title='bbox 3029 4907 3191 4977; x_wconf 82' lang='grc' dir='ltr'>νόμος</span> <span class='ocrx_word' id='word_1_891' title='bbox 3220 4905 3330 4958; x_wconf 77' lang='grc' dir='ltr'><strong>τῶν</strong></span> <span class='ocrx_word' id='word_1_892' title='bbox 3373 4902 3598 4977; x_wconf 86' lang='grc' dir='ltr'>μελλόν-</span> 
     </span>
    </p>
   </div>
   <div class='ocr_carea' id='block_1_113' title="bbox 2010 4998 3600 5071">
    <p class='ocr_par' dir='ltr' id='par_1_113' title="bbox 2010 4998 3600 5071">
     <span class='ocr_line' id='line_1_113' title="bbox 2010 4998 3600 5071; baseline -0.003 -15"><span class='ocrx_word' id='word_1_893' title='bbox 2010 5021 2119 5056; x_wconf 86' lang='grc' dir='ltr'><strong>των</strong></span> <span class='ocrx_word' id='word_1_894' title='bbox 2143 5001 2390 5070; x_wconf 82' lang='grc' dir='ltr'>ἀγαθῶν·</span> <span class='ocrx_word' id='word_1_895' title='bbox 2417 5003 2506 5056; x_wconf 71' lang='lat' dir='ltr'><strong>bra</strong></span> <span class='ocrx_word' id='word_1_896' title='bbox 2535 5002 2590 5054; x_wconf 82' lang='grc' dir='ltr'>δὲ</span> <span class='ocrx_word' id='word_1_897' title='bbox 2615 5005 2643 5054; x_wconf 92' lang='lat'><strong>6</strong></span> <span class='ocrx_word' id='word_1_898' title='bbox 2663 5000 2899 5071; x_wconf 80' lang='grc' dir='ltr'>Χριστὸς</span> <span class='ocrx_word' id='word_1_899' title='bbox 2923 5000 3212 5071; x_wconf 87' lang='grc' dir='ltr'>ἀπηγγέλη</span> <span class='ocrx_word' id='word_1_900' title='bbox 3245 5001 3360 5062; x_wconf 84' lang='grc' dir='ltr'>τοῖς</span> <span class='ocrx_word' id='word_1_901' title='bbox 3387 4998 3600 5070; x_wconf 83' lang='grc' dir='ltr'>ἀνθρώ-</span> 
     </span>
    </p>
   </div>
   <div class='ocr_carea' id='block_1_114' title="bbox 2010 5091 3602 5166">
    <p class='ocr_par' dir='ltr' id='par_1_114' title="bbox 2010 5091 3602 5166">
     <span class='ocr_line' id='line_1_114' title="bbox 2010 5091 3602 5166; baseline -0.003 -18"><span class='ocrx_word' id='word_1_902' title='bbox 2010 5112 2134 5157; x_wconf 86' lang='grc' dir='ltr'>ποις</span> <span class='ocrx_word' id='word_1_903' title='bbox 2175 5096 2270 5148; x_wconf 73' lang='grc' dir='ltr'>καὶ</span> <span class='ocrx_word' id='word_1_904' title='bbox 2315 5095 2648 5166; x_wconf 82' lang='grc' dir='ltr'>παρεγένετο</span> <span class='ocrx_word' id='word_1_905' title='bbox 2695 5094 2900 5163; x_wconf 88' lang='grc' dir='ltr'>λέγων·</span> <span class='ocrx_word' id='word_1_906' title='bbox 2929 5111 2948 5144; x_wconf 76' lang='grc' dir='ltr'><strong>ι</strong></span> <span class='ocrx_word' id='word_1_907' title='bbox 2981 5093 3154 5156; x_wconf 76' lang='grc' dir='ltr'>Αὐτὸς</span> <span class='ocrx_word' id='word_1_908' title='bbox 3185 5095 3214 5146; x_wconf 92' lang='lat'><strong>6</strong></span> <span class='ocrx_word' id='word_1_909' title='bbox 3247 5091 3425 5146; x_wconf 86' lang='grc' dir='ltr'>λαλῶν</span> <span class='ocrx_word' id='word_1_910' title='bbox 3457 5091 3602 5161; x_wconf 85' lang='grc' dir='ltr'>πάρ-</span> 
     </span>
    </p>
   </div>
   <div class='ocr_carea' id='block_1_115' title="bbox 2011 5181 3599 5256">
    <p class='ocr_par' dir='ltr' id='par_1_115' title="bbox 2011 5181 3599 5256">
     <span class='ocr_line' id='line_1_115' title="bbox 2011 5181 3599 5256; baseline -0.004 -17"><span class='ocrx_word' id='word_1_911' title='bbox 2011 5204 2159 5256; x_wconf 90' lang='grc' dir='ltr'>ειμι·</span> <span class='ocrx_word' id='word_1_912' title='bbox 2202 5187 2322 5240; x_wconf 78' lang='grc' dir='ltr'>τότε</span> <span class='ocrx_word' id='word_1_913' title='bbox 2349 5227 2364 5252; x_wconf 89' lang='grc'><strong>,</strong></span> <span class='ocrx_word' id='word_1_914' title='bbox 2403 5207 2421 5239; x_wconf 71' lang='grc' dir='ltr'><strong>ι</strong></span> <span class='ocrx_word' id='word_1_915' title='bbox 2455 5187 2530 5251; x_wconf 83' lang='grc' dir='ltr'>ὡς</span> <span class='ocrx_word' id='word_1_916' title='bbox 2562 5181 2716 5240; x_wconf 80' lang='grc' dir='ltr'>εἶπεν</span> <span class='ocrx_word' id='word_1_917' title='bbox 2741 5188 2769 5238; x_wconf 88' lang='grc' dir='ltr'>ὁ</span> <span class='ocrx_word' id='word_1_918' title='bbox 2811 5185 3048 5248; x_wconf 85' lang='grc' dir='ltr'>Παῦλος,</span> <span class='ocrx_word' id='word_1_919' title='bbox 3079 5203 3096 5235; x_wconf 77' lang='grc' dir='ltr'><strong>ι</strong></span> <span class='ocrx_word' id='word_1_920' title='bbox 3145 5187 3178 5255; x_wconf 81' lang='grc' dir='ltr'>ἡ</span> <span class='ocrx_word' id='word_1_921' title='bbox 3211 5183 3401 5237; x_wconf 84' lang='grc' dir='ltr'>τούτου</span> <span class='ocrx_word' id='word_1_922' title='bbox 3445 5181 3599 5252; x_wconf 82' lang='grc' dir='ltr'>φωνὴ</span> 
     </span>
    </p>
   </div>
   <div class='ocr_carea' id='block_1_116' title="bbox 2009 5275 3598 5351">
    <p class='ocr_par' dir='ltr' id='par_1_116' title="bbox 2009 5275 3598 5351">
     <span class='ocr_line' id='line_1_116' title="bbox 2009 5275 3598 5351; baseline -0.005 -18"><span class='ocrx_word' id='word_1_923' title='bbox 2009 5280 2108 5351; x_wconf 83' lang='grc' dir='ltr'>τὴν</span> <span class='ocrx_word' id='word_1_924' title='bbox 2133 5280 2236 5350; x_wconf 83' lang='grc' dir='ltr'>γῆν</span> <span class='ocrx_word' id='word_1_925' title='bbox 2262 5279 2573 5344; x_wconf 80' lang='grc' dir='ltr'>ἐσάλευσεν,</span> <span class='ocrx_word' id='word_1_926' title='bbox 2600 5275 3073 5346; x_wconf 75' lang='grc' dir='ltr'>ἐπαγγειλαμένου</span> <span class='ocrx_word' id='word_1_927' title='bbox 3119 5277 3381 5346; x_wconf 87' lang='grc' dir='ltr'>πρότερον</span> <span class='ocrx_word' id='word_1_928' title='bbox 3403 5292 3416 5305; x_wconf 84' lang='grc'><strong>·</strong></span> <span class='ocrx_word' id='word_1_929' title='bbox 3475 5275 3598 5326; x_wconf 83' lang='grc' dir='ltr'>Ἔτι</span> 
     </span>
    </p>
   </div>
   <div class='ocr_carea' id='block_1_117' title="bbox 2011 5365 3599 5442">
    <p class='ocr_par' dir='ltr' id='par_1_117' title="bbox 2011 5365 3599 5442">
     <span class='ocr_line' id='line_1_117' title="bbox 2011 5365 3599 5442; baseline -0.006 -15"><span class='ocrx_word' id='word_1_930' title='bbox 2011 5374 2156 5437; x_wconf 72' lang='grc' dir='ltr'>ἅπαξ</span> <span class='ocrx_word' id='word_1_931' title='bbox 2187 5372 2296 5442; x_wconf 79' lang='grc' dir='ltr'>ἐγὼ</span> <span class='ocrx_word' id='word_1_932' title='bbox 2331 5373 2498 5426; x_wconf 84' lang='grc' dir='ltr'>σείσω</span> <span class='ocrx_word' id='word_1_933' title='bbox 2661 5371 2721 5424; x_wconf 84' lang='grc' dir='ltr'>οὐ</span> <span class='ocrx_word' id='word_1_934' title='bbox 2757 5369 2918 5439; x_wconf 89' lang='grc' dir='ltr'>μόνον</span> <span class='ocrx_word' id='word_1_935' title='bbox 2943 5367 3041 5436; x_wconf 85' lang='grc' dir='ltr'>τὴν</span> <span class='ocrx_word' id='word_1_936' title='bbox 3073 5368 3196 5438; x_wconf 85' lang='grc' dir='ltr'>γῆν,</span> <span class='ocrx_word' id='word_1_937' title='bbox 3230 5366 3366 5420; x_wconf 86' lang='grc' dir='ltr'><strong>ἀλλά</strong></span> <span class='ocrx_word' id='word_1_938' title='bbox 3391 5365 3599 5420; x_wconf 78' lang='grc' dir='ltr'>καὶτὸν</span> 
     </span>
    </p>
   </div>
   <div class='ocr_carea' id='block_1_118' title="bbox 2009 5459 3598 5537">
    <p class='ocr_par' dir='ltr' id='par_1_118' title="bbox 2009 5459 3598 5537">
     <span class='ocr_line' id='line_1_118' title="bbox 2009 5459 3598 5537; baseline -0.003 -19"><span class='ocrx_word' id='word_1_939' title='bbox 2009 5466 2258 5537; x_wconf 82' lang='grc' dir='ltr'>οὐρανόν.</span> <span class='ocrx_word' id='word_1_940' title='bbox 2295 5466 2367 5519; x_wconf 87' lang='grc' dir='ltr'><strong>Τὸ</strong></span> <span class='ocrx_word' id='word_1_941' title='bbox 2398 5465 2456 5518; x_wconf 85' lang='grc' dir='ltr'>δὲ</span> <span class='ocrx_word' id='word_1_942' title='bbox 2479 5465 2559 5518; x_wconf 77' lang='grc' dir='ltr'>ἔτι</span> <span class='ocrx_word' id='word_1_943' title='bbox 2582 5461 2734 5527; x_wconf 76' lang='grc' dir='ltr'>ἅπαξ</span> <span class='ocrx_word' id='word_1_944' title='bbox 2761 5461 2912 5532; x_wconf 84' lang='grc' dir='ltr'>δηλοῖ</span> <span class='ocrx_word' id='word_1_945' title='bbox 2937 5459 3045 5514; x_wconf 84' lang='grc' dir='ltr'><strong>τῶν</strong></span> <span class='ocrx_word' id='word_1_946' title='bbox 3086 5461 3466 5531; x_wconf 82' lang='grc' dir='ltr'>σαλευομένων</span> <span class='ocrx_word' id='word_1_947' title='bbox 3497 5460 3598 5531; x_wconf 77' lang='grc' dir='ltr'>τὴν</span> 
     </span>
    </p>
   </div>
   <div class='ocr_carea' id='block_1_119' title="bbox 2013 5552 3596 5627">
    <p class='ocr_par' dir='ltr' id='par_1_119' title="bbox 2013 5552 3596 5627">
     <span class='ocr_line' id='line_1_119' title="bbox 2013 5552 3596 5627; baseline -0.003 -18"><span class='ocrx_word' id='word_1_948' title='bbox 2013 5558 2330 5627; x_wconf 83' lang='grc' dir='ltr'>μετάθεσιν,</span> <span class='ocrx_word' id='word_1_949' title='bbox 2365 5558 2450 5611; x_wconf 87' lang='grc' dir='ltr'>ἵνα</span> <span class='ocrx_word' id='word_1_950' title='bbox 2483 5557 2642 5626; x_wconf 86' lang='grc' dir='ltr'>μείνῃ</span> <span class='ocrx_word' id='word_1_951' title='bbox 2680 5556 2750 5609; x_wconf 83' lang='grc' dir='ltr'>τὰ</span> <span class='ocrx_word' id='word_1_952' title='bbox 2783 5555 2857 5625; x_wconf 81' lang='grc' dir='ltr'>μὴ</span> <span class='ocrx_word' id='word_1_953' title='bbox 2900 5553 3256 5624; x_wconf 80' lang='grc' dir='ltr'>σαλευόμενα.</span> <span class='ocrx_word' id='word_1_954' title='bbox 3305 5552 3396 5606; x_wconf 79' lang='grc' dir='ltr'><strong>Διὸ</strong></span> <span class='ocrx_word' id='word_1_955' title='bbox 3440 5552 3596 5622; x_wconf 88' lang='grc' dir='ltr'>βασι-</span> 
     </span>
    </p>
   </div>
   <div class='ocr_carea' id='block_1_120' title="bbox 409 5709 1914 5785">
    <p class='ocr_par' dir='ltr' id='par_1_120' title="bbox 409 5713 1910 5784">
     <span class='ocr_line' id='line_1_120' title="bbox 409 5713 1910 5784; baseline 0.001 -14"><span class='ocrx_word' id='word_1_956' title='bbox 409 5716 608 5775; x_wconf 75' lang='grc' dir='ltr'>¹Λνιιοε</span> <span class='ocrx_word' id='word_1_957' title='bbox 641 5731 712 5780; x_wconf 81' lang='lat' dir='ltr'><strong>tv,</strong></span> <span class='ocrx_word' id='word_1_958' title='bbox 757 5719 839 5772; x_wconf 79' lang='lat' dir='ltr'><strong>l3.</strong></span> <span class='ocrx_word' id='word_1_959' title='bbox 917 5716 1043 5773; x_wconf 83' lang='lat' dir='ltr'><strong>’lsa</strong></span> <span class='ocrx_word' id='word_1_960' title='bbox 1099 5732 1194 5780; x_wconf 86' lang='lat' dir='ltr'><strong>vn,</strong></span> <span class='ocrx_word' id='word_1_961' title='bbox 1230 5715 1315 5772; x_wconf 78' lang='grc' dir='ltr'><strong>Μ.</strong></span> <span class='ocrx_word' id='word_1_962' title='bbox 1391 5715 1410 5746; x_wconf 87' lang='grc'>³</span> <span class='ocrx_word' id='word_1_963' title='bbox 1440 5713 1636 5772; x_wconf 76' lang='lat' dir='ltr'><strong>Ezech.</strong></span> <span class='ocrx_word' id='word_1_964' title='bbox 1663 5731 1845 5784; x_wconf 76' lang='lat' dir='ltr'><strong>xxxw,</strong></span> <span class='ocrx_word' id='word_1_965' title='bbox 1877 5716 1910 5772; x_wconf 74' lang='lat'><strong>2</strong></span> 
     </span>
    </p>
   </div>
   <div class='ocr_carea' id='block_1_121' title="bbox 2015 5709 3596 5785">
    <p class='ocr_par' dir='ltr' id='par_1_121' title="bbox 2043 5709 3596 5785">
     <span class='ocr_line' id='line_1_121' title="bbox 2043 5709 3596 5785; baseline -0.007 -13"><span class='ocrx_word' id='word_1_966' title='bbox 2043 5717 2061 5750; x_wconf 72' lang='grc'>⁸</span> <span class='ocrx_word' id='word_1_967' title='bbox 2096 5717 2198 5775; x_wconf 83' lang='lat' dir='ltr'><strong>Psa</strong></span> <span class='ocrx_word' id='word_1_968' title='bbox 2228 5759 2239 5774; x_wconf 92' lang='lat'><strong>.</strong></span> <span class='ocrx_word' id='word_1_969' title='bbox 2276 5733 2391 5785; x_wconf 81' lang='lat' dir='ltr'><strong>cur,</strong></span> <span class='ocrx_word' id='word_1_970' title='bbox 2428 5715 2520 5783; x_wconf 73' lang='lat'><strong>9.9,</strong></span> <span class='ocrx_word' id='word_1_971' title='bbox 2560 5717 2648 5772; x_wconf 67' lang='lat'><strong>50..</strong></span> <span class='ocrx_word' id='word_1_972' title='bbox 2678 5718 2696 5750; x_wconf 79' lang='grc'><strong><em>⁵</em></strong></span> <span class='ocrx_word' id='word_1_973' title='bbox 2727 5715 2867 5774; x_wconf 84' lang='lat' dir='ltr'><strong>Psal.</strong></span> <span class='ocrx_word' id='word_1_974' title='bbox 2897 5731 2946 5782; x_wconf 81' lang='grc' dir='ltr'><strong>ι,</strong></span> <span class='ocrx_word' id='word_1_975' title='bbox 2982 5714 3068 5773; x_wconf 70' lang='grc'><strong>12.</strong></span> <span class='ocrx_word' id='word_1_976' title='bbox 3147 5714 3352 5770; x_wconf 67' lang='lat' dir='ltr'><strong>“Marc.</strong></span> <span class='ocrx_word' id='word_1_977' title='bbox 3384 5727 3464 5776; x_wconf 85' lang='grc' dir='ltr'>ιιι,</span> <span class='ocrx_word' id='word_1_978' title='bbox 3508 5709 3596 5765; x_wconf 82' lang='grc' dir='ltr'>Π.</span> 
     </span>
    </p>
   </div>
   <div class='ocr_carea' id='block_1_122' title="bbox 336 5781 1206 5854">
    <p class='ocr_par' dir='ltr' id='par_1_122' title="bbox 336 5781 1206 5854">
     <span class='ocr_line' id='line_1_122' title="bbox 336 5781 1206 5854; baseline -0.003 -12"><span class='ocrx_word' id='word_1_979' title='bbox 336 5781 357 5816; x_wconf 82' lang='grc'><strong>’⁵</strong></span> <span class='ocrx_word' id='word_1_980' title='bbox 383 5784 539 5842; x_wconf 70' lang='lat' dir='ltr'><strong>loan.</strong></span> <span class='ocrx_word' id='word_1_981' title='bbox 587 5805 626 5854; x_wconf 87' lang='grc' dir='ltr'><strong>ι,</strong></span> <span class='ocrx_word' id='word_1_982' title='bbox 661 5789 710 5842; x_wconf 81' lang='lat' dir='ltr'><strong>l.</strong></span> <span class='ocrx_word' id='word_1_983' title='bbox 785 5789 980 5844; x_wconf 70' lang='lat' dir='ltr'><strong>8Joan.</strong></span> <span class='ocrx_word' id='word_1_984' title='bbox 1015 5804 1086 5848; x_wconf 72' lang='lat' dir='ltr'><strong>IV,</strong></span> <span class='ocrx_word' id='word_1_985' title='bbox 1117 5786 1206 5842; x_wconf 74' lang='lat'><strong>26.</strong></span> 
     </span>
    </p>
   </div>
  </div>
