2032 3198
166 157 226 198 βαι

647 152 835 183 PANOPLIA
858 151 1088 182 DOGMATICA.
1103 162 1137 168 --
1149 149 1222 180 TiT.
1244 149 1294 180 Χῐ.

1763 149 1815 180 698

175 227 250 255 λείαν
261 225 413 254 ἀσάλευτον
423 221 694 258 παραλαμὸάνοντες,
710 221 810 256 ἔχομεν
826 221 916 256 χάριν,
936 221 970 247 δι’

1027 228 1057 248 ea
1080 226 1142 254 quae
1160 223 1224 246 sunt
1239 217 1399 245 immobilia.
1419 217 1513 253 Itaque
1538 225 1652 254 regnum
1675 217 1815 245 immobile

176 271 212 309 ἧς
225 270 395 308 λατρεύομεν
407 269 566 305 εὐαρέστως
645 267 684 302 τῷ
699 266 768 301 Θεῷ.
786 276 795 293 ι
818 267 869 293 Ἢν
881 267 909 293 δὲ
926 266 970 292 λέ-

176 326 222 353 γει
229 315 370 352 βασιλείαν
383 310 462 345 οὗτος
472 312 634 344 ἀσάλευτον,
652 310 755 346 ταύτην
774 309 970 345 στερεωθεῖσαν

175 362 272 399 ψάλλει
281 360 380 389 Δαϐίδ·
397 369 408 386 ι
435 360 465 387 Ὁ
474 359 576 394 Κύριος
589 357 781 388 ἐϐασίλευσεν,
803 355 970 390 εὐπρέπειαν

176 407 335 437 inﬂetur
353 405 498 433 ἐνεδύσατο
522 403 625 439 Κύριος
646 402 761 437 δύναμιν
774 400 822 427 καὶ
837 398 971 436 περιεζώ-

177 463 254 484 σατο.
267 453 324 480 Καὶ
333 451 389 487 γὰρ
399 450 551 486 ὲστερέωσε
565 449 614 483 τὴν
625 447 796 481 οἰκουμένην,
810 446 871 481 ἥτις
882 445 911 470 οὺ
927 452 972 470 σα-

176 499 349 535 λευθήσιται.
367 505 377 522 ι
398 496 435 522 Τὸ
450 495 506 530 ἄρα
525 493 602 529 παρὰ
614 492 653 527 τῷ
677 492 802 535 προφήτῃ
821 490 903 526 ῥητὴν
921 489 971 525 τὴν

176 534 326 580 imbritum!
340 542 389 570 τοῦ
403 541 529 575 Σωτῆρος
542 538 680 574 σημαίνει,
707 538 735 563 ὲν
747 534 821 573 ᾖκαὶ
835 537 915 571 ἡμεῖς
925 536 971 562 ἀν-

176 590 383 625 εκαινίσθημεν,
395 588 442 614 καὶ
453 587 555 621 ὁνόμος
565 584 612 612 τοῦ
621 583 775 619 πνεύματος
853 581 970 608 ἀσάλευ-

175 646 224 669 τος
242 636 377 671 διαμένει.
397 633 467 660 Ἀλλ’
481 633 506 659 οἱ
518 631 557 667 τῷ
572 631 629 658 ὕντι
648 629 774 665 τροπικοὶ
798 648 807 660 ,
878 627 972 654 συνθέ-

178 691 255 719 unm
275 683 333 713 τοῖς
356 680 515 716 ’Δρειανοῖς,
540 677 587 704 καὶ
614 676 790 712 μερισάμενοι
812 675 869 709 μετ’
881 673 972 700 αὐτῶν

175 729 228 767 τὴν
237 730 278 761 είς
291 727 341 763 τὴν
351 727 467 761 θεότητα
486 723 671 760 βλασφημίαν,
687 723 732 749 ἵνα
748 722 846 748 ἐκεῖνοι
863 721 912 756 μὲν
926 719 972 747 τδν

176 776 255 808 TW,
270 772 345 803 οὗτοι
356 774 386 800 δὲ
399 773 431 799 τὸ
443 772 556 807 Πνεῦμα
567 771 671 805 κτίσμα
692 770 808 803 λέγωσιν
818 777 827 785 ι
856 767 972 802 ἐτόλμη-

178 829 242 853 σαν,
256 820 296 852 ὡς
307 818 384 846 αὐτοί
401 826 478 852 φασι,
497 816 616 852 τρόπους
631 815 712 842 πάλιν
726 815 832 845 ἑαυτοῖς
847 813 972 848 ὲφευρεῖν

178 868 228 896 καὶ
243 865 460 902 παρεξηγεῐσθαι
476 863 567 891 καὶτὸ
582 862 630 889 τοῦ
653 861 815 888 Ἀποστόλου
844 860 940 896 ῥητὸν,
958 859 973 886 δ

166 913 270 950 ’καλῶς
281 912 332 948 μὲν
347 911 428 941 αὐτὸς

181 957 356 995 μαρτύρομαι
368 954 482 983 ἐνώπιον
490 954 538 980 τοῦ
550 952 618 980 Θεοῦ
632 952 679 978 καὶ
691 951 779 986 Ἰησοῦ
856 950 972 986 Χριστοῦ

179 994 231 1031 ναι
244 1001 300 1028 τῶν
317 999 455 1027 ἐκλεκτῶν
464 998 599 1033 ἀγγέλων,
617 997 661 1024 ῖνα
676 996 762 1023 ταῦτα
778 994 899 1030 φυλάξῃς
918 1002 972 1029 χω-

181 1048 227 1084 ρὶς
235 1046 433 1084 προκρίματος,
446 1045 528 1081 μηδὲν
536 1043 622 1071 ποιῶν
629 1043 701 1070 κατά
779 1040 953 1075 πρόσκλησιν,
959 1050 968 1067 ι

185 1094 300 1122 Ἐκεῖνοι
311 1092 341 1119 δὲ
357 1091 519 1126 φάσκουσιν,
534 1090 628 1125 ἐπειδὴ
639 1089 685 1116 τὸν
695 1088 761 1115 Θεὸν
778 1088 825 1114 καὶ
840 1087 886 1114 τὸν
905 1088 972 1122 Χρι-

177 1139 242 1166 σὺν
251 1137 405 1173 ὠνόμασεν,
422 1134 481 1163 εἶτα
494 1136 557 1167 τοὺς
571 1135 714 1170 ἀγγέλους,
726 1133 834 1170 ἀνάγκῃ
849 1134 905 1159 τοῖς
919 1133 970 1166 ἁγ-

176 1185 269 1220 εγοοις
294 1182 520 1219 συναριθμεῖσθαι
542 1182 574 1208 τὸ
589 1180 713 1216 Πνεῦμα,
743 1180 793 1215 τῆς
821 1188 851 1205 τε
880 1178 971 1205 αὺτιτιν

176 1229 250 1259 εἶναι
265 1229 423 1265 συστοιχίας
448 1228 496 1255 καὶ
518 1227 584 1254 αὐτὸ
606 1243 615 1257 ,
688 1226 735 1253 καὶ
760 1225 876 1260 ἄγγελον
901 1222 971 1251 εἶναι

178 1275 293 1313 μείζονα
313 1275 369 1302 τῶν
390 1274 488 1302 ἀλλων.
518 1271 630 1309 Πρῶτον
644 1272 693 1307 μὲν
707 1269 752 1298 οὖν
773 1272 822 1306 τῆς
843 1270 971 1302 ἀσεϐείας

173 1322 252 1351 ἔστιν
266 1320 445 1348 υὺαλεντίνου
457 1318 537 1345 τοῦτο
550 1318 582 1344 τὸ
597 1318 707 1354 εὕρημα
717 1326 723 1331 ·
747 1317 794 1344 καὶ
811 1316 861 1343 οὐκ
875 1316 970 1342 ἔλαθον

175 1364 254 1395 οὗτοι
269 1365 305 1395 τὰ
320 1365 425 1393 ἐκείνου
502 1363 693 1398 φθεγγόμενοι.
713 1362 831 1393 Ἐκεῖνος
839 1361 893 1397 γὰρ
906 1360 972 1395 ἐφη-

176 1416 238 1443 σα,
252 1408 306 1439 ὃτι.
315 1407 488 1442 πεμφθέντος
500 1406 548 1433 τοῦ
559 1407 751 1443 Παρακλήτου,
765 1406 971 1441 συναπεστάλη-

176 1461 232 1486 qv
243 1453 319 1488 αὐτῷ
333 1453 359 1480 οί
374 1452 516 1489 ἡλικιῶται
538 1452 624 1480 αὐτοῦ
640 1452 750 1487 ἄγγελοι
761 1461 767 1468 ·
786 1452 883 1479 ἔπειτα
899 1452 929 1478 δὲ
944 1452 975 1479 τδ

176 1498 296 1536 Πνεῦμα
311 1499 478 1534 κατάγοντες
564 1499 606 1530 είς
628 1498 691 1529 τοὺς
711 1498 844 1532 ἀγγέλους
865 1498 904 1529 είς
925 1497 975 1532 τὴν

177 1545 287 1582 τριάδα
295 1544 500 1576 συντάσσοντες.
515 1544 547 1571 El
564 1544 618 1579 γὰρ
636 1543 705 1578 μετά
719 1543 830 1579 Πατέρα
847 1543 893 1569 καὶ
911 1542 975 1568 Υίὺν

1027 266 1217 300 suscipientes,
1233 264 1365 291 habemus
1380 263 1508 297 gratiam,
1522 271 1570 298 per
1581 271 1665 296 quam
1680 263 1816 291 servimus

1026 313 1164 347 placentes
1181 311 1236 338 Deo
1257 310 1277 336 ¹.
1297 319 1306 336 ι
1326 309 1404 342 Quod
1428 314 1520 336 autem
1548 309 1592 336 hic
1615 310 1754 336 immobile
1774 317 1817 336 re—

1027 366 1109 393 gnum
1128 357 1204 388 dicit,
1220 357 1291 383 idem
1308 356 1445 382 ﬁrmatum
1472 356 1547 382 canit
1572 355 1676 382 David:
1695 365 1703 381 ι
1721 355 1815 382 Domi-

1028 410 1079 429 nus
1094 402 1227 436 regnavit,
1242 401 1368 428 decorem
1388 400 1486 433 induit,
1506 400 1595 427 induit
1615 401 1747 429 Dominus
1762 401 1816 428 for-

1029 448 1170 475 titudinem
1182 452 1209 474 et
1222 455 1253 474 ea
1263 446 1404 481 praecinxit
1417 453 1456 473 se.
1467 445 1572 473 Etenim
1596 446 1713 474 lirmavit
1722 448 1814 474 orbem

1028 497 1121 523 terrae,
1139 492 1186 527 qui
1207 499 1260 518 non
1279 491 1495 518 commovebitur
1517 495 1538 518 ³.
1561 500 1569 515 ι
1598 490 1692 526 Itaque
1715 492 1788 525 quod
1801 501 1814 518 ιι

1028 539 1160 573 propin-ta
1184 537 1286 565 dictum
1308 541 1359 568 est,
1375 536 1525 564 Salvatoris
1546 536 1692 563 adventum
1708 537 1814 571 signiti-

1028 588 1083 616 cat,
1098 584 1124 610 in
1140 591 1195 618 quo
1206 586 1233 610 et
1249 590 1299 610 nos
1315 582 1439 609 renovati
1466 590 1573 614 sumus,
1589 586 1616 609 et
1639 582 1681 609 lex
1703 582 1816 616 spiritus

1028 630 1176 658 immobilis
1185 630 1351 664 perseverat.
1367 628 1419 655 Sed
1438 628 1476 654 illi
1495 636 1557 655 vere
1577 628 1674 663 tropici
1692 636 1739 655 seu
1754 636 1814 655 ver—

1027 677 1121 705 satiles
1137 676 1239 704 ﬁndere
1268 683 1330 703 cum
1347 675 1459 702 Arianis
1472 675 1549 708 inito,
1568 682 1600 702 ac
1627 675 1696 701 inter
1713 682 1742 701 se
1762 674 1815 701 im-

1026 724 1125 758 pietate
1137 722 1269 750 adversus
1283 721 1458 749 Divinitatem
1475 721 1571 754 divisa,
1596 726 1625 748 ut
1643 721 1766 748 videlicet
1778 721 1814 747 illi

1026 768 1135 799 Filium.
1145 768 1197 803 ipsi
1208 767 1339 802 Spiritum
1350 775 1405 794 rem
1414 771 1534 794 creatam
1546 774 1606 794 esse
1614 770 1748 801 pugnent;
1760 771 1815 792 tro-

1026 823 1086 850 pos,
1098 815 1216 842 utiidem
1226 814 1387 848 loquuntur,
1396 813 1534 848 ellingere,
1553 817 1634 847 atque
1653 813 1718 839 illud
1733 812 1814 838 etiam

1025 861 1097 896 quod
1106 865 1179 888 recte
1186 860 1219 887 ad
1228 859 1401 887 Timotheum
1409 859 1518 893 scripsit
1527 858 1684 892 Apostolus,
1695 858 1766 884 male
1777 858 1815 884 in-

512 909 615 944 ἔγραφε
627 907 753 943 Τιμοθέῳ
767 907 853 940 λέγων
864 914 870 920 ·
888 915 898 931 ‹
910 907 973 931 Δια-

1026 906 1168 941 terpretari
1183 905 1242 932 ausi
1257 909 1338 932 sunt:
1351 913 1360 930 ‹
1373 903 1482 935 Testor,
1495 913 1504 929 ι
1520 904 1608 938 inquit
1621 903 1733 935 Paulus,
1753 910 1814 930 «co-

1025 959 1084 979 ram
1102 950 1157 978 Deo
1168 954 1194 978 et
1205 949 1315 977 Christo
1331 948 1413 981 Jesu,
1429 953 1457 976 et
1477 949 1571 976 electis
1587 948 1701 983 angelis,
1713 953 1741 974 ut
1758 942 1814 974 lucc

1024 996 1161 1024 custodias
1271 995 1330 1023 sine
1345 994 1512 1029 praejudicio,
1524 993 1590 1020 nihil
1610 993 1713 1021 faciens
1727 1001 1760 1020 ex
1772 993 1814 1020 iu-

1026 1042 1156 1069 vitatione
1188 1041 1224 1069 ¹.ι
1237 1040 1276 1068 Ex
1295 1041 1396 1075 quibus
1410 1040 1448 1067 illi
1466 1039 1642 1072 concludunt,
1658 1038 1730 1073 quod
1752 1047 1813 1065 cum

1026 1087 1111 1115 Deum
1123 1093 1147 1113 et
1159 1086 1298 1113 Christum
1312 1085 1503 1116 nominaverit,
1519 1084 1672 1119 deindeque
1688 1084 1813 1117 angelos,

1026 1140 1136 1160 necesse
1144 1137 1186 1159 est
1200 1132 1325 1167 spiritum
1338 1131 1408 1158 inter
1418 1131 1530 1166 angelos
1539 1130 1728 1162 annumerari,
1737 1137 1816 1156 cum-

1025 1185 1117 1213 queex
1126 1178 1303 1204 illorumesse
1312 1177 1418 1209 ordine,
1430 1181 1512 1210 atque
1521 1176 1646 1211 angelum
1656 1175 1717 1202 aliis
1726 1174 1814 1208 majo-

1024 1232 1082 1252 rem
1090 1231 1162 1251 esse.
1179 1223 1283 1256 Primo,
1302 1223 1354 1250 hoc
1366 1222 1442 1257 impii
1462 1221 1596 1248 Valentini
1610 1221 1749 1247 inventum
1765 1223 1816 1251 est,

1024 1278 1112 1305 neque
1128 1270 1192 1297 latet
1206 1269 1280 1304 ipsos
1288 1269 1382 1296 eadem
1392 1267 1509 1295 aeillum
1525 1267 1611 1302 loqui.
1624 1265 1671 1293 llle
1679 1265 1814 1300 siquidem

1024 1315 1103 1347 dixit,
1121 1315 1194 1349 quod
1214 1314 1299 1341 misso
1324 1313 1476 1345 Paracleto,
1498 1321 1550 1339 una
1579 1320 1640 1340 cum
1658 1313 1704 1339 illo
1732 1311 1814 1339 τοίω-ἰ

1023 1361 1083 1396 ejus
1102 1361 1189 1396 angeli
1205 1361 1281 1388 missi
1296 1360 1406 1387 fuerint.
1421 1359 1534 1392 Deinde,
1547 1359 1611 1386 dum
1630 1358 1762 1393 Spiritum
1779 1357 1811 1383 ad

1024 1406 1182 1441 angelorum
1210 1410 1334 1432 naturam
1360 1405 1510 1438 deducunt,
1535 1414 1590 1433 non
1615 1407 1762 1433 advertunt
1788 1415 1817 1434 se

1028 1452 1139 1487 angelos
1163 1451 1189 1478 in
1212 1450 1346 1478 Trinitate
1366 1452 1511 1479 collocare.
1528 1451 1596 1479 Nam
1619 1453 1642 1481 si
1665 1453 1816 1480 secundum

1028 1498 1089 1525 illos
1106 1502 1170 1532 post
1185 1496 1293 1524 Patrem
1305 1502 1331 1524 et
1346 1496 1445 1525 Filium
1463 1504 1616 1532 sequtmtur
1627 1499 1715 1534 angeli
1726 1507 1733 1525 :
1744 1504 1817 1526 certe

1028 1551 1042 1570 e
1059 1542 1195 1570 Trinitate
1220 1547 1284 1570 sunt
1304 1544 1404 1578 angeli,
1421 1552 1472 1571 nec
1482 1543 1538 1579 jam
1562 1549 1627 1572 sunt
1659 1554 1669 1571 ι
1698 1545 1811 1572 admini-

179 1591 242 1619 κατ’
252 1591 353 1623 αὐτοὺς
369 1591 395 1618 οί
409 1590 532 1625 ἄγγελοι,
554 1589 677 1625 δηλονότι
701 1589 750 1625 τὴν
766 1589 880 1624 Τριάδος
906 1589 973 1615 εἰσὶν

1028 1593 1160 1616 stratores
1173 1589 1285 1623 spiritus
1302 1589 1327 1616 in
1349 1590 1530 1618 ministerium
1546 1591 1622 1619 missi
1644 1592 1664 1626 ⁸,
1677 1601 1686 1618 ι
1702 1600 1751 1619 nec
1765 1593 1815 1628 ipsi

179 1636 206 1664 ot
230 1668 240 1672 _
283 1635 405 1672 ἄγγελοι,
421 1636 470 1663 καὶ
484 1635 534 1662 οὐκ
550 1634 591 1661 ἐτι
611 1644 620 1660 t
640 1633 813 1669 λειτουργικὰ
832 1633 975 1668 πνεύματα

1028 1634 1116 1661 sancti
1129 1630 1294 1668 efﬁciuntur,
1308 1635 1353 1662 sed
1371 1636 1463 1670 potius
1474 1637 1543 1664 alios
1558 1642 1670 1665 sanctos
1684 1638 1816 1669 cilicium,

180 1682 222 1717 ιις
230 1668 375 1711 me...
388 1681 628 1717 ἀποστελλόμενοι,
646 1690 655 1705 ι
672 1668 737 1706 οὐδὲ
749 1679 934 1715 ἁγιαζόμενοι,
950 1679 1007 1706 ἀλλ’
1023 1681 1099 1708 αὐτοὶ
1115 1681 1214 1716 μᾶλλον
1234 1668 1393 1716 ἁγιάζοντες
1405 1682 1502 1715 ἀλλους
1521 1683 1553 1710 ἂν
1567 1682 1631 1711 εἷεν,

197 1761 199 1766 .
222 1737 292 1770 ητις
325 1735 372 1766 οὖν
388 1739 406 1774 ἡ
419 1737 538 1774 τοσαύτη
564 1737 668 1765 τούτων
693 1737 826 1769 ἀπόνοια;
846 1736 902 1763 Ποῦ
919 1736 974 1763 τῶν

189 1783 297 1821 Tm
309 1784 391 1812 πάλιν
402 1781 480 1820 ε’ὗρον
493 1783 607 1818 ἄγγελον
689 1783 720 1809 τὸ
729 1782 843 1818 Πνεῦμα
861 1782 975 1817 λεγόμε-

195 1828 308 1862 νοιῑῆ
338 1830 410 1858 αὐτὰ
434 1830 463 1857 δέ
485 1838 530 1866 μοι
562 1830 617 1861 τοῖς
644 1828 855 1864 προειρημένοις
887 1829 974 1854 εἰπεῖν

189 1874 298 1912 bim.
311 1875 493 1911 Βαράκλητος
508 1874 604 1910 ἐλέχθη
628 1874 676 1901 καὶ
695 1873 804 1909 πνεῦμα
827 1873 973 1905 υἱοθεσίας,

185 1920 230 1949 καὶ
240 1919 352 1958 νεῦμα
365 1919 514 1956 ἀγιασμοῦ,
527 1920 575 1947 καὶ
588 1918 697 1954 πνεῦμα
712 1918 791 1951 Θεοῦ,
809 1918 857 1944 καὶ
865 1917 974 1952 πνεῦμα

181 1965 299 2002 Χριστοῦ
319 1965 418 2002 ἐλέχθη
432 1974 439 1981 ·
461 1964 579 2000 οὐδαμοῦ
596 1965 624 1991 δὲ
648 1963 775 1999 ἄγγελος,
796 1963 856 1990 οὐδὲ
870 1963 974 1998 ἀρχάγ-

179 2011 270 2047 γιλος,
284 2011 347 2040 οὐδὲ
360 2011 470 2047 πνεῦμα
485 2010 632 2044 διακονίας,
650 2007 701 2037 οἷοί
794 2010 863 2036 είσιν
883 2009 908 2035 οί
925 2008 974 2043 ἄγ-

178 2058 273 2094 γελιν
287 2058 356 2086 ἀλλὰ
373 2058 475 2094 μᾶλλον
487 2057 536 2084 σὺν
550 2057 590 2092 τῷ
603 2056 660 2092 Υἱῷ
671 2056 719 2083 καὶ
734 2056 801 2083 αὐτὸ
809 2055 974 2082 διακονεῖται

177 2103 258 2141 παρὰ
279 2104 329 2132 τοῦ
351 2103 473 2140 Γαϐριὴλ
497 2102 624 2138 λέγοντος
648 2103 682 2138 τῇ
699 2102 811 2137 Μαρίᾳ·
828 2109 839 2128 ι
862 2100 975 2135 Πνεῦμα

176 2150 259 2186 ιγεσν
276 2150 453 2178 διελεύσεται
467 2149 513 2176 ἐπὶ
524 2148 554 2176 σέ
564 2157 572 2165 ο
584 2148 631 2175 καὶ
646 2147 761 2183 δύναμις
778 2147 904 2182 Ὑψίστου
918 2147 977 2173 έπι-

177 2197 291 2226 σκιάσαι
306 2205 358 2224 σοι.
377 2205 387 2223 ›
400 2195 462 2223 Τῶν
477 2195 506 2222 δὲ
521 2195 637 2230 Γραφῶν
654 2193 693 2229 μὴ
709 2192 848 2227 λεγουσῶν
859 2191 975 2227 ἄγγελον

174 2246 208 2273 τὸ
222 2243 356 2281 Πνεῦμα,
376 2243 440 2271 ποια
464 2242 570 2274 τούτοις
593 2240 727 2275 ἀπολογία
756 2239 855 2274 γένοιτ’
873 2239 906 2266 ἂν
926 2238 977 2274 τῆς

1123 1738 1254 1771 Quaenam
1273 1740 1382 1767 tandem
1411 1741 1470 1768 haec
1492 1746 1546 1768 tam
1570 1742 1689 1769 absurda
1707 1742 1815 1770 illorum

1028 1783 1165 1810 dementia
1185 1783 1319 1816 est?-Quo
1337 1784 1363 1811 in
1379 1785 1440 1812 loco
1455 1793 1550 1812 rursus
1565 1785 1712 1821 Scriptum
1733 1795 1818 1815 sacra:

1028 1829 1192 1857 invenerunt
1218 1829 1349 1865 Spiritum
1372 1830 1498 1866 angelum
1514 1831 1568 1858 dici
1593 1831 1718 1859 “Eadem
1744 1834 1816 1861 enim

1028 1884 1088 1911 qua:
1102 1876 1159 1910 jam
1174 1876 1241 1909 dixi,
1260 1877 1327 1904 mihi
1344 1881 1467 1908 repetere
1493 1884 1605 1905 necesse
1626 1883 1676 1905 est.
1693 1879 1819 1908 Paraele-

1028 1927 1071 1949 tus
1083 1921 1173 1948 dictus
1189 1925 1232 1949 cst
1246 1926 1273 1949 et
1300 1922 1414 1956 spiritus
1442 1922 1609 1956 adoptionis,
1628 1924 1742 1958 spiritus
1755 1933 1818 1952 san-

1027 1967 1175 2001 ctimoniae,
1195 1972 1222 1994 et
1232 1967 1332 1994 Christi
1355 1967 1478 2001 spiritus.
1503 1968 1538 1994 At
1553 1976 1693 2003 nunquam
1708 1970 1750 1997 vel
1766 1978 1817 1998 an-

1028 2013 1104 2048 gelus
1118 2017 1166 2040 aut
1183 2012 1375 2047 archangelus,
1387 2014 1556 2047 autspiritus
1566 2015 1708 2042 ministerii
1723 2017 1817 2051 quales

1027 2062 1092 2086 sunt
1104 2057 1203 2092 angeli,
1219 2058 1370 2092 appellatus
1384 2062 1434 2085 est.
1451 2057 1522 2092 Quin
1548 2059 1602 2086 imo
1625 2060 1713 2087 eidem
1730 2065 1758 2088 et
1774 2061 1818 2088 Fl«

1026 2103 1063 2130 lio
1084 2103 1223 2130 ministrat
1242 2102 1351 2130 Gabriel
1381 2111 1444 2131 cum
1469 2103 1560 2132 Maria:
1582 2105 1620 2132 ait
1638 2114 1645 2133 :
1672 2115 1680 2132 ι
1701 2107 1818 2141 Spiritus

1027 2154 1139 2178 sanctus
1153 2150 1327 2184 superveniet
1342 2150 1369 2177 in
1394 2155 1429 2184 te,
1441 2155 1468 2178 et
1479 2151 1565 2179 virtus
1578 2151 1711 2180 Altissimi
1722 2154 1818 2181 obum-

1026 2194 1117 2222 brabit
1131 2194 1179 2222 tibi
1201 2195 1222 2222 '.
1246 2202 1255 2219 ι
1274 2193 1344 2222 Cum
1360 2195 1443 2230 igitur
1460 2195 1609 2231 Scriptura:
1621 2197 1753 2232 Spiritum
1769 2207 1818 2226 an-

1027 2239 1116 2275 gelum
1129 2247 1184 2267 non
1205 2240 1355 2275 appellent,
1372 2241 1437 2275 quid
1451 2243 1637 2270 excusationis
1645 2243 1744 2271 habere
1757 2253 1819 2279 pos-

174 2290 318 2326 τοσαύτης
333 2289 476 2324 ἀλογίστου
489 2288 613 2324 τόλμηςς
632 2287 700 2314 ὅπου
717 2294 749 2321 γε
764 2285 812 2312 καὶ
828 2286 843 2312 ὁ
857 2285 907 2320 τὴν
918 2293 973 2311 τοι-

1026 2285 1083 2313 sint
1101 2285 1129 2312 in
1146 2289 1221 2313 tanta
1244 2290 1355 2321 tamque
1384 2287 1502 2314 absurda
1520 2289 1682 2322 temeritate,
1699 2291 1818 2317 maxime

175 2335 269 2372 αὐτ-ην
285 2336 377 2366 αὐτοῖς
394 2334 539 2362 κακόνοιαν
561 2332 725 2368 ὲπισπείρας
747 2330 923 2362 Οὐαλεντῖνος
946 2329 976 2356 τὸ

177 2381 430 2420 μὶν-*Παράκλητον
450 2399 460 2414 ,
537 2380 601 2411 τοὺς
617 2379 645 2405 δὲ
665 2378 797 2413 ἀγγέλους
817 2376 974 2411 ὠνόμασεν·

175 2431 201 2457 σί
216 2427 268 2456 καὶ
279 2429 310 2457 ἐν
321 2427 362 2464 τῷ
375 2427 425 2463 [σῳ
431 2426 538 2463 -χρόνῳ,
546 2424 695 2461 ἡλικιώτην
709 2425 765 2456 τοῖς
776 2423 902 2457 ἀγγέλοις
915 2430 976 2448 συν-

175 2475 278 2503 τάσσει
291 2473 339 2501 καὶ
352 2472 436 2505 αὐτὸς
451 2472 482 2499 τὸ
502 2471 615 2507 Πνεῦμα
631 2472 646 2497 ὁ
669 2469 878 2506 ἀφρονέστατος.
907 2467 976 2494 Ἀλλ’

179 2521 252 2553 ἰδοὺ,
264 2520 359 2556 φασὶν,
371 2520 400 2546 ιν
410 2518 451 2554 τῷ
461 2518 588 2554 προφήτῃ
599 2517 724 2553 Ζαχαρία
805 2514 959 2550 γέγραπται
968 2523 975 2529 ι

181 2576 192 2593 ι
206 2565 279 2594 Τάδε
292 2565 367 2600 λέγει
381 2566 396 2592 ὁ
406 2563 532 2599 ἄγγελος,
545 2564 559 2589 ὁ
571 2562 660 2591 λαλῶν
670 2563 700 2589 εν
714 2561 786 2597 spot.
805 2570 815 2586 ι
831 2560 886 2587 Καὶ
899 2559 977 2596 δῆλόν

178 2614 269 2644 ἐστιν,
293 2611 334 2638 δτι
355 2610 471 2646 ἄγγελον
492 2607 560 2636 εἶναι
585 2609 616 2635 τὸ
642 2607 755 2643 Πνεῦμα
782 2606 909 2642 σημαίνει
931 2606 977 2632 τὸν

178 2659 211 2686 ἒν
227 2656 303 2693 αὑτῷ
317 2656 462 2684 λαλοῦντα.
471 2655 556 2682 Τοῦτο
574 2655 603 2682 δὲ
620 2654 671 2681 οὐκ
681 2653 715 2680 ἂν
728 2651 816 2684 εἷπον,
831 2653 856 2678 εί
872 2652 905 2687 τῇ
917 2652 979 2679 ἀνα-

180 2701 284 2738 γνώσει
297 2702 478 2739 προσέχοντες
493 2699 574 2737 ἦσαν.
594 2700 682 2731 Αὐτὸς
705 2698 760 2734 γὰρ
780 2700 795 2725 ὁ
819 2697 974 2733 Ζαχαρίας,

181 2748 267 2785 ἡνίκα
279 2749 330 2785 τὴν
343 2747 477 2775 ὀπτασίαν
489 2747 554 2783 περὶ
569 2746 619 2782 τῆς
638 2745 748 2781 λυχνίας
763 2744 880 2780 ἑώρακε,
892 2742 958 2778 φησί
968 2752 974 2758 ·

185 2803 197 2818 σ
215 2794 271 2821 Καὶ
282 2793 419 2830 ἀπεκρίθη
430 2794 445 2820 ό
456 2792 571 2828 ἀγγελος
583 2793 597 2819 ὁ
608 2791 695 2818 λαλῶν
707 2792 736 2817 ὲν
748 2791 818 2825 ἐμοὶ,
831 2789 878 2816 καὶ
888 2787 975 2815 εἶπεν·

1027 2338 1088 2358 cum
1104 2331 1162 2365 ipse
1177 2330 1347 2364 Valentinus,
1365 2331 1412 2367 qui
1428 2333 1539 2367 impiam
1552 2332 1623 2361 hanc
1631 2339 1748 2362 mentem
1764 2336 1817 2364 illis

1026 2375 1159 2408 inseruit,
1184 2375 1259 2403 illum
1279 2376 1400 2411 quidem,
1415 2376 1597 2411 Paracletum,
1613 2378 1664 2407 bos
1683 2388 1757 2412 vero.
1769 2389 1818 2408 an-

1027 2420 1102 2454 gelos
1118 2420 1311 2454 nominaverit,
1327 2420 1389 2448 licet
1403 2421 1474 2448 idem
1488 2421 1669 2450 stultissimus
1687 2422 1816 2459 Spiritum

1027 2465 1130 2500 angelis
1143 2470 1311 2494 coaetaneum
1323 2466 1476 2501 eodemque
1495 2467 1628 2495 duntaxat
1649 2473 1771 2505 tempore
1786 2478 1818 2498 ac

1027 2511 1087 2537 illos
1102 2511 1239 2538 exstitisse
1254 2512 1380 2539 senserit.
1408 2512 1461 2539 Sed
1487 2520 1561 2545 ecce,
1585 2513 1724 2548 inquiunt,
1747 2517 1816 2550 apud

1027 2555 1187 2590 prophetam
1213 2555 1376 2583 Zachariam
1400 2556 1534 2591 scriptum
1556 2561 1621 2584 cst:
1643 2567 1652 2584 ‹
1672 2557 1736 2586 Haec
1752 2554 1818 2587 dicit

1027 2604 1139 2637 angelus
1153 2603 1199 2637 qui
1215 2602 1335 2637 loquitur
1350 2602 1376 2630 in
1391 2610 1435 2630 me
1453 2603 1463 2618 ⁸
1479 2623 1486 2630 .
1507 2611 1516 2628 ι
1535 2603 1618 2639 Atqui
1642 2605 1816 2639 perspicuum

1027 2652 1068 2675 est
1086 2647 1131 2675 hic
1146 2647 1259 2682 spiritus
1278 2648 1389 2675 nomine
1405 2648 1530 2684 angelum
1544 2648 1571 2675 in
1590 2649 1650 2684 ipso
1664 2648 1816 2683 loquentem

1028 2692 1186 2728 signiﬁcari.
1205 2692 1306 2721 Verum
1328 2694 1355 2721 id
1370 2693 1484 2721 minime
1493 2694 1623 2726 dicerent,
1643 2693 1667 2722 si
1691 2694 1763 2728 quod
1779 2693 1816 2722 le-

1028 2743 1096 2774 gunt
1109 2739 1209 2766 vellent
1225 2740 1374 2767 attendere.
1398 2738 1466 2766 Nam
1487 2737 1636 2766 Zacharias
1659 2737 1687 2764 in
1716 2738 1802 2766 cando

1028 2786 1099 2813 labri
1122 2786 1228 2814 visione
1243 2787 1280 2813 ait
1294 2795 1300 2814 :
1317 2795 1326 2812 ‹
1344 2785 1377 2812 Et
1388 2785 1526 2820 respondit
1537 2783 1649 2820 angelus
1665 2782 1712 2818 qui
1723 2782 1818 2818 loque-

223 2853 315 2890 ξΑεκ.
330 2858 363 2885 ιι.
377 2853 413 2890 fl;
436 2852 519 2882 ll-br.
548 2861 596 2887 xu,
624 2852 719 2881 26-28.
759 2853 769 2868 ³
785 2852 855 2880 Psal.
883 2859 948 2885 xcu,

1039 2851 1071 2878 ³Ι
1087 2850 1208 2879 Timotli.
1228 2857 1253 2882 ν,
1274 2849 1321 2878 2i.
1359 2850 1370 2865 ⁸
1387 2847 1469 2876 llebr.
1495 2854 1516 2880 ι,
1536 2848 1579 2875 ιι.
1617 2852 1627 2863 ι
1640 2844 1705 2874 Luc.
1725 2851 1746 2875 ι,
1775 2846 1820 2873 35.

186 2890 197 2905 ⁸
212 2887 302 2918 lacti."
316 2897 354 2923 tv,
374 2889 400 2917 5.
