4064 6392
425 317 536 380 6;)9

1632 311 2033 374 EUTIIYilili
2072 314 2438 375 ZIGABENI

3589 328 3696 392 700

428 432 595 485 batur
620 428 673 484 in
698 442 808 496 me,
841 436 897 485 ct
918 428 1061 485 dixit
1093 444 1112 495 ;
1158 425 1437 497 Numquid
1488 426 1667 481 nescis
1692 425 1825 494 quid
1877 433 2002 481 sunt

2110 427 2186 482 οὺ
2225 429 2520 497 γινώσκεις
2566 428 2628 484 τί·
2649 430 2765 485 ἐστι
2794 428 3007 500 ταῦτα;
3036 430 3152 487 Kal
3174 426 3352 489 εἵπον-
3387 436 3543 509 οῠχὶ,
3568 422 3693 495 κύ.

427 520 591 578 hac?
616 520 682 577 Et
701 521 817 578 dixi
849 539 864 577 :
892 521 1032 588 Non,
1061 520 1310 575 Domine.
1339 519 1407 574 Et
1429 517 1735 590 respondit,
1767 517 1917 572 etait
1938 515 2002 570 ad

2115 533 2225 586 ριε.
2264 518 2376 570 Kal
2425 518 2722 590 ἀπεκρίθη,
2765 521 2862 575 καὶ
2892 516 3013 576 eius
3044 522 3183 594 πρὸς
3210 511 3290 593 ’μὶ
3316 523 3513 593 λέγων·
3580 524 3692 583 Ui:-

425 629 539 680 me,
573 615 761 670 dicens
785 632 800 679 ;
830 612 946 669 Hoc
967 624 1050 668 est
1071 612 1297 666 verbum
1338 610 1558 666 Domini
1590 610 1657 665 ad
1680 607 2006 677 Zorobabci,

2111 625 2202 673 τος
2231 611 2260 662 δ
2296 610 2457 680 λόγος
2507 613 2714 683 Κυρίου
2763 616 2902 684 πρὸς
2944 617 3270 686 Ζοροϐάϐελ,
3321 620 3518 687 λέγων⁸
3574 626 3692 678 Οὐκ

426 707 657 763 dicens:
686 709 803 763 Non
838 708 892 762 in
946 711 1146 762 virtute
1184 722 1404 776 magna,
1429 721 1532 762 nec
1563 706 1623 762 in
1649 708 1870 773 robore,
1910 707 2002 766 sed

2111 706 2172 758 ιν
2198 705 2426 773 δυνάμει
2463 706 2697 776 μεγάλῃ,
2733 707 2855 761 οὐδὲ
2886 708 2947 762 ιν
2977 709 3143 780 ίσχύῖ,
3175 710 3293 763 ἀλλ’
3321 711 3380 765 ἐν
3408 713 3689 784 Πνεῦματί

426 802 484 856 iu
517 801 721 871 Spiritu
743 816 890 868 meo,
921 801 1053 855 dicit
1080 801 1346 858 Dominus
1388 802 1739 871 omnipotens
1768 801 1810 855 ‘.
1850 819 1873 854 ι
1928 799 2006 854 Ex

426 894 630 963 quibus
657 894 825 964 liquet
856 895 1113 964 angelum
1172 896 1266 965 qui
1318 895 1598 965 prophetae
1656 894 2004 965 loquebatur,

427 1003 535 1044 non
614 986 784 1042 luisse
838 986 1101 1057 Spiritum
1137 996 1415 1053 sanctum,
1444 986 1541 1042 sed
1594 986 1748 1042 illum
1781 987 2002 1057 quidem

422 1093 544 1135 esse
576 1078 852 1149 angelum,
883 1077 1029 1133 hunc
1060 1085 1241 1133 autem
1265 1092 1388 1132 esse
1407 1076 1670 1149 Spiritum
1702 1077 1792 1132 Dei
1820 1077 2000 1131 omni-

422 1171 679 1239 potentis,
714 1170 803 1223 cui
828 1177 885 1223 et
922 1169 1145 1239 angelus
1174 1170 1468 1228 ministrat.
1499 1170 1705 1240 quique
1736 1184 1764 1222 ιι
1805 1169 2000 1224 divini-

429 1270 541 1315 tate
579 1259 748 1314 dividi
771 1261 984 1329 nequit,
1026 1275 1092 1315 ac
1112 1261 1261 1315 verbi
1318 1260 1573 1330 proprius
1594 1271 1696 1316 est.
1751 1259 1907 1327 Quod
1954 1262 1999 1316 si

417 1353 667 1411 Aoostoli
694 1353 859 1407 verba
892 1353 1049 1407 nobis
1079 1354 1463 1420 opposuerint,
1515 1356 1606 1424 qui
1649 1355 1855 1410 scilicet
1882 1362 2003 1422 post

417 1444 700 1498 Christum
729 1442 928 1499 electos
950 1445 1173 1514 angelos
1194 1444 1497 1498 nominavit
1520 1462 1537 1512 ;
1564 1445 1745 1498 dicant
1775 1444 1997 1512 quinam

417 1550 488 1591 ex
512 1536 620 1592 illis
641 1536 898 1592 omnibus
912 1534 1161 1590 Trinitatl
1188 1535 1569 1607 adjungendus
1592 1537 1700 1591 sit?
1722 1533 1832 1592 Nec
1851 1535 1997 1590 enim

423 1643 615 1683 omnes
643 1624 789 1684 unus
823 1637 953 1684 sunt
977 1644 1228 1684 numero.
1262 1630 1370 1684 Aut
1396 1629 1523 1700 quis
1575 1629 1793 1684 illorum
1818 1629 1873 1682 in
1903 1642 2000 1684 co~

423 1720 626 1775 iumba:
654 1721 838 1790 specie
861 1720 913 1775 in
948 1719 1242 1777 Jordanem
1288 1722 1609 1778 descendit?
1653 1720 1789 1777 Nam
1830 1721 1998 1777 millia
2027 1761 2070 1818 Β

425 1813 655 1867 millium
705 1822 759 1868 et
820 1813 1001 1869 decies
1034 1813 1231 1868 millies
1272 1813 1413 1869 dena
1463 1813 1632 1869 millia
1687 1814 2004 1868 ministrant

423 1905 473 1957 ei
537 1902 577 1957 ³.
630 1902 726 1959 Vel
753 1920 924 1975 quare
966 1905 1122 1962 coeiis
1169 1906 1374 1977 apertis
1421 1921 1532 1961 non
1572 1908 1777 1962 dictum
1805 1916 1907 1970 est,
1936 1903 2003 1959 Et

424 1994 706 2050 descendit
751 1996 952 2067 aliquis
999 2012 1068 2052 ex
1126 1996 1315 2053 eiectis
1357 1998 1585 2068 angelis,
1615 1998 1734 2065 sed,
1763 1997 2001 2068 Spiritus

424 2088 685 2144 sanctus?
716 2087 812 2144 Vel
861 2105 1032 2159 quare
1077 2090 1193 2161 ipse
1224 2089 1490 2147 Dominus
1522 2090 1590 2145 de
1641 2088 1749 2143 ﬁne
1785 2100 1995 2158 tempo-

423 2196 546 2234 rum
576 2196 698 2235 cum
731 2180 1015 2251 discipulis
1041 2181 1340 2249 disserens,
1579 2179 1834 2235 distincte
1876 2181 1952 2234 ait
1980 2195 1996 2233 :

427 2291 447 2323 ι
478 2270 649 2326 Mittet
683 2269 853 2328 Filius
879 2270 1117 2328 hominis
1139 2273 1360 2343 angelos
1390 2287 1523 2328 suos
1551 2270 1637 2327 ’τι
1668 2270 1800 2327 item
1826 2281 1877 2326 et
1904 2287 2001 2326 au-

423 2373 509 2417 tea
539 2362 741 2417 dictum
788 2362 1011 2419 fuerat:
1050 2381 1071 2416 ι
1110 2363 1302 2436 Angeli
1352 2364 1740 2419 ministrabant
1778 2364 1829 2419 ei
1892 2365 1933 2417 ⁸.
1975 2382 1994 2416 ι

425 2454 629 2509 iterum
663 2471 884 2525 quoque
909 2455 1048 2511 dixit
1098 2474 1113 2511 :
1145 2474 1163 2509 t
1217 2455 1455 2512 Exibunt
1488 2456 1669 2528 angeli
1723 2460 1766 2512 ⁵.
1811 2475 1830 2510 ι
1860 2455 1999 2512 Cum

420 2558 553 2599 vero
578 2545 860 2616 discipulis
887 2555 1139 2602 sanctum
1181 2547 1449 2619 Spiritum
1489 2548 1665 2613 daret,
1688 2548 1803 2603 ait:
1844 2566 1865 2600 ι
1901 2549 2003 2604 Ac-

420 2635 587 2705 cipite
627 2636 888 2708 Spiritum
928 2649 1179 2694 sanetum
1250 2639 1290 2693 ⁸.
1329 2658 1348 2691 ι
1389 2638 1605 2695 Rursus
1647 2649 1850 2696 etcum
1876 2656 2000 2697 eos-

422 2726 547 2781 dem
582 2728 649 2782 ad
689 2730 1091 2798 praedicandum
1134 2731 1323 2786 misit:
1357 2749 1376 2783 ι
1400 2729 1627 2796 Euntes,
1661 2731 1859 2802 inquit,
1910 2731 2001 2787 do-

422 2828 542 2873 cete
562 2834 754 2875 omnes
785 2829 994 2892 gentes,
1048 2821 1393 2892 baptizantes
1426 2838 1524 2879 eos
1560 2822 1615 2878 iu
1647 2825 1868 2880 nomine
1896 2823 2002 2880 Pa-

425 2909 528 2966 tris
575 2920 630 2966 et
666 2909 787 2966 Filii
817 2923 871 2968 et
916 2913 1154 2983 Spiritus
1185 2915 1363 2970 sancti
1400 2916 1440 2970 ⁷.
1473 2933 1493 2968 ι
1525 2912 1636 2970 Nec
1658 2916 1802 2971 enim
1832 2930 1999 2987 ange-

423 3001 539 3057 lum
575 3019 699 3059 cum
739 3004 1021 3060 divinitate
1049 3006 1352 3076 copulavit,
1384 3022 1565 3079 neque
1615 3022 1717 3063 nos
1755 3008 1860 3064 sibi
1896 3008 2000 3079 ipsi

2117 814 2243 868 μου,
2277 797 2430 866 λέγει
2485 799 2690 868 Κύριος
2738 803 3156 872 παντοκράτωρ.
3201 822 3219 855 ι
3276 802 3515 876 Εὔδηλον
3569 807 3687 873 οὖν,

2109 890 2184 952 ὡς
2252 890 2281 942 δ
2336 889 2514 944 λαλῶν
2564 892 2795 959 ἄγγελος
2858 893 2939 963 τῷ
3016 897 3272 967 προφήτῃ
3332 898 3434 952 οὐκ
3489 894 3561 972 ἦν
3626 903 3688 955 τὸ

2107 981 2334 1053 Πνεῦμα
2363 985 2424 1037 τὺ
2456 982 2637 1051 ἄτιον,
2673 985 2790 1038 ἀλλ’
2822 988 2985 1049 αὐτὸς
3016 988 3117 1058 μὲν
3149 989 3409 1057 ἄγγελος.
3444 992 3507 1045 τὸ
3534 992 3591 1046 δὲ
3625 993 3688 1046 τὸ

2104 1073 2329 1143 Πνεῦμα
2376 1073 2474 1128 τοῦ
2539 1075 2678 1129 Θεοῦ
2738 1077 2855 1130 ἔστι
2915 1078 3012 1131 τοῦ
3066 1083 3536 1152 παντοκράτορος
3589 1084 3690 1137 καὶ

2105 1169 2435 1224 διακονεῖται
2488 1168 2591 1238 μὲν
2650 1167 2785 1239 παρ’
2810 1170 3065 1238 ἀγγέλου,
3132 1171 3441 1241 ἀδιαίρετον
3471 1174 3529 1228 δὲ
3585 1178 3690 1245 τῆς

2106 1262 2362 1333 θεότητος
2395 1264 2530 1324 ἑστι,
2568 1264 2661 1317 καὶ
2692 1261 2826 1315 ῐδιον
2849 1264 2944 1316 τοῦ
2970 1264 3153 1332 λόγου.
3197 1265 3353 1318 Ἐπεὶ
3374 1268 3426 1318 εί
3455 1268 3517 1320 τὸ
3552 1268 3690 1320 ἀπο-

2111 1354 2358 1408 στολικὸν
2390 1355 2820 1423 προφασίζονται
2849 1356 3038 1426 ῥητὸν,
3073 1356 3243 1411 διὰτὸ
3270 1358 3525 1429 εἰρῆσθαι
3550 1361 3689 1429 μετά
3783 1383 3791 1389 ι

2100 1443 2190 1495 τὸν
2223 1445 2455 1514 Χριστὸν
2473 1446 2602 1508 τοὺς
2627 1445 2918 1507 ἐκλεκτοὺς
2945 1444 3234 1513 ἀγγέλους,
3263 1443 3577 1497 εἰπάτωσαν
3598 1452 3687 1509 τίς

2101 1536 2166 1587 ὲκ
2184 1535 2402 1589 πάντων
2424 1536 2630 1591 τούτων
2656 1537 2804 1590 ἐστὶν
2818 1537 2848 1590 ὁ
2880 1537 2948 1606 τῇ
3087 1534 3280 1607 Τριάδι
3318 1536 3681 1607 συντασσόμε-

2100 1643 2219 1692 νος;
2254 1628 2330 1681 Οὐ
2376 1628 2485 1700 γάρ
2520 1628 2584 1700 δὴ
2625 1628 2828 1692 πάντες
2871 1627 2953 1694 εἷς
2995 1630 3102 1682 εἶσι
3133 1628 3210 1699 τῷ
3259 1627 3498 1701 ἀριθμεῖν
3532 1629 3566 1699 ἦ
3603 1628 3689 1693 τίς

2100 1718 2280 1773 αὐτῶν
2319 1703 2468 1773 ἐστιν
2504 1720 2534 1770 δ
2572 1718 2849 1773 κατελθὼν
2877 1721 2961 1784 είς
2993 1718 3086 1773 τὸν
3144 1719 3417 1790 Ἰορδάνην
3452 1719 3512 1772 ὲν
3557 1717 3689 1772 εῖδει

2101 1811 2463 1880 περιστερᾶςς
2490 1810 2672 1864 Χίλιαι
2706 1809 2816 1883 γὰρ
2844 1809 3083 1881 χιλιάδες
3113 1810 3220 1864 eiul
3242 1810 3340 1864 καὶ
3370 1809 3563 1882 μύριαι
3587 1827 3690 1881 μυ-

2102 1900 2284 1973 ριάδες
2305 1904 2355 1955 οί
2381 1901 2558 1955 λειτου
2568 1903 2845 1972 ργοῦντες.
2868 1905 2940 1957 Ἢ
2968 1904 3057 1958 διὰ
3074 1902 3148 1968 τί,
3184 1903 3556 1974 ἀνοιγομένων
3576 1903 3689 1957 τῶν

2098 1993 2379 2065 οὐρανῶν,
2418 1994 2518 2047 οὐκ
2554 1996 2793 2067 εἴρηται,
2839 1996 2950 2050 Kal
2983 1995 3257 2067 κατῆλθεν
3284 1997 3350 2050 ὲκ
3387 1996 3499 2050 τῶν
3529 1994 3688 2050 ἔκλε-

2100 2083 2248 2138 κτῶν
2276 2082 2547 2154 ἀγγέλων,
2573 2083 2734 2152 ἀλλὰ,
2760 2084 2823 2139 τὸ
2860 2084 3089 2156 Πνεῦμα
3111 2085 3174 2139 τὺ
3202 2087 3385 2156 ἅγιον;
3413 2088 3487 2140 Ἢ
3517 2086 3607 2140 διά
3632 2087 3689 2141 τί

2100 2176 2262 2241 αὐτὸς
2280 2177 2309 2228 ὁ
2338 2175 2541 2249 Κύριος
2567 2177 2698 2248 περὶ
2729 2177 2828 2248 μὲν
2848 2179 2948 2249 τῆς
2970 2177 3281 2243 συντελείας
3306 2178 3689 2248 διαλεγόμενος

2099 2269 2213 2331 τοῖς
2255 2267 2543 2338 μαθηταῖς,
2570 2267 2894 2322 διαστέλλων
2929 2269 3026 2339 μὲν
3048 2269 3262 2338 ἔλεγεν·
3301 2288 3322 2321 ι
3377 2269 3693 2325 ’.ἀποστελεῖ

2099 2362 2129 2414 ὁ
2160 2358 2290 2425 Υἱὸς
2314 2359 2408 2414 τοῦ
2435 2360 2732 2432 ἀνθρώπου
2784 2362 2911 2425 τοὺς
2958 2360 3224 2430 ἀγγέλους
3257 2362 3423 2415 αὐτοῦ
3450 2378 3466 2428 ;
3514 2380 3538 2415 ι
3577 2364 3692 2417 Kal

2099 2453 2207 2525 πρὸ
2237 2451 2441 2507 τούτων
2477 2453 2691 2525 εἴρητο·
2730 2471 2749 2505 ι
2788 2454 2850 2507 Οί
2881 2453 3102 2522 ἄγγελοι
3144 2454 3424 2524 διηκόνουν
3460 2454 3631 2526 αὐτῷ.
3664 2473 3685 2507 ι

2100 2542 2213 2596 Kal
2238 2542 2403 2598 πάλιν
2432 2542 2601 2607 αὐτος
2619 2543 2768 2613 λέγει
2786 2558 2802 2576 ο
2841 2561 2861 2596 ι
2908 2541 3312 2608 Ἐξελεύσονται
3337 2545 3386 2597 οἱ
3408 2543 3686 2613 άγγελοι.ι

2099 2635 2227 2700 Τοῖς
2269 2635 2327 2689 δὲ
2387 2635 2658 2706 μαθηταῖς
2708 2635 2887 2700 διδοὺς
2920 2635 3075 2703 ἔλεγε
3142 2653 3161 2687 ι
3196 2635 3404 2690 Λάϐετε
3463 2633 3694 2707 Πνεῦμα

2100 2729 2290 2798 ἀγιον*
2336 2747 2355 2781 ι
2384 2725 2730 2782 ἀποστέλλων
2757 2744 2819 2780 τε
2858 2727 3056 2792 αὐτοὺς
3095 2726 3283 2796 Eli-:15:
3325 2746 3345 2779 ι
3384 2728 3695 2798 Πορευθέν-

2099 2835 2193 2884 τες
2245 2817 2627 2891 μαθητεύσατε
2783 2818 2964 2873 πάντα
3013 2818 3084 2872 τὰ
3132 2817 3262 2890 ἔθνη
3288 2861 3303 2884 ,
3336 2816 3694 2888 βαπτίζοντες

2102 2911 2298 2974 αὐτοὺς
2324 2912 2407 2975 είς
2431 2910 2493 2963 τὸ
2515 2910 2687 2981 δνομα
2717 2909 2811 2963 τοῦ
2850 2908 3067 2982 Πατρδς
3086 2949 3101 2973 ,
3146 2908 3244 2963 καὶ
3279 2906 3373 2962 τοῦ
3400 2905 3533 2962 Υίοῦ
3550 2946 3566 2971 ,
3593 2908 3696 2962 καὶ

2101 3003 2196 3057 τοῦ
2230 3004 2386 3073 ἀγίου
2416 3003 2756 3075 Πνεύματος.
2802 3020 2821 3054 ι
2858 3003 2934 3055 Οὐ
2978 3001 3091 3073 γὰρ
3126 3000 3365 3071 ἄγγελον
3395 2998 3696 3055 συνέτασσε

423 3100 480 3149 et
504 3092 656 3149 Patri
684 3097 741 3150 in
770 3111 829 3151 re
861 3107 1043 3152 creata
1068 3098 1375 3170 conjunxit,
1403 3099 1499 3155 sed
1549 3098 1605 3154 in
1637 3098 1843 3171 Spiritu
1868 3116 1967 3156 san
1985 3130 2000 3143 -

2102 3101 2168 3170 τῇ
2192 3096 2429 3169 θεότητι,
2459 3096 2582 3151 οὐδὲ
2619 3098 2679 3151 ὲν
2711 3095 2973 3167 κτίσματι
3002 3092 3276 3165 συνῆπτεν
3314 3093 3467 3166 ἡμᾶς
3508 3092 3695 3165 ἑαυτῷ

425 3195 535 3255 cto,
563 3203 725 3258 quem
756 3204 880 3243 cum
931 3190 1294 3260 promitteret,
1324 3206 1435 3245 non
1491 3191 1570 3245 ait
1633 3205 1693 3246 se
1739 3192 1997 3263 angelum

426 3277 665 3345 mittere,
689 3279 783 3335 sed
825 3297 844 3332 ι
882 3278 1148 3348 Spiritum
1175 3280 1422 3337 veritatis
1452 3281 1548 3352 qui
1578 3297 1609 3335 a
1660 3280 1822 3338 Patre
1872 3298 2004 3357 pro-

424 3369 589 3436 cedit,
636 3375 658 3408 ⁸
678 3389 698 3423 ι
737 3371 833 3442 qui
854 3372 998 3428 idem
1025 3388 1092 3428 ex
1118 3373 1239 3444 ipso
1263 3374 1461 3444 accipit
1488 3381 1544 3429 et
1568 3373 1753 3430 datur.

614 3652 833 3727 Moyses
856 3667 1077 3725 quoque
1095 3651 1189 3724 qui
1226 3654 1452 3726 angelos
1480 3652 1703 3724 quidem
1734 3668 1825 3709 res
1847 3667 2002 3709 crea-

427 3759 515 3805 tas
541 3762 686 3812 esse,
743 3746 1007 3817 Spiritum
1062 3753 1247 3801 autem
1288 3755 1539 3802 sanctum
1589 3744 1729 3800 Filio
1750 3753 1803 3801 et
1853 3743 2002 3799 Patri

426 3842 783 3912 conjunctum
841 3847 1090 3908 noverat,
1145 3838 1258 3896 Deo
1310 3838 1416 3911 ipsi
1484 3838 1736 3895 dicente:
1773 3857 1792 3891 ι
1837 3839 2002 3903 Vade,

427 3932 660 3991 ascende
705 3933 773 3989 de
828 3932 952 3988 ioco
1004 3934 1114 3987 isto
1159 3940 1218 3987 tu
1260 3942 1314 3988 et
1359 3931 1596 4002 populus
1650 3939 1778 3985 tuus
1841 3944 2001 3999 quem

424 4024 663 4083 eduxisti
692 4023 762 4079 de
793 4034 937 4078 terra
959 4020 1206 4094 Egypti,
1250 4022 1305 4075 in
1352 4030 1557 4076 terram
1613 4035 1777 4090 quam
1822 4018 2003 4089 iuravi

426 4115 728 4178 Abraham,
764 4114 918 4171 isaac
959 4122 1015 4169 et
1063 4112 1255 4179 Iacob,
1306 4113 1531 4168 dicens:
1561 4110 1768 4166 Semini
1815 4121 2000 4167 vestro

428 4209 574 4270 dabo
594 4223 714 4262 eam
749 4215 843 4262 :et
881 4207 1094 4260 mittam
1128 4213 1255 4261 ante
1302 4205 1500 4259 faciem
1544 4212 1699 4260 tuam
1746 4206 2000 4276 angelum

436 4316 643 4366 meum,
671 4307 727 4355 et
767 4299 948 4371 ejiclet
967 4298 1337 4354 Chananazum
1369 4303 1424 4366 ’ς
1453 4316 1472 4352 ι
1524 4298 1577 4354 id
1607 4299 1900 4363 recusavit,
1927 4299 2004 4353 ita

430 4392 768 4463 respondens
800 4407 814 4444 :
852 4408 870 4443 ι
901 4387 1015 4446 Nisi
1044 4390 1162 4461 ipse
1193 4389 1563 4461 proﬁciscaris
1591 4389 1903 4459 nobiscum,
1933 4404 2005 4445 ne

430 4498 519 4545 me
544 4498 611 4538 ex
633 4482 741 4539 isto
764 4483 885 4539 loco
917 4483 1119 4539 educas
1151 4487 1213 4536 κ.
1257 4500 1275 4534 ι
1307 4479 1534 4537 Noiebat
1582 4496 1780 4552 nempe
1828 4495 2004 4553 popu-

430 4576 542 4633 lum
572 4591 602 4631 a
628 4593 689 4631 re
728 4586 913 4632 creata
943 4575 1093 4643 duci,
1122 4590 1192 4632 ne
1231 4574 1311 4630 rei
1363 4582 1561 4631 creatae
1607 4575 1792 4644 potius
1840 4589 2005 4644 quam

430 4669 543 4725 Deo
566 4670 808 4725 omnium
838 4667 1092 4725 Creatori
1122 4666 1329 4724 servire
1356 4666 1648 4723 discerent.
1680 4665 1840 4721 Certe
1863 4665 2006 4721 idem

428 4763 521 4817 ille
575 4769 667 4832 qui
710 4763 964 4834 angelum
1012 4761 1210 4817 ducem
1260 4759 1465 4814 habere
1504 4765 1783 4820 renuerat,
1836 4758 2005 4815 Deum

426 4856 608 4925 ipsum
640 4865 699 4908 ut
726 4855 812 4908 sui
843 4853 952 4908 dux
995 4859 1142 4908 esset
1190 4850 1422 4921 rogavit.
1477 4847 1635 4917 Quod
1670 4864 1797 4903 cum
1858 4852 2004 4903 Deus

429 4944 706 5022 pollicitus
771 4942 876 5012 ipsi
927 4940 1319 5011 responderit:
1362 4957 1379 4989 ι
1433 4937 1502 4993 Ει
1557 4938 1702 4994 istud
1774 4938 2001 4992 verbum

430 5047 610 5100 tuum,
662 5034 808 5105 quod
866 5033 1080 5088 locutus
1129 5047 1208 5097 es,
1245 5030 1442 5085 faciam
1489 5045 1503 5082 :
1556 5029 1809 5083 invenisti
1855 5031 2003 5084 enim

432 5127 663 5202 gratiam
691 5139 876 5183 coram
930 5138 1039 5191 me,
1093 5131 1148 5179 et
1198 5123 1322 5176 novi
1353 5132 1404 5176 te
1437 5136 1548 5190 prae
1582 5122 1892 5177 omnibus“
1925 5136 1941 5177 :
1976 5141 1995 5176 ι

426 5233 551 5274 cum
585 5216 712 5272 item
740 5215 866 5271 inde
889 5215 943 5271 in
974 5213 1115 5269 isaia
1156 5216 1423 5282 scriptum
1454 5214 1699 5283 legamus
1736 5232 1749 5268 :
1783 5232 1799 5264 ι
1838 5213 1941 5280 Qui
1969 5229 1995 5272 θ

426 5321 569 5367 terra
598 5307 785 5364 eduxit
806 5315 1079 5376 pastorem
1108 5305 1289 5361 ovium
1318 5323 1333 5360 :
1360 5304 1454 5360 ubi
1477 5312 1561 5359 est
1597 5304 1689 5373 qui
1732 5305 1990 5374 posuit'il

424 5398 560 5470 ipsis
604 5395 875 5469 Spiritum
915 5403 1193 5461 sanctum,
1218 5395 1313 5467 qui
1350 5396 1572 5467 Moysen
1617 5397 1848 5455 dextera
1906 5397 2006 5452 de-

423 5490 579 5546 duxit
613 5492 655 5521 "
677 5490 703 5543 7
737 5506 757 5541 ι
795 5497 850 5549 et
878 5489 1042 5558 paulo
1088 5497 1214 5558 post
1249 5507 1264 5543 :
1297 5507 1317 5543 ι
1359 5491 1656 5545 Descendit
1697 5489 1929 5561 Spiritus
1970 5508 1999 5548 a

2100 3188 2280 3243 τεκαὶ
2298 3186 2379 3259 τῷ
2399 3187 2596 3259 Πατρὶ,
2627 3185 2743 3241 ἀλλ’
2772 3187 2831 3241 ἐν
2850 3184 2929 3257 τῷ
2957 3185 3238 3259 Πνεύματι
3264 3184 3342 3257 τῷ
3368 3185 3530 3257 ἁγίῳ,
3551 3186 3693 3256 ὅπερ

2102 3278 2264 3343 αὐτὸς
2294 3277 2762 3350 ἐπαγγελλόμενος
2900 3277 3003 3331 οῦκ
3029 3276 3254 3348 εἴρηκεν
3287 3277 3520 3348 ἄγγελον
3555 3278 3695 3332 ἀπο-

2104 3371 2365 3437 στέλλειν,
2392 3370 2527 3426 ἀλλά
2549 3389 2569 3423 ι
2593 3370 2655 3425 τὸ
2675 3367 2900 3441 Πνεῦμα
2927 3368 3029 3442 τῆς
3058 3368 3336 3439 ἀληθείας,
3363 3369 3395 3423 δ
3419 3369 3572 3442 παρά
3594 3369 3694 3424 τοῦ

2102 3464 2318 3535 Πατρδς
2342 3463 2726 3537 ἐκπορεύεται,
2764 3482 2789 3517 ι
2815 3463 2913 3517 καὶ
2942 3464 3011 3519 ὲκ
3054 3460 3152 3516 τοῦ
3199 3458 3369 3521 αὺτοῦ
3424 3462 3696 3534 λαμδάνει

2100 3554 2200 3610 καὶ
2232 3554 2452 3609 δίδοται.

2304 3668 2415 3722 Kal
2433 3667 2642 3740 Μωσῆς
2668 3669 2722 3738 γ’
2751 3660 2866 3732 οῦν,
2896 3664 3182 3738 γινώσκων
3222 3667 3354 3732 τοὺς
3403 3668 3504 3741 μὲν
3526 3669 3695 3740 ἀγγέ-

2101 3759 2227 3825 λους
2251 3760 2547 3831 κτίσματα,
2578 3757 2635 3812 τὸ
2665 3758 2722 3811 δὲ
2749 3756 2974 3830 Πνεῦμα
2997 3757 3060 3811 τὸ
3092 3757 3251 3828 ἀγιον
3286 3757 3571 3829 ἡνωμένον
3615 3758 3694 3830 τῷ

2102 3850 2219 3924 Υἱῷ
2247 3851 2340 3905 καὶ
2365 3851 2443 3922 τῷ
2471 3851 2669 3923 Πατρὶ,
2708 3850 2963 3920 λέγοντος
2995 3847 3146 3921 αὐτῷ
3180 3846 3475 3904 τοῦθεοῦο
3520 3868 3543 3902 ‹
3580 3850 3688 3902 Πο-

2108 3942 2266 4016 ρεύου
2291 3984 2306 4008 ,
2340 3942 2573 4015 ἀνάϐηθι
2600 3941 2855 3996 ἐντεῦθεν
2883 3941 2948 3995 σὺ
3097 3940 3193 3994 καὶ
3219 3943 3247 3995 ὁ
3269 3941 3397 4011 λαός
3443 3957 3558 4006 σου,
3592 3938 3688 4005 οὓς

2104 4034 2373 4106 ἐξήγαγες
2402 4035 2469 4087 ἐκ
2500 4037 2604 4105 γῆς
2636 4034 2915 4103 Αἰγύπτου
2953 4034 3034 4101 είς
3078 4033 3178 4105 τὴν
3223 4032 3345 4102 γῆν,
3379 4031 3449 4104 ἢν
3491 4026 3687 4101 ὤμοσα

2102 4125 2181 4197 τῷ
2216 4125 2487 4197 Ἀϐραὰμ,
2514 4126 2608 4179 καὶ
2640 4125 2718 4197 τῷ
2751 4125 2959 4189 Ἰσαὰκ,
2996 4126 3192 4198 καὶτῷ
3240 4122 3437 4179 Ἰακὼϐ
3469 4122 3647 4191 λέγων
3669 4137 3685 4153 ·

2104 4214 2195 4286 Τῷ
2223 4217 2496 4289 σπέρματι
2519 4215 2677 4287 ὑμῶν
2718 4214 2876 4270 δώσω
2908 4218 3078 4288 αὐτὴν
3101 4232 3117 4248 ’
3159 4217 3256 4272 καὶ
3307 4214 3693 4270 συναποστελῶ

2105 4307 2212 4380 πρὸ
2243 4306 2532 4381 προσώπου
2567 4325 2661 4361 σου
2694 4308 2784 4362 τὸν
2811 4308 3042 4378 ἀγγελόν
3084 4326 3207 4381 μου,
3240 4307 3337 4364 καὶ
3355 4306 3575 4362 ἐκϐαλεῖ
3600 4306 3696 4361 τδν

2103 4400 2406 4454 Χαναναῖον
2427 4416 2442 4431 '
2479 4419 2498 4453 ι
2534 4402 2883 4472 παραιτεῖται
3027 4399 3202 4469 λέγων
3225 4416 3239 4432 ο
3277 4417 3297 4452 ι
3327 4398 3393 4453 El
3421 4398 3496 4471 μὴ
3534 4391 3697 4462 αὐτὸς

2033 4527 2078 4587 D
2104 4491 2428 4565 συμπορεύῃ
2473 4490 2591 4563 μεθ’
2625 4490 2805 4562 ἡμῶν,
2838 4490 2912 4563 μή
2941 4508 3010 4563 με
3036 4491 3323 4565 ἀναγάγῃς
3350 4489 3622 4544 ἐντεῦθεν.
3641 4508 3689 4587 μ»

2104 4584 2218 4639 Οὐκ
2239 4583 2488 4638 ἐϐούλετο
2514 4585 2624 4657 γὰρ
2643 4583 2853 4654 κτίσμα
2991 4583 3357 4658 προηγεῖσθαι
3401 4582 3497 4638 τοῦ
3535 4581 3694 4645 λαοῦ,

2103 4675 2192 4732 ἵνα
2223 4675 2303 4749 μὴ
2345 4674 2558 4747 μάθωσι
2600 4674 2885 4747 λατρεύειν
2923 4678 2989 4748 τῇ
3039 4677 3217 4733 κτίσει
3260 4675 3415 4747 παρά
3452 4675 3546 4729 τὸν
3586 4674 3700 4730 κτί-

2108 4782 2274 4820 σαντα
2298 4765 2369 4818 τά
2392 4764 2572 4820 πάντα
2593 4763 2747 4821 Θεόν.
2791 4767 2847 4819 Ἀ
2857 4766 3031 4837 μέλει,
3053 4767 3142 4829 τὸν
3166 4765 3397 4836 ἄγγελον
3426 4782 3700 4838 παραιτη-

2106 4858 2361 4929 σάμενος,
2388 4856 2693 4929 παρεκάλει
2725 4857 2887 4912 αὐτὸν
2921 4859 3014 4913 τὸν
3041 4858 3173 4913 Θεὸν
3203 4858 3570 4933 καθηγεῖσθαι
3596 4858 3700 4911 αῦ-

2106 4948 2236 5001 τῶν.
2270 4945 2378 5001 τοῦ
2402 4945 2459 5000 δὲ
2484 4944 2618 5001 Θεοῦ
2646 4946 3116 5019 ἐπαγγειλαμένου
3146 4945 3241 5000 καὶ
3274 4945 3522 5009 εἰπόντος
3556 4944 3697 5016 πρὸς

2106 5035 2269 5092 αὐτόν
2311 5051 2329 5068 ·
2449 5054 2470 5088 ι
2505 5036 2615 5093 Kal
2641 5034 2831 5092 τοῦτόν
2864 5053 2958 5091 σου
2997 5036 3088 5090 τὸν
3117 5035 3277 5105 λόγον
3298 5076 3313 5102 ,
3346 5034 3409 5088 ὃν
3439 5036 3694 5106 εἴρηκας,

2106 5130 2317 5202 ποιήσω
2336 5145 2351 5162 ο
2382 5124 2621 5203 εὕρηκας
2640 5130 2751 5204 γάρ
2776 5130 2935 5202 χάριν
2964 5128 3193 5183 ἐνώπιόν
3216 5146 3341 5199 μου,
3368 5127 3461 5181 καὶ
3491 5122 3609 5179 οἶδά
3631 5138 3694 5177 σε

2109 5222 2259 5293 παρὰ
2285 5223 2521 5288 πάντας·
2556 5241 2575 5275 ι
2602 5223 2912 5299 γέγραπται
2945 5222 3002 5273 ὲν
3032 5220 3110 5290 τῷ
3148 5220 3381 5290 Ἦσαῒᾳο
3424 5234 3445 5268 ι
3486 5217 3543 5269 '0
3563 5216 3695 5268 ἀνα-

2108 5312 2336 5377 διδάσας
2364 5315 2431 5368 ὲκ
2456 5314 2556 5384 τῆς
2583 5314 2686 5385 γῆς
2710 5314 2800 5367 τὸν
2832 5313 3066 5383 ποιμένα
3094 5310 3202 5364 τῶν
3231 5309 3523 5380 προϐάτων
3543 5322 3557 5338 ο
3588 5303 3694 5359 ποῦ

2112 5398 2442 5461 ἔστινδθεὶς
2478 5401 2537 5453 ἐν
2556 5397 2834 5463 αὐτοῖςτὺ
2868 5396 3092 5466 Πνεῦμα
3142 5397 3205 5450 τὸ
3257 5397 3437 5467 ἀγιον,
3486 5401 3518 5454 δ
3571 5401 3700 5454 ἀνα-

2109 5493 2298 5562 γαγὼν
2363 5496 2430 5565 τῇ
2484 5493 2634 5566 δεξιᾷ
2696 5494 2946 5565 Μωσῆν;
2985 5511 3004 5544 ι
3064 5493 3158 5545 καὶ
3204 5493 3324 5566 μετ’
3354 5496 3512 5565 ὀλίγα
3540 5498 3700 5565 φησί’

498 5608 516 5639 ⁸
546 5607 889 5681 lachantv,
915 5608 970 5677 5,
995 5606 1048 5662 6-
1110 5610 1131 5640 ³
1167 5608 1309 5681 Dan.
1343 5625 1438 5676 vn,
1494 5610 1585 5666 10.
1643 5610 1875 5667 ‘Matth.
1917 5627 2039 5680 xm,
2072 5612 2163 5681 Η.
2241 5611 2263 5643 δ
2289 5612 2482 5667 Matth.
2514 5627 2587 5678 tv,
2613 5613 2699 5668 Η.
2778 5615 2798 5645 ⁵
2830 5613 3020 5669 Matth.
3046 5630 3164 5681 xm,
3196 5616 3287 5671 49.
3364 5613 3563 5671 ‘Joan.
3600 5631 3696 5681 xx,

423 5674 515 5750 22.
592 5678 610 5707 ⁷
646 5674 1048 5750 Matthqrvm,
1083 5681 1167 5737 i9.
1242 5681 1264 5714 ⁸
1291 5674 1447 5737 Ιυιιιι.
1480 5696 1573 5748 xv,
1623 5682 1729 5750 26;
1757 5697 1867 5749 xw,
1902 5682 1990 5742 14.

2115 5680 2288 5740 Exod.
2345 5698 2532 5750 xum,
2573 5674 2641 5750 Ἰ,
2685 5685 2740 5739 2.

432 5748 474 5778 ⁸⁸
508 5749 609 5802 lsa.
642 5764 798 5812 thu.
832 5749 1025 5814 11,12.

2819 5685 2862 5715 ¹⁰
2900 5687 3032 5741 ibid.
3072 5685 3159 5740 15.
3239 5687 3279 5719 "
3305 5688 3437 5744 ibid.
3483 5687 3568 5748 l7.
3602 5687 3692 5743 18.
