  <div class='ocr_page' id='page_1' title='image "/cluster/home/n/w/nwhite01/storage/ocr_20150623/130:no.3/coo.31924054870351/360.png"; bbox 0 0 4064 6412; ppageno 0'>
   <div class='ocr_carea' id='block_1_1' title="bbox 324 314 425 381">
    <p class='ocr_par' dir='ltr' id='par_1_1' title="bbox 324 314 425 381">
     <span class='ocr_line' id='line_1_1' title="bbox 324 314 425 381; baseline 0 -1"><span class='ocrx_word' id='word_1_1' title='bbox 324 314 425 381; x_wconf 76' lang='lat'><strong>701</strong></span> 
     </span>
    </p>
   </div>
   <div class='ocr_carea' id='block_1_2' title="bbox 1328 315 2634 386">
    <p class='ocr_par' dir='ltr' id='par_1_2' title="bbox 1328 315 2634 386">
     <span class='ocr_line' id='line_1_2' title="bbox 1328 315 2634 386; baseline 0.008 -10"><span class='ocrx_word' id='word_1_2' title='bbox 1328 315 1702 379; x_wconf 81' lang='lat' dir='ltr'><strong>PANOPLIA</strong></span> <span class='ocrx_word' id='word_1_3' title='bbox 1746 318 2212 385; x_wconf 78' lang='lat' dir='ltr'><strong>DOGMA&#39;I‘ICA.</strong></span> <span class='ocrx_word' id='word_1_4' title='bbox 2242 345 2311 356; x_wconf 86' lang='lat'><strong><em>—</em></strong></span> <span class='ocrx_word' id='word_1_5' title='bbox 2336 321 2482 385; x_wconf 87' lang='lat' dir='ltr'><strong>TlT.</strong></span> <span class='ocrx_word' id='word_1_6' title='bbox 2526 322 2634 386; x_wconf 84' lang='lat' dir='ltr'><strong>XI.</strong></span> 
     </span>
    </p>
   </div>
   <div class='ocr_carea' id='block_1_3' title="bbox 3478 331 3586 393">
    <p class='ocr_par' dir='ltr' id='par_1_3' title="bbox 3478 331 3586 393">
     <span class='ocr_line' id='line_1_3' title="bbox 3478 331 3586 393; baseline 0.019 -2"><span class='ocrx_word' id='word_1_7' title='bbox 3478 331 3586 393; x_wconf 81' lang='grc'><strong>702</strong></span> 
     </span>
    </p>
   </div>
   <div class='ocr_carea' id='block_1_4' title="bbox 333 452 1927 533">
    <p class='ocr_par' dir='ltr' id='par_1_4' title="bbox 333 452 1914 527">
     <span class='ocr_line' id='line_1_4' title="bbox 333 452 1914 527; baseline 0 -16"><span class='ocrx_word' id='word_1_8' title='bbox 333 478 353 511; x_wconf 74' lang='grc' dir='ltr'><strong>ι</strong></span> <span class='ocrx_word' id='word_1_9' title='bbox 385 455 605 527; x_wconf 74' lang='grc' dir='ltr'>Κατέὸη</span> <span class='ocrx_word' id='word_1_10' title='bbox 626 453 853 525; x_wconf 83' lang='grc' dir='ltr'>Πνεῦμα</span> <span class='ocrx_word' id='word_1_11' title='bbox 878 452 1030 526; x_wconf 83' lang='grc' dir='ltr'><strong>παρὰ</strong></span> <span class='ocrx_word' id='word_1_12' title='bbox 1052 454 1258 527; x_wconf 83' lang='grc' dir='ltr'>Κυρίου</span> <span class='ocrx_word' id='word_1_13' title='bbox 1279 456 1375 508; x_wconf 73' lang='grc' dir='ltr'><strong>καὶ</strong></span> <span class='ocrx_word' id='word_1_14' title='bbox 1393 454 1676 526; x_wconf 79' lang='grc' dir='ltr'><strong>ὡδήγησεν</strong></span> <span class='ocrx_word' id='word_1_15' title='bbox 1696 454 1914 520; x_wconf 68' lang='grc' dir='ltr'>αὑτούς.</span> 
     </span>
    </p>
   </div>
   <div class='ocr_carea' id='block_1_5' title="bbox 2026 452 3591 533">
    <p class='ocr_par' dir='ltr' id='par_1_5' title="bbox 2026 461 3591 533">
     <span class='ocr_line' id='line_1_5' title="bbox 2026 461 3591 533; baseline 0.003 -19"><span class='ocrx_word' id='word_1_16' title='bbox 2026 462 2253 516; x_wconf 91' lang='lat' dir='ltr'><strong>Domino</strong></span> <span class='ocrx_word' id='word_1_17' title='bbox 2279 472 2333 516; x_wconf 78' lang='lat' dir='ltr'><strong>et</strong></span> <span class='ocrx_word' id='word_1_18' title='bbox 2361 463 2555 516; x_wconf 88' lang='lat' dir='ltr'><strong>ductor</strong></span> <span class='ocrx_word' id='word_1_19' title='bbox 2577 461 2792 516; x_wconf 89' lang='lat' dir='ltr'><strong>illorum</strong></span> <span class='ocrx_word' id='word_1_20' title='bbox 2825 461 2947 518; x_wconf 76' lang='lat' dir='ltr'><strong>fuit.</strong></span> <span class='ocrx_word' id='word_1_21' title='bbox 2986 461 3078 517; x_wconf 99' lang='lat' dir='ltr'><strong>Sic</strong></span> <span class='ocrx_word' id='word_1_22' title='bbox 3100 461 3303 519; x_wconf 77' lang='lat' dir='ltr'><strong>duxisti</strong></span> <span class='ocrx_word' id='word_1_23' title='bbox 3332 462 3591 533; x_wconf 85' lang='lat' dir='ltr'><strong>populum</strong></span> 
     </span>
    </p>
   </div>
   <div class='ocr_carea' id='block_1_6' title="bbox 329 544 1917 618">
    <p class='ocr_par' dir='ltr' id='par_1_6' title="bbox 329 544 1917 618">
     <span class='ocr_line' id='line_1_6' title="bbox 329 544 1917 618; baseline -0.002 -16"><span class='ocrx_word' id='word_1_24' title='bbox 329 550 513 612; x_wconf 72' lang='grc' dir='ltr'>Οὕτως</span> <span class='ocrx_word' id='word_1_25' title='bbox 547 547 757 618; x_wconf 75' lang='grc' dir='ltr'>ἠγαγες</span> <span class='ocrx_word' id='word_1_26' title='bbox 799 546 891 599; x_wconf 83' lang='grc' dir='ltr'><strong>τὸν</strong></span> <span class='ocrx_word' id='word_1_27' title='bbox 935 544 1065 598; x_wconf 88' lang='grc' dir='ltr'>λαόν</span> <span class='ocrx_word' id='word_1_28' title='bbox 1118 563 1211 599; x_wconf 87' lang='grc' dir='ltr'><strong>σου</strong></span> <span class='ocrx_word' id='word_1_29' title='bbox 1271 546 1504 617; x_wconf 86' lang='grc' dir='ltr'><strong>ποιήσας</strong></span> <span class='ocrx_word' id='word_1_30' title='bbox 1707 545 1917 616; x_wconf 83' lang='grc' dir='ltr'>σεαυτῷ</span> 
     </span>
    </p>
   </div>
   <div class='ocr_carea' id='block_1_7' title="bbox 327 636 1915 712">
    <p class='ocr_par' dir='ltr' id='par_1_7' title="bbox 327 636 1915 712">
     <span class='ocr_line' id='line_1_7' title="bbox 327 636 1915 712; baseline -0.001 -20"><span class='ocrx_word' id='word_1_31' title='bbox 327 642 496 711; x_wconf 81' lang='grc' dir='ltr'>ὄνομα</span> <span class='ocrx_word' id='word_1_32' title='bbox 519 640 677 712; x_wconf 81' lang='grc' dir='ltr'>δόξης</span> <span class='ocrx_word' id='word_1_33' title='bbox 695 656 709 669; x_wconf 72' lang='grc' dir='ltr'><strong>ο</strong></span> <span class='ocrx_word' id='word_1_34' title='bbox 741 658 760 691; x_wconf 76' lang='grc' dir='ltr'><strong>ι</strong></span> <span class='ocrx_word' id='word_1_35' title='bbox 788 638 869 702; x_wconf 82' lang='grc' dir='ltr'><strong>τίς</strong></span> <span class='ocrx_word' id='word_1_36' title='bbox 892 639 957 692; x_wconf 89' lang='grc' dir='ltr'><strong>ἐκ</strong></span> <span class='ocrx_word' id='word_1_37' title='bbox 980 636 1183 691; x_wconf 79' lang='grc' dir='ltr'>τούτων</span> <span class='ocrx_word' id='word_1_38' title='bbox 1203 638 1264 691; x_wconf 84' lang='lat' dir='ltr'>o6</span> <span class='ocrx_word' id='word_1_39' title='bbox 1292 639 1493 710; x_wconf 77' lang='grc' dir='ltr'><strong>συνορᾷ</strong></span> <span class='ocrx_word' id='word_1_40' title='bbox 1512 638 1609 710; x_wconf 83' lang='grc' dir='ltr'>τὴν</span> <span class='ocrx_word' id='word_1_41' title='bbox 1636 638 1915 710; x_wconf 81' lang='grc' dir='ltr'>ἀλήθειαν;</span> 
     </span>
    </p>
   </div>
   <div class='ocr_carea' id='block_1_8' title="bbox 330 729 1919 801">
    <p class='ocr_par' dir='ltr' id='par_1_8' title="bbox 330 729 1919 801">
     <span class='ocr_line' id='line_1_8' title="bbox 330 729 1919 801; baseline 0 -17"><span class='ocrx_word' id='word_1_42' title='bbox 330 730 437 785; x_wconf 82' lang='grc' dir='ltr'>Τοῦ</span> <span class='ocrx_word' id='word_1_43' title='bbox 470 731 580 801; x_wconf 78' lang='grc' dir='ltr'><strong>γὰρ</strong></span> <span class='ocrx_word' id='word_1_44' title='bbox 606 730 741 783; x_wconf 83' lang='grc' dir='ltr'>Θεοῦ</span> <span class='ocrx_word' id='word_1_45' title='bbox 772 729 1245 800; x_wconf 75' lang='grc' dir='ltr'><strong>ἐπαγγειλαμένου</strong></span> <span class='ocrx_word' id='word_1_46' title='bbox 1275 730 1656 801; x_wconf 78' lang='grc' dir='ltr'><strong>καθηγεῖσθαι,</strong></span> <span class='ocrx_word' id='word_1_47' title='bbox 1685 730 1794 784; x_wconf 78' lang='grc' dir='ltr'>ἰδοὺ</span> <span class='ocrx_word' id='word_1_48' title='bbox 1818 732 1919 784; x_wconf 81' lang='grc' dir='ltr'><strong>οὐκ</strong></span> 
     </span>
    </p>
   </div>
   <div class='ocr_carea' id='block_1_9' title="bbox 330 820 1919 893">
    <p class='ocr_par' dir='ltr' id='par_1_9' title="bbox 330 820 1919 893">
     <span class='ocr_line' id='line_1_9' title="bbox 330 820 1919 893; baseline -0.003 -15"><span class='ocrx_word' id='word_1_49' title='bbox 330 824 410 878; x_wconf 77' lang='grc' dir='ltr'>ετι</span> <span class='ocrx_word' id='word_1_50' title='bbox 444 822 673 893; x_wconf 78' lang='grc' dir='ltr'>ἄγγελον</span> <span class='ocrx_word' id='word_1_51' title='bbox 701 821 1094 890; x_wconf 82' lang='grc' dir='ltr'>ἐπαγγέλλεται</span> <span class='ocrx_word' id='word_1_52' title='bbox 1136 820 1395 892; x_wconf 80' lang='grc' dir='ltr'><strong>πέμπειν,</strong></span> <span class='ocrx_word' id='word_1_53' title='bbox 1429 820 1566 875; x_wconf 82' lang='grc' dir='ltr'>ἀλλὰ</span> <span class='ocrx_word' id='word_1_54' title='bbox 1605 822 1666 874; x_wconf 85' lang='grc' dir='ltr'><strong>τὸ</strong></span> <span class='ocrx_word' id='word_1_55' title='bbox 1692 822 1919 893; x_wconf 83' lang='grc' dir='ltr'><strong>Πνεῦμα</strong></span> 
     </span>
    </p>
   </div>
   <div class='ocr_carea' id='block_1_10' title="bbox 330 911 1921 983">
    <p class='ocr_par' dir='ltr' id='par_1_10' title="bbox 330 911 1921 983">
     <span class='ocr_line' id='line_1_10' title="bbox 330 911 1921 983; baseline -0.002 -15"><span class='ocrx_word' id='word_1_56' title='bbox 330 914 520 977; x_wconf 74' lang='grc' dir='ltr'>αὑτοῦ,</span> <span class='ocrx_word' id='word_1_57' title='bbox 554 914 583 969; x_wconf 80' lang='grc' dir='ltr'><strong>ὃ</strong></span> <span class='ocrx_word' id='word_1_58' title='bbox 629 915 775 966; x_wconf 88' lang='grc' dir='ltr'>ἐστιν</span> <span class='ocrx_word' id='word_1_59' title='bbox 806 912 946 983; x_wconf 83' lang='grc' dir='ltr'>ὑπὲρ</span> <span class='ocrx_word' id='word_1_60' title='bbox 974 913 1101 975; x_wconf 85' lang='grc' dir='ltr'>τοὺς</span> <span class='ocrx_word' id='word_1_61' title='bbox 1127 911 1392 980; x_wconf 81' lang='grc' dir='ltr'>ἀγγέλους</span> <span class='ocrx_word' id='word_1_62' title='bbox 1415 952 1430 977; x_wconf 92' lang='grc'><strong>,</strong></span> <span class='ocrx_word' id='word_1_63' title='bbox 1476 912 1572 965; x_wconf 72' lang='grc' dir='ltr'>καὶ</span> <span class='ocrx_word' id='word_1_64' title='bbox 1610 912 1744 966; x_wconf 89' lang='grc' dir='ltr'>αὐτὸ</span> <span class='ocrx_word' id='word_1_65' title='bbox 1787 912 1921 966; x_wconf 89' lang='grc' dir='ltr'>καθ-</span> 
     </span>
    </p>
   </div>
   <div class='ocr_carea' id='block_1_11' title="bbox 329 1002 1920 1078">
    <p class='ocr_par' dir='ltr' id='par_1_11' title="bbox 329 1002 1920 1078">
     <span class='ocr_line' id='line_1_11' title="bbox 329 1002 1920 1078; baseline -0.003 -19"><span class='ocrx_word' id='word_1_66' title='bbox 329 1004 638 1078; x_wconf 75' lang='grc' dir='ltr'>ηγούμενόν</span> <span class='ocrx_word' id='word_1_67' title='bbox 680 1005 797 1057; x_wconf 88' lang='grc' dir='ltr'>ἐστι</span> <span class='ocrx_word' id='word_1_68' title='bbox 826 1004 920 1056; x_wconf 85' lang='grc' dir='ltr'><strong>τοῦ</strong></span> <span class='ocrx_word' id='word_1_69' title='bbox 950 1002 1102 1059; x_wconf 82' lang='grc' dir='ltr'>λαοῦ.</span> <span class='ocrx_word' id='word_1_70' title='bbox 1131 1003 1242 1057; x_wconf 76' lang='grc' dir='ltr'><strong>Καὶ</strong></span> <span class='ocrx_word' id='word_1_71' title='bbox 1268 1002 1562 1068; x_wconf 81' lang='grc' dir='ltr'>δείκνυται,</span> <span class='ocrx_word' id='word_1_72' title='bbox 1591 1004 1673 1056; x_wconf 85' lang='grc' dir='ltr'>ὅτι</span> <span class='ocrx_word' id='word_1_73' title='bbox 1716 1003 1775 1056; x_wconf 81' lang='grc' dir='ltr'><strong>οὐ</strong></span> <span class='ocrx_word' id='word_1_74' title='bbox 1810 1002 1920 1056; x_wconf 81' lang='grc' dir='ltr'><strong>τῶν</strong></span> 
     </span>
    </p>
   </div>
   <div class='ocr_carea' id='block_1_12' title="bbox 328 1094 1921 1168">
    <p class='ocr_par' dir='ltr' id='par_1_12' title="bbox 328 1094 1921 1168">
     <span class='ocr_line' id='line_1_12' title="bbox 328 1094 1921 1168; baseline -0.002 -18"><span class='ocrx_word' id='word_1_75' title='bbox 328 1098 671 1168; x_wconf 74' lang='grc' dir='ltr'><strong>κτισμάτων,</strong></span> <span class='ocrx_word' id='word_1_76' title='bbox 707 1095 826 1155; x_wconf 76' lang='grc' dir='ltr'>οὐδὲ</span> <span class='ocrx_word' id='word_1_77' title='bbox 846 1094 1077 1164; x_wconf 84' lang='grc' dir='ltr'>ἄγγελός</span> <span class='ocrx_word' id='word_1_78' title='bbox 1112 1096 1230 1147; x_wconf 86' lang='grc' dir='ltr'>ἐστι</span> <span class='ocrx_word' id='word_1_79' title='bbox 1252 1095 1311 1148; x_wconf 90' lang='grc' dir='ltr'><strong>τὸ</strong></span> <span class='ocrx_word' id='word_1_80' title='bbox 1334 1094 1589 1166; x_wconf 80' lang='grc' dir='ltr'>Πνεῦμα,</span> <span class='ocrx_word' id='word_1_81' title='bbox 1637 1094 1772 1150; x_wconf 85' lang='grc' dir='ltr'>ἀλλὰ</span> <span class='ocrx_word' id='word_1_82' title='bbox 1810 1094 1921 1148; x_wconf 82' lang='grc' dir='ltr'>ἄνω</span> 
     </span>
    </p>
   </div>
   <div class='ocr_carea' id='block_1_13' title="bbox 326 1186 1918 1261">
    <p class='ocr_par' dir='ltr' id='par_1_13' title="bbox 326 1186 1918 1261">
     <span class='ocr_line' id='line_1_13' title="bbox 326 1186 1918 1261; baseline -0.001 -19"><span class='ocrx_word' id='word_1_83' title='bbox 326 1191 432 1261; x_wconf 77' lang='grc' dir='ltr'>τῆς</span> <span class='ocrx_word' id='word_1_84' title='bbox 474 1187 709 1249; x_wconf 81' lang='grc' dir='ltr'>κτίσεώς</span> <span class='ocrx_word' id='word_1_85' title='bbox 755 1191 901 1242; x_wconf 82' lang='grc' dir='ltr'>ἐστιν</span> <span class='ocrx_word' id='word_1_86' title='bbox 958 1229 977 1254; x_wconf 90' lang='grc'><strong>,</strong></span> <span class='ocrx_word' id='word_1_87' title='bbox 1134 1187 1414 1257; x_wconf 84' lang='grc' dir='ltr'>ἡνωμένον</span> <span class='ocrx_word' id='word_1_88' title='bbox 1454 1190 1522 1259; x_wconf 81' lang='grc' dir='ltr'>τῇ</span> <span class='ocrx_word' id='word_1_89' title='bbox 1568 1186 1782 1259; x_wconf 84' lang='grc' dir='ltr'>θεότητι</span> <span class='ocrx_word' id='word_1_90' title='bbox 1824 1186 1918 1241; x_wconf 87' lang='grc' dir='ltr'><strong>τοῦ</strong></span> 
     </span>
    </p>
   </div>
   <div class='ocr_carea' id='block_1_14' title="bbox 331 1277 1923 1353">
    <p class='ocr_par' dir='ltr' id='par_1_14' title="bbox 331 1277 1923 1353">
     <span class='ocr_line' id='line_1_14' title="bbox 331 1277 1923 1353; baseline -0.001 -19"><span class='ocrx_word' id='word_1_91' title='bbox 331 1280 571 1353; x_wconf 83' lang='grc' dir='ltr'><strong>Πατρός.</strong></span> <span class='ocrx_word' id='word_1_92' title='bbox 608 1278 775 1343; x_wconf 78' lang='grc' dir='ltr'>Αὐτὸς</span> <span class='ocrx_word' id='word_1_93' title='bbox 804 1278 914 1351; x_wconf 75' lang='grc' dir='ltr'><strong>γὰρ</strong></span> <span class='ocrx_word' id='word_1_94' title='bbox 937 1281 964 1332; x_wconf 84' lang='lat'><strong>6</strong></span> <span class='ocrx_word' id='word_1_95' title='bbox 993 1279 1125 1342; x_wconf 84' lang='grc' dir='ltr'>Θεὸς</span> <span class='ocrx_word' id='word_1_96' title='bbox 1149 1278 1238 1332; x_wconf 79' lang='grc' dir='ltr'><strong>διὰ</strong></span> <span class='ocrx_word' id='word_1_97' title='bbox 1276 1277 1371 1331; x_wconf 84' lang='grc' dir='ltr'><strong>τοῦ</strong></span> <span class='ocrx_word' id='word_1_98' title='bbox 1416 1279 1590 1347; x_wconf 85' lang='grc' dir='ltr'>Λόγου</span> <span class='ocrx_word' id='word_1_99' title='bbox 1648 1279 1706 1331; x_wconf 83' lang='grc' dir='ltr'>ὲν</span> <span class='ocrx_word' id='word_1_100' title='bbox 1752 1277 1923 1332; x_wconf 75' lang='grc' dir='ltr'>Πνεῦ-</span> 
     </span>
    </p>
   </div>
   <div class='ocr_carea' id='block_1_15' title="bbox 333 1368 1922 1442">
    <p class='ocr_par' dir='ltr' id='par_1_15' title="bbox 333 1368 1922 1442">
     <span class='ocr_line' id='line_1_15' title="bbox 333 1368 1922 1442; baseline 0 -19"><span class='ocrx_word' id='word_1_101' title='bbox 333 1388 467 1442; x_wconf 87' lang='grc' dir='ltr'>ματι</span> <span class='ocrx_word' id='word_1_102' title='bbox 495 1370 790 1441; x_wconf 85' lang='grc' dir='ltr'>καθηγείτο</span> <span class='ocrx_word' id='word_1_103' title='bbox 822 1371 916 1422; x_wconf 87' lang='grc' dir='ltr'><strong>τοῦ</strong></span> <span class='ocrx_word' id='word_1_104' title='bbox 962 1368 1128 1422; x_wconf 86' lang='grc' dir='ltr'>λαοῦ·</span> <span class='ocrx_word' id='word_1_105' title='bbox 1157 1368 1279 1425; x_wconf 86' lang='grc' dir='ltr'>ὅθεν</span> <span class='ocrx_word' id='word_1_106' title='bbox 1320 1368 1411 1424; x_wconf 70' lang='grc' dir='ltr'><strong>καὶ</strong></span> <span class='ocrx_word' id='word_1_107' title='bbox 1456 1369 1545 1423; x_wconf 71' lang='grc' dir='ltr'><strong>διὰ</strong></span> <span class='ocrx_word' id='word_1_108' title='bbox 1598 1370 1778 1439; x_wconf 82' lang='grc' dir='ltr'><strong>πάσης</strong></span> <span class='ocrx_word' id='word_1_109' title='bbox 1820 1369 1922 1440; x_wconf 80' lang='grc' dir='ltr'>τῆς</span> 
     </span>
    </p>
   </div>
   <div class='ocr_carea' id='block_1_16' title="bbox 329 1461 1924 1535">
    <p class='ocr_par' dir='ltr' id='par_1_16' title="bbox 329 1461 1924 1535">
     <span class='ocr_line' id='line_1_16' title="bbox 329 1461 1924 1535; baseline -0.002 -19"><span class='ocrx_word' id='word_1_110' title='bbox 329 1465 561 1535; x_wconf 58' lang='grc' dir='ltr'>Γῳφῆς</span> <span class='ocrx_word' id='word_1_111' title='bbox 600 1480 782 1533; x_wconf 79' lang='grc' dir='ltr'>φησιν·</span> <span class='ocrx_word' id='word_1_112' title='bbox 821 1480 839 1514; x_wconf 76' lang='grc' dir='ltr'><strong>ι</strong></span> <span class='ocrx_word' id='word_1_113' title='bbox 885 1461 1026 1533; x_wconf 81' lang='grc' dir='ltr'><strong>Ἐγὼ</strong></span> <span class='ocrx_word' id='word_1_114' title='bbox 1056 1463 1331 1534; x_wconf 82' lang='grc' dir='ltr'>ἀνήγαγον</span> <span class='ocrx_word' id='word_1_115' title='bbox 1528 1463 1673 1533; x_wconf 75' lang='grc' dir='ltr'>ὑμᾶς</span> <span class='ocrx_word' id='word_1_116' title='bbox 1719 1463 1784 1514; x_wconf 89' lang='grc' dir='ltr'><strong>ἐκ</strong></span> <span class='ocrx_word' id='word_1_117' title='bbox 1820 1462 1924 1533; x_wconf 80' lang='grc' dir='ltr'>γῆς</span> 
     </span>
    </p>
   </div>
   <div class='ocr_carea' id='block_1_17' title="bbox 2019 554 3596 624">
    <p class='ocr_par' dir='ltr' id='par_1_17' title="bbox 2019 554 3596 624">
     <span class='ocr_line' id='line_1_17' title="bbox 2019 554 3596 624; baseline 0 -18"><span class='ocrx_word' id='word_1_118' title='bbox 2019 563 2196 612; x_wconf 81' lang='lat' dir='ltr'><strong>tuum.</strong></span> <span class='ocrx_word' id='word_1_119' title='bbox 2253 564 2312 608; x_wconf 89' lang='lat' dir='ltr'><strong>ut</strong></span> <span class='ocrx_word' id='word_1_120' title='bbox 2354 554 2562 609; x_wconf 76' lang='lat' dir='ltr'><strong>faceres</strong></span> <span class='ocrx_word' id='word_1_121' title='bbox 2611 554 2708 609; x_wconf 89' lang='lat' dir='ltr'><strong>tibi</strong></span> <span class='ocrx_word' id='word_1_122' title='bbox 2742 570 2942 609; x_wconf 85' lang='lat' dir='ltr'><strong>nomen</strong></span> <span class='ocrx_word' id='word_1_123' title='bbox 2986 554 3173 624; x_wconf 66' lang='lat' dir='ltr'><strong>gloria:</strong></span> <span class='ocrx_word' id='word_1_124' title='bbox 3220 556 3281 606; x_wconf 76' lang='grc' dir='ltr'>¹ε</span> <span class='ocrx_word' id='word_1_125' title='bbox 3323 573 3342 606; x_wconf 68' lang='grc' dir='ltr'><strong>ι</strong></span> <span class='ocrx_word' id='word_1_126' title='bbox 3370 555 3493 622; x_wconf 86' lang='lat' dir='ltr'><strong>quis</strong></span> <span class='ocrx_word' id='word_1_127' title='bbox 3528 569 3596 608; x_wconf 75' lang='lat' dir='ltr'><strong>ex</strong></span> 
     </span>
    </p>
   </div>
   <div class='ocr_carea' id='block_1_18' title="bbox 2019 642 3598 715">
    <p class='ocr_par' dir='ltr' id='par_1_18' title="bbox 2019 642 3598 715">
     <span class='ocr_line' id='line_1_18' title="bbox 2019 642 3598 715; baseline -0.001 -16"><span class='ocrx_word' id='word_1_128' title='bbox 2019 643 2106 699; x_wconf 84' lang='lat' dir='ltr'><strong>his</strong></span> <span class='ocrx_word' id='word_1_129' title='bbox 2134 644 2419 699; x_wconf 90' lang='lat' dir='ltr'><strong>veritatem</strong></span> <span class='ocrx_word' id='word_1_130' title='bbox 2447 660 2556 698; x_wconf 90' lang='lat' dir='ltr'><strong>non</strong></span> <span class='ocrx_word' id='word_1_131' title='bbox 2584 645 2880 715; x_wconf 84' lang='lat' dir='ltr'><strong>perspicit?</strong></span> <span class='ocrx_word' id='word_1_132' title='bbox 2910 644 3048 699; x_wconf 84' lang='lat' dir='ltr'><strong>Nam</strong></span> <span class='ocrx_word' id='word_1_133' title='bbox 3072 660 3195 699; x_wconf 89' lang='lat' dir='ltr'><strong>cum</strong></span> <span class='ocrx_word' id='word_1_134' title='bbox 3231 642 3375 698; x_wconf 87' lang='lat' dir='ltr'><strong>Deus</strong></span> <span class='ocrx_word' id='word_1_135' title='bbox 3404 659 3468 699; x_wconf 87' lang='lat' dir='ltr'><strong>se</strong></span> <span class='ocrx_word' id='word_1_136' title='bbox 3496 645 3598 699; x_wconf 85' lang='lat' dir='ltr'><strong>du-</strong></span> 
     </span>
    </p>
   </div>
   <div class='ocr_carea' id='block_1_19' title="bbox 2019 735 3598 807">
    <p class='ocr_par' dir='ltr' id='par_1_19' title="bbox 2019 735 3598 807">
     <span class='ocr_line' id='line_1_19' title="bbox 2019 735 3598 807; baseline 0 -18"><span class='ocrx_word' id='word_1_137' title='bbox 2019 752 2135 793; x_wconf 88' lang='lat' dir='ltr'><strong>cem</strong></span> <span class='ocrx_word' id='word_1_138' title='bbox 2173 736 2355 805; x_wconf 89' lang='lat' dir='ltr'><strong>populi</strong></span> <span class='ocrx_word' id='word_1_139' title='bbox 2388 735 2501 791; x_wconf 83' lang='lat' dir='ltr'><strong>fore</strong></span> <span class='ocrx_word' id='word_1_140' title='bbox 2528 744 2674 791; x_wconf 90' lang='lat' dir='ltr'><strong>esset</strong></span> <span class='ocrx_word' id='word_1_141' title='bbox 2714 736 3011 807; x_wconf 81' lang='lat' dir='ltr'><strong>pollicitus,</strong></span> <span class='ocrx_word' id='word_1_142' title='bbox 3041 752 3167 792; x_wconf 89' lang='lat' dir='ltr'><strong>ecce</strong></span> <span class='ocrx_word' id='word_1_143' title='bbox 3222 752 3329 791; x_wconf 92' lang='lat' dir='ltr'><strong>non</strong></span> <span class='ocrx_word' id='word_1_144' title='bbox 3357 736 3468 805; x_wconf 87' lang='lat' dir='ltr'><strong>jam</strong></span> <span class='ocrx_word' id='word_1_145' title='bbox 3499 751 3598 789; x_wconf 49' lang='lat' dir='ltr'><strong>an-</strong></span> 
     </span>
    </p>
   </div>
   <div class='ocr_carea' id='block_1_20' title="bbox 2016 824 3597 894">
    <p class='ocr_par' dir='ltr' id='par_1_20' title="bbox 2016 824 3597 894">
     <span class='ocr_line' id='line_1_20' title="bbox 2016 824 3597 894; baseline -0.001 -17"><span class='ocrx_word' id='word_1_146' title='bbox 2016 825 2222 894; x_wconf 72' lang='lat' dir='ltr'><strong>gelum,</strong></span> <span class='ocrx_word' id='word_1_147' title='bbox 2256 825 2349 878; x_wconf 90' lang='lat' dir='ltr'><strong>sed</strong></span> <span class='ocrx_word' id='word_1_148' title='bbox 2378 840 2535 879; x_wconf 86' lang='lat' dir='ltr'><strong>suum</strong></span> <span class='ocrx_word' id='word_1_149' title='bbox 2559 824 2844 894; x_wconf 75' lang='lat' dir='ltr'><strong>Spiritum,</strong></span> <span class='ocrx_word' id='word_1_150' title='bbox 2866 826 2958 894; x_wconf 88' lang='lat' dir='ltr'><strong>qui</strong></span> <span class='ocrx_word' id='word_1_151' title='bbox 2979 825 3185 893; x_wconf 79' lang='lat' dir='ltr'><strong>angelis</strong></span> <span class='ocrx_word' id='word_1_152' title='bbox 3218 824 3468 894; x_wconf 87' lang='lat' dir='ltr'><strong>superior</strong></span> <span class='ocrx_word' id='word_1_153' title='bbox 3491 832 3597 890; x_wconf 92' lang='lat' dir='ltr'><strong>est,</strong></span> 
     </span>
    </p>
   </div>
   <div class='ocr_carea' id='block_1_21' title="bbox 2020 913 3599 985">
    <p class='ocr_par' dir='ltr' id='par_1_21' title="bbox 2020 913 3599 985">
     <span class='ocr_line' id='line_1_21' title="bbox 2020 913 3599 985; baseline -0.001 -16"><span class='ocrx_word' id='word_1_154' title='bbox 2020 915 2301 969; x_wconf 87' lang='lat' dir='ltr'><strong>ductorem</strong></span> <span class='ocrx_word' id='word_1_155' title='bbox 2358 914 2543 984; x_wconf 89' lang='lat' dir='ltr'><strong>populi</strong></span> <span class='ocrx_word' id='word_1_156' title='bbox 2604 930 2664 969; x_wconf 90' lang='lat' dir='ltr'><strong>se</strong></span> <span class='ocrx_word' id='word_1_157' title='bbox 2716 915 3014 969; x_wconf 90' lang='lat' dir='ltr'><strong>missurum</strong></span> <span class='ocrx_word' id='word_1_158' title='bbox 3072 916 3366 985; x_wconf 82' lang='lat' dir='ltr'><strong>promittit.</strong></span> <span class='ocrx_word' id='word_1_159' title='bbox 3415 913 3599 982; x_wconf 82' lang='lat' dir='ltr'><strong>Quare</strong></span> 
     </span>
    </p>
   </div>
   <div class='ocr_carea' id='block_1_22' title="bbox 2022 1005 3655 1077">
    <p class='ocr_par' dir='ltr' id='par_1_22' title="bbox 2022 1005 3655 1077">
     <span class='ocr_line' id='line_1_22' title="bbox 2022 1005 3655 1077; baseline 0.001 -19"><span class='ocrx_word' id='word_1_160' title='bbox 2022 1014 2168 1074; x_wconf 87' lang='lat' dir='ltr'><strong>patet</strong></span> <span class='ocrx_word' id='word_1_161' title='bbox 2208 1005 2472 1074; x_wconf 86' lang='lat' dir='ltr'><strong>Spiritum</strong></span> <span class='ocrx_word' id='word_1_162' title='bbox 2513 1021 2621 1059; x_wconf 89' lang='lat' dir='ltr'><strong>non</strong></span> <span class='ocrx_word' id='word_1_163' title='bbox 2677 1021 2744 1061; x_wconf 83' lang='lat' dir='ltr'><strong>ex</strong></span> <span class='ocrx_word' id='word_1_164' title='bbox 2793 1007 2958 1062; x_wconf 86' lang='lat' dir='ltr'><strong>rebus</strong></span> <span class='ocrx_word' id='word_1_165' title='bbox 2991 1007 3191 1062; x_wconf 80' lang='lat' dir='ltr'><strong>creatis</strong></span> <span class='ocrx_word' id='word_1_166' title='bbox 3222 1022 3399 1077; x_wconf 89' lang='lat' dir='ltr'><strong>neque</strong></span> <span class='ocrx_word' id='word_1_167' title='bbox 3430 1022 3599 1077; x_wconf 79' lang='lat' dir='ltr'><strong>ange-</strong></span> <span class='ocrx_word' id='word_1_168' title='bbox 3652 1027 3655 1035; x_wconf 56' lang='grc' dir='ltr'><strong>ε</strong></span> 
     </span>
    </p>
   </div>
   <div class='ocr_carea' id='block_1_23' title="bbox 2022 1088 3652 1175">
    <p class='ocr_par' dir='ltr' id='par_1_23' title="bbox 2022 1088 3652 1175">
     <span class='ocr_line' id='line_1_23' title="bbox 2022 1088 3652 1175; baseline 0 -24"><span class='ocrx_word' id='word_1_169' title='bbox 2022 1098 2134 1157; x_wconf 87' lang='lat' dir='ltr'><strong>lum</strong></span> <span class='ocrx_word' id='word_1_170' title='bbox 2159 1114 2301 1161; x_wconf 85' lang='lat' dir='ltr'><strong>esse,</strong></span> <span class='ocrx_word' id='word_1_171' title='bbox 2329 1099 2423 1153; x_wconf 92' lang='lat' dir='ltr'><strong>sed</strong></span> <span class='ocrx_word' id='word_1_172' title='bbox 2455 1099 2619 1154; x_wconf 83' lang='lat' dir='ltr'><strong>rebus</strong></span> <span class='ocrx_word' id='word_1_173' title='bbox 2645 1099 2906 1154; x_wconf 90' lang='lat' dir='ltr'><strong>omnibus</strong></span> <span class='ocrx_word' id='word_1_174' title='bbox 2949 1101 3147 1154; x_wconf 89' lang='lat' dir='ltr'><strong>creatis</strong></span> <span class='ocrx_word' id='word_1_175' title='bbox 3180 1098 3517 1169; x_wconf 81' lang='lat' dir='ltr'><strong>superiorem</strong></span> <span class='ocrx_word' id='word_1_176' title='bbox 3544 1108 3600 1153; x_wconf 87' lang='lat' dir='ltr'><strong>et</strong></span> 
     </span>
    </p>
   </div>
   <div class='ocr_carea' id='block_1_24' title="bbox 2021 1188 3656 1261">
    <p class='ocr_par' dir='ltr' id='par_1_24' title="bbox 2021 1188 3656 1261">
     <span class='ocr_line' id='line_1_24' title="bbox 2021 1188 3656 1261; baseline 0.003 -18"><span class='ocrx_word' id='word_1_177' title='bbox 2021 1188 2198 1251; x_wconf 86' lang='lat' dir='ltr'><strong>Patris</strong></span> <span class='ocrx_word' id='word_1_178' title='bbox 2252 1189 2525 1244; x_wconf 82' lang='lat' dir='ltr'><strong>divinitati</strong></span> <span class='ocrx_word' id='word_1_179' title='bbox 2576 1190 2930 1261; x_wconf 87' lang='lat' dir='ltr'><strong>conjunctum</strong></span> <span class='ocrx_word' id='word_1_180' title='bbox 2990 1206 3131 1251; x_wconf 87' lang='lat' dir='ltr'><strong>esse.</strong></span> <span class='ocrx_word' id='word_1_181' title='bbox 3186 1190 3431 1260; x_wconf 87' lang='lat' dir='ltr'><strong>Namque</strong></span> <span class='ocrx_word' id='word_1_182' title='bbox 3483 1191 3599 1260; x_wconf 81' lang='lat' dir='ltr'><strong>ipse</strong></span> <span class='ocrx_word' id='word_1_183' title='bbox 3652 1192 3656 1205; x_wconf 82' lang='lat'><strong>&#39;</strong></span> 
     </span>
    </p>
   </div>
   <div class='ocr_carea' id='block_1_25' title="bbox 2024 1270 3597 1354">
    <p class='ocr_par' dir='ltr' id='par_1_25' title="bbox 2024 1270 3597 1354">
     <span class='ocr_line' id='line_1_25' title="bbox 2024 1270 3597 1354; baseline 0.003 -20"><span class='ocrx_word' id='word_1_184' title='bbox 2024 1281 2167 1339; x_wconf 89' lang='lat' dir='ltr'><strong>Deus</strong></span> <span class='ocrx_word' id='word_1_185' title='bbox 2226 1297 2321 1351; x_wconf 91' lang='lat' dir='ltr'><strong>per</strong></span> <span class='ocrx_word' id='word_1_186' title='bbox 2364 1270 2601 1338; x_wconf 77' lang='lat' dir='ltr'><strong>Verbum</strong></span> <span class='ocrx_word' id='word_1_187' title='bbox 2652 1283 2707 1336; x_wconf 90' lang='lat' dir='ltr'><strong>in</strong></span> <span class='ocrx_word' id='word_1_188' title='bbox 2772 1283 2977 1353; x_wconf 85' lang='lat' dir='ltr'><strong>Spiritu</strong></span> <span class='ocrx_word' id='word_1_189' title='bbox 3035 1284 3295 1354; x_wconf 88' lang='lat' dir='ltr'><strong>p0pulum</strong></span> <span class='ocrx_word' id='word_1_190' title='bbox 3331 1284 3597 1347; x_wconf 86' lang='lat' dir='ltr'><strong>ducebat;</strong></span> 
     </span>
    </p>
   </div>
   <div class='ocr_carea' id='block_1_26' title="bbox 2024 1373 3599 1445">
    <p class='ocr_par' dir='ltr' id='par_1_26' title="bbox 2024 1373 3599 1445">
     <span class='ocr_line' id='line_1_26' title="bbox 2024 1373 3599 1445; baseline -0.001 -14"><span class='ocrx_word' id='word_1_191' title='bbox 2024 1375 2169 1431; x_wconf 91' lang='lat' dir='ltr'><strong>unde</strong></span> <span class='ocrx_word' id='word_1_192' title='bbox 2219 1391 2313 1445; x_wconf 89' lang='lat' dir='ltr'><strong>per</strong></span> <span class='ocrx_word' id='word_1_193' title='bbox 2340 1384 2509 1430; x_wconf 89' lang='lat' dir='ltr'><strong>totam</strong></span> <span class='ocrx_word' id='word_1_194' title='bbox 2552 1374 2890 1444; x_wconf 78' lang='lat' dir='ltr'><strong>Scripturam</strong></span> <span class='ocrx_word' id='word_1_195' title='bbox 2938 1385 3207 1430; x_wconf 88' lang='lat' dir='ltr'><strong>testatur:</strong></span> <span class='ocrx_word' id='word_1_196' title='bbox 3248 1394 3265 1427; x_wconf 80' lang='grc' dir='ltr'><strong>ι</strong></span> <span class='ocrx_word' id='word_1_197' title='bbox 3296 1374 3407 1445; x_wconf 79' lang='lat' dir='ltr'><strong>Ego</strong></span> <span class='ocrx_word' id='word_1_198' title='bbox 3435 1373 3599 1430; x_wconf 75' lang='lat' dir='ltr'><strong>eduxi</strong></span> 
     </span>
    </p>
   </div>
   <div class='ocr_carea' id='block_1_27' title="bbox 2025 1461 3597 1535">
    <p class='ocr_par' dir='ltr' id='par_1_27' title="bbox 2025 1461 3597 1535">
     <span class='ocr_line' id='line_1_27' title="bbox 2025 1461 3597 1535; baseline 0 -16"><span class='ocrx_word' id='word_1_199' title='bbox 2025 1480 2123 1521; x_wconf 89' lang='lat' dir='ltr'><strong>vos</strong></span> <span class='ocrx_word' id='word_1_200' title='bbox 2144 1465 2212 1519; x_wconf 86' lang='lat' dir='ltr'><strong>de</strong></span> <span class='ocrx_word' id='word_1_201' title='bbox 2246 1464 2393 1518; x_wconf 84' lang='lat' dir='ltr'><strong>terra</strong></span> <span class='ocrx_word' id='word_1_202' title='bbox 2413 1461 2635 1535; x_wconf 67' lang='lat' dir='ltr'><strong>Egypti</strong></span> <span class='ocrx_word' id='word_1_203' title='bbox 2666 1481 2678 1515; x_wconf 91' lang='lat'>:</span> <span class='ocrx_word' id='word_1_204' title='bbox 2708 1473 2872 1521; x_wconf 81' lang='lat' dir='ltr'><strong>testes</strong></span> <span class='ocrx_word' id='word_1_205' title='bbox 2900 1480 2997 1519; x_wconf 89' lang='lat' dir='ltr'><strong>vos</strong></span> <span class='ocrx_word' id='word_1_206' title='bbox 3022 1466 3178 1530; x_wconf 90' lang='lat' dir='ltr'><strong>estis,</strong></span> <span class='ocrx_word' id='word_1_207' title='bbox 3211 1465 3253 1519; x_wconf 88' lang='lat' dir='ltr'><strong>si</strong></span> <span class='ocrx_word' id='word_1_208' title='bbox 3295 1463 3438 1519; x_wconf 90' lang='lat' dir='ltr'><strong>Deus</strong></span> <span class='ocrx_word' id='word_1_209' title='bbox 3464 1464 3597 1519; x_wconf 86' lang='lat' dir='ltr'><strong>alie—</strong></span> 
     </span>
    </p>
   </div>
   <div class='ocr_carea' id='block_1_28' title="bbox 330 1547 1927 1625">
    <p class='ocr_par' dir='ltr' id='par_1_28' title="bbox 330 1547 1925 1625">
     <span class='ocr_line' id='line_1_28' title="bbox 330 1547 1925 1625; baseline -0.003 -16"><span class='ocrx_word' id='word_1_210' title='bbox 330 1555 610 1624; x_wconf 78' lang='grc' dir='ltr'>Δίγύπτου</span> <span class='ocrx_word' id='word_1_211' title='bbox 631 1572 646 1585; x_wconf 75' lang='grc' dir='ltr'><strong><em>ο</em></strong></span> <span class='ocrx_word' id='word_1_212' title='bbox 705 1555 981 1625; x_wconf 78' lang='grc' dir='ltr'>μάρτυρες</span> <span class='ocrx_word' id='word_1_213' title='bbox 1051 1554 1209 1624; x_wconf 80' lang='grc' dir='ltr'>ὑμεῖς</span> <span class='ocrx_word' id='word_1_214' title='bbox 1242 1555 1385 1619; x_wconf 77' lang='grc' dir='ltr'>ἐστε,</span> <span class='ocrx_word' id='word_1_215' title='bbox 1434 1554 1483 1606; x_wconf 85' lang='grc' dir='ltr'><strong>εί</strong></span> <span class='ocrx_word' id='word_1_216' title='bbox 1509 1552 1639 1618; x_wconf 84' lang='grc' dir='ltr'>Θεὸς</span> <span class='ocrx_word' id='word_1_217' title='bbox 1670 1547 1738 1624; x_wconf 82' lang='grc' dir='ltr'>ἦν</span> <span class='ocrx_word' id='word_1_218' title='bbox 1771 1552 1925 1606; x_wconf 82' lang='grc' dir='ltr'>ἀλλό-</span> 
     </span>
    </p>
   </div>
   <div class='ocr_carea' id='block_1_29' title="bbox 2026 1547 3599 1625">
    <p class='ocr_par' dir='ltr' id='par_1_29' title="bbox 2027 1552 3599 1624">
     <span class='ocr_line' id='line_1_29' title="bbox 2027 1552 3599 1624; baseline 0 -17"><span class='ocrx_word' id='word_1_219' title='bbox 2027 1569 2129 1608; x_wconf 91' lang='lat' dir='ltr'><strong>nus</strong></span> <span class='ocrx_word' id='word_1_220' title='bbox 2154 1562 2272 1609; x_wconf 86' lang='lat' dir='ltr'><strong>erat</strong></span> <span class='ocrx_word' id='word_1_221' title='bbox 2293 1553 2347 1609; x_wconf 91' lang='lat' dir='ltr'><strong>in</strong></span> <span class='ocrx_word' id='word_1_222' title='bbox 2370 1553 2527 1609; x_wconf 84' lang='lat' dir='ltr'><strong>vobis</strong></span> <span class='ocrx_word' id='word_1_223' title='bbox 2557 1566 2754 1624; x_wconf 65' lang='lat' dir='ltr'><strong>praeter</strong></span> <span class='ocrx_word' id='word_1_224' title='bbox 2795 1568 2880 1607; x_wconf 89' lang='lat' dir='ltr'><strong>me</strong></span> <span class='ocrx_word' id='word_1_225' title='bbox 2920 1562 2965 1606; x_wconf 68' lang='grc' dir='ltr'><strong>ί.</strong></span> <span class='ocrx_word' id='word_1_226' title='bbox 3003 1572 3019 1605; x_wconf 75' lang='grc' dir='ltr'><strong>ι</strong></span> <span class='ocrx_word' id='word_1_227' title='bbox 3053 1552 3242 1608; x_wconf 89' lang='lat' dir='ltr'><strong>Sancti</strong></span> <span class='ocrx_word' id='word_1_228' title='bbox 3278 1568 3495 1623; x_wconf 91' lang='lat' dir='ltr'><strong>quoque</strong></span> <span class='ocrx_word' id='word_1_229' title='bbox 3528 1553 3599 1609; x_wconf 89' lang='lat' dir='ltr'><strong>ita</strong></span> 
     </span>
    </p>
   </div>
   <div class='ocr_carea' id='block_1_30' title="bbox 327 1622 1927 1719">
    <p class='ocr_par' dir='ltr' id='par_1_30' title="bbox 327 1622 1919 1719">
     <span class='ocr_line' id='line_1_30' title="bbox 327 1622 1919 1719; baseline -0.003 -20"><span class='ocrx_word' id='word_1_230' title='bbox 327 1622 481 1719; x_wconf 77' lang='grc' dir='ltr'>τριος</span> <span class='ocrx_word' id='word_1_231' title='bbox 505 1648 563 1698; x_wconf 81' lang='grc' dir='ltr'><strong>ἐν</strong></span> <span class='ocrx_word' id='word_1_232' title='bbox 597 1622 724 1716; x_wconf 76' lang='grc' dir='ltr'>ὑμῖν</span> <span class='ocrx_word' id='word_1_233' title='bbox 748 1622 1064 1716; x_wconf 17' lang='grc' dir='ltr'>πλὴνήὲμοῦ.</span> <span class='ocrx_word' id='word_1_234' title='bbox 1092 1622 1128 1696; x_wconf 11' lang='grc' dir='ltr'><strong>ἡ»</strong></span> <span class='ocrx_word' id='word_1_235' title='bbox 1167 1645 1276 1698; x_wconf 80' lang='lat' dir='ltr'><strong>Kal.</strong></span> <span class='ocrx_word' id='word_1_236' title='bbox 1322 1646 1371 1697; x_wconf 82' lang='grc' dir='ltr'><strong>οἱ</strong></span> <span class='ocrx_word' id='word_1_237' title='bbox 1399 1643 1546 1714; x_wconf 82' lang='grc' dir='ltr'>ἆγιοι</span> <span class='ocrx_word' id='word_1_238' title='bbox 1578 1643 1634 1695; x_wconf 87' lang='grc' dir='ltr'>δὲ</span> <span class='ocrx_word' id='word_1_239' title='bbox 1663 1622 1919 1715; x_wconf 73' lang='grc' dir='ltr'>προσφω-</span> 
     </span>
    </p>
   </div>
   <div class='ocr_carea' id='block_1_31' title="bbox 2026 1622 3599 1719">
    <p class='ocr_par' dir='ltr' id='par_1_31' title="bbox 2026 1622 3599 1716">
     <span class='ocr_line' id='line_1_31' title="bbox 2026 1622 3599 1716; baseline 0 -19"><span class='ocrx_word' id='word_1_240' title='bbox 2026 1644 2135 1701; x_wconf 88' lang='lat' dir='ltr'><strong>Dco</strong></span> <span class='ocrx_word' id='word_1_241' title='bbox 2180 1645 2521 1716; x_wconf 87' lang='lat' dir='ltr'><strong>loquuntur:</strong></span> <span class='ocrx_word' id='word_1_242' title='bbox 2558 1622 2579 1697; x_wconf 68' lang='grc' dir='ltr'><strong>ἱ</strong></span> <span class='ocrx_word' id='word_1_243' title='bbox 2633 1644 2913 1700; x_wconf 77' lang='lat' dir='ltr'><strong>Deduxisti</strong></span> <span class='ocrx_word' id='word_1_244' title='bbox 2968 1644 3113 1699; x_wconf 85' lang='lat' dir='ltr'><strong>sicut</strong></span> <span class='ocrx_word' id='word_1_245' title='bbox 3155 1622 3305 1699; x_wconf 13' lang='lat' dir='ltr'><strong>oves,</strong></span> <span class='ocrx_word' id='word_1_246' title='bbox 3337 1645 3599 1715; x_wconf 85' lang='lat' dir='ltr'><strong>populum</strong></span> 
     </span>
    </p>
   </div>
   <div class='ocr_carea' id='block_1_32' title="bbox 327 1735 1927 1809">
    <p class='ocr_par' dir='ltr' id='par_1_32' title="bbox 327 1735 1919 1809">
     <span class='ocr_line' id='line_1_32' title="bbox 327 1735 1919 1809; baseline -0.003 -16"><span class='ocrx_word' id='word_1_247' title='bbox 327 1739 484 1793; x_wconf 87' lang='grc' dir='ltr'>νοῦσι</span> <span class='ocrx_word' id='word_1_248' title='bbox 513 1738 592 1809; x_wconf 82' lang='grc' dir='ltr'><strong>τῷ</strong></span> <span class='ocrx_word' id='word_1_249' title='bbox 618 1738 774 1809; x_wconf 85' lang='grc' dir='ltr'>Θεῷ·</span> <span class='ocrx_word' id='word_1_250' title='bbox 820 1757 837 1789; x_wconf 80' lang='grc' dir='ltr'><strong>ι</strong></span> <span class='ocrx_word' id='word_1_251' title='bbox 891 1737 1193 1808; x_wconf 83' lang='grc' dir='ltr'>Ὠδήγησας</span> <span class='ocrx_word' id='word_1_252' title='bbox 1243 1737 1318 1800; x_wconf 84' lang='grc' dir='ltr'><strong>ὡς</strong></span> <span class='ocrx_word' id='word_1_253' title='bbox 1350 1736 1599 1808; x_wconf 79' lang='grc' dir='ltr'>πρόϐατα</span> <span class='ocrx_word' id='word_1_254' title='bbox 1644 1736 1735 1789; x_wconf 82' lang='grc' dir='ltr'><strong>τὸν</strong></span> <span class='ocrx_word' id='word_1_255' title='bbox 1792 1735 1919 1789; x_wconf 90' lang='grc' dir='ltr'>λαόν</span> 
     </span>
    </p>
   </div>
   <div class='ocr_carea' id='block_1_33' title="bbox 2026 1735 3602 1809">
    <p class='ocr_par' dir='ltr' id='par_1_33' title="bbox 2026 1736 3602 1809">
     <span class='ocr_line' id='line_1_33' title="bbox 2026 1736 3602 1809; baseline -0.002 -17"><span class='ocrx_word' id='word_1_256' title='bbox 2026 1747 2172 1792; x_wconf 87' lang='lat' dir='ltr'><strong>tuum</strong></span> <span class='ocrx_word' id='word_1_257' title='bbox 2196 1736 2304 1809; x_wconf 49' lang='grc' dir='ltr'><strong>ξ.»</strong></span> <span class='ocrx_word' id='word_1_258' title='bbox 2332 1737 2397 1794; x_wconf 88' lang='lat' dir='ltr'><strong>Et</strong></span> <span class='ocrx_word' id='word_1_259' title='bbox 2421 1759 2433 1794; x_wconf 88' lang='lat'><strong>:</strong></span> <span class='ocrx_word' id='word_1_260' title='bbox 2459 1758 2476 1791; x_wconf 78' lang='grc' dir='ltr'><strong>ι</strong></span> <span class='ocrx_word' id='word_1_261' title='bbox 2512 1737 2741 1794; x_wconf 85' lang='lat' dir='ltr'><strong>Deduxit</strong></span> <span class='ocrx_word' id='word_1_262' title='bbox 2766 1753 2862 1795; x_wconf 88' lang='lat' dir='ltr'><strong>cos</strong></span> <span class='ocrx_word' id='word_1_263' title='bbox 2886 1737 3154 1793; x_wconf 85' lang='lat' dir='ltr'><strong>Dominus</strong></span> <span class='ocrx_word' id='word_1_264' title='bbox 3186 1739 3239 1792; x_wconf 89' lang='lat' dir='ltr'><strong>in</strong></span> <span class='ocrx_word' id='word_1_265' title='bbox 3276 1752 3393 1807; x_wconf 89' lang='lat' dir='ltr'><strong>spe,</strong></span> <span class='ocrx_word' id='word_1_266' title='bbox 3417 1747 3471 1791; x_wconf 88' lang='lat' dir='ltr'><strong>et</strong></span> <span class='ocrx_word' id='word_1_267' title='bbox 3494 1752 3602 1791; x_wconf 88' lang='lat' dir='ltr'><strong>non</strong></span> 
     </span>
    </p>
   </div>
   <div class='ocr_carea' id='block_1_34' title="bbox 331 1826 1916 1902">
    <p class='ocr_par' dir='ltr' id='par_1_34' title="bbox 331 1826 1916 1902">
     <span class='ocr_line' id='line_1_34' title="bbox 331 1826 1916 1902; baseline -0.004 -17"><span class='ocrx_word' id='word_1_268' title='bbox 331 1847 430 1885; x_wconf 82' lang='grc' dir='ltr'><strong>σου</strong></span> <span class='ocrx_word' id='word_1_269' title='bbox 456 1849 470 1864; x_wconf 90' lang='grc'><strong>·</strong></span> <span class='ocrx_word' id='word_1_270' title='bbox 499 1852 519 1884; x_wconf 72' lang='grc' dir='ltr'><strong>ι</strong></span> <span class='ocrx_word' id='word_1_271' title='bbox 537 1832 654 1894; x_wconf 70' lang='grc' dir='ltr'>καὶ,</span> <span class='ocrx_word' id='word_1_272' title='bbox 680 1850 698 1883; x_wconf 78' lang='grc' dir='ltr'><strong>ι</strong></span> <span class='ocrx_word' id='word_1_273' title='bbox 722 1830 1014 1902; x_wconf 83' lang='grc' dir='ltr'>Ὠδήγησεν</span> <span class='ocrx_word' id='word_1_274' title='bbox 1043 1831 1241 1893; x_wconf 76' lang='grc' dir='ltr'>αὐτοὺς</span> <span class='ocrx_word' id='word_1_275' title='bbox 1263 1828 1466 1900; x_wconf 75' lang='grc' dir='ltr'>Κύριος</span> <span class='ocrx_word' id='word_1_276' title='bbox 1484 1829 1570 1881; x_wconf 80' lang='grc' dir='ltr'>ἐπ’</span> <span class='ocrx_word' id='word_1_277' title='bbox 1694 1826 1871 1880; x_wconf 85' lang='grc' dir='ltr'>ἐλπίδι</span> <span class='ocrx_word' id='word_1_278' title='bbox 1900 1867 1916 1893; x_wconf 89' lang='grc'><strong>,</strong></span> 
     </span>
    </p>
   </div>
   <div class='ocr_carea' id='block_1_35' title="bbox 328 1920 1921 1993">
    <p class='ocr_par' dir='ltr' id='par_1_35' title="bbox 328 1920 1921 1993">
     <span class='ocr_line' id='line_1_35' title="bbox 328 1920 1921 1993; baseline -0.005 -14"><span class='ocrx_word' id='word_1_279' title='bbox 328 1926 429 1980; x_wconf 75' lang='grc' dir='ltr'><strong>καὶ</strong></span> <span class='ocrx_word' id='word_1_280' title='bbox 462 1926 563 1979; x_wconf 80' lang='grc' dir='ltr'><strong>οὐκ</strong></span> <span class='ocrx_word' id='word_1_281' title='bbox 600 1924 923 1980; x_wconf 84' lang='grc' dir='ltr'>ἐδειλίασαν.</span> <span class='ocrx_word' id='word_1_282' title='bbox 976 1943 993 1976; x_wconf 77' lang='grc' dir='ltr'><strong>ι</strong></span> <span class='ocrx_word' id='word_1_283' title='bbox 1033 1922 1221 1993; x_wconf 84' lang='grc' dir='ltr'><strong>Τούτῳ</strong></span> <span class='ocrx_word' id='word_1_284' title='bbox 1254 1922 1347 1975; x_wconf 72' lang='grc' dir='ltr'>καὶ</span> <span class='ocrx_word' id='word_1_285' title='bbox 1396 1921 1485 1974; x_wconf 89' lang='grc' dir='ltr'><strong>τὸν</strong></span> <span class='ocrx_word' id='word_1_286' title='bbox 1532 1920 1699 1990; x_wconf 74' lang='grc' dir='ltr'>ὕμνον</span> <span class='ocrx_word' id='word_1_287' title='bbox 1732 1921 1921 1972; x_wconf 65' lang='grc' dir='ltr'>ἀνατιν</span> 
     </span>
    </p>
   </div>
   <div class='ocr_carea' id='block_1_36' title="bbox 328 2011 1945 2086">
    <p class='ocr_par' dir='ltr' id='par_1_36' title="bbox 328 2011 1945 2086">
     <span class='ocr_line' id='line_1_36' title="bbox 328 2011 1945 2086; baseline -0.006 -15"><span class='ocrx_word' id='word_1_288' title='bbox 328 2017 490 2072; x_wconf 79' lang='grc' dir='ltr'>θέασι</span> <span class='ocrx_word' id='word_1_289' title='bbox 518 2016 766 2086; x_wconf 83' lang='grc' dir='ltr'>λέγοντες</span> <span class='ocrx_word' id='word_1_290' title='bbox 788 2034 800 2049; x_wconf 80' lang='grc' dir='ltr'><strong><em>ο</em></strong></span> <span class='ocrx_word' id='word_1_291' title='bbox 837 2034 856 2067; x_wconf 78' lang='grc' dir='ltr'><strong>ι</strong></span> <span class='ocrx_word' id='word_1_292' title='bbox 898 2014 988 2085; x_wconf 87' lang='grc' dir='ltr'><strong>Τῷ</strong></span> <span class='ocrx_word' id='word_1_293' title='bbox 1020 2014 1332 2083; x_wconf 84' lang='grc' dir='ltr'>διαγαγόντι</span> <span class='ocrx_word' id='word_1_294' title='bbox 1369 2013 1459 2066; x_wconf 87' lang='grc' dir='ltr'><strong>τὸν</strong></span> <span class='ocrx_word' id='word_1_295' title='bbox 1500 2013 1625 2065; x_wconf 90' lang='grc' dir='ltr'>λαὸν</span> <span class='ocrx_word' id='word_1_296' title='bbox 1672 2011 1836 2065; x_wconf 79' lang='grc' dir='ltr'>αὐτοῦ</span> <span class='ocrx_word' id='word_1_297' title='bbox 1864 2013 1945 2063; x_wconf 84' lang='grc' dir='ltr'>ἐν’</span> 
     </span>
    </p>
   </div>
   <div class='ocr_carea' id='block_1_37' title="bbox 326 2099 1921 2181">
    <p class='ocr_par' dir='ltr' id='par_1_37' title="bbox 326 2099 1921 2181">
     <span class='ocr_line' id='line_1_37' title="bbox 326 2099 1921 2181; baseline -0.008 -17"><span class='ocrx_word' id='word_1_298' title='bbox 326 2112 398 2180; x_wconf 80' lang='grc' dir='ltr'>τῇ</span> <span class='ocrx_word' id='word_1_299' title='bbox 437 2109 651 2181; x_wconf 82' lang='grc' dir='ltr'>ἐρήμῳ,</span> <span class='ocrx_word' id='word_1_300' title='bbox 674 2108 759 2162; x_wconf 81' lang='grc' dir='ltr'>ὅτι</span> <span class='ocrx_word' id='word_1_301' title='bbox 785 2108 865 2171; x_wconf 88' lang='grc' dir='ltr'><strong>είς</strong></span> <span class='ocrx_word' id='word_1_302' title='bbox 885 2106 975 2159; x_wconf 89' lang='grc' dir='ltr'><strong>τὸν</strong></span> <span class='ocrx_word' id='word_1_303' title='bbox 1012 2105 1186 2159; x_wconf 80' lang='grc' dir='ltr'>αἰῶνα</span> <span class='ocrx_word' id='word_1_304' title='bbox 1210 2104 1271 2156; x_wconf 84' lang='grc' dir='ltr'><strong>τὸ</strong></span> <span class='ocrx_word' id='word_1_305' title='bbox 1297 2103 1443 2166; x_wconf 79' lang='grc' dir='ltr'>ἔλεος</span> <span class='ocrx_word' id='word_1_306' title='bbox 1466 2101 1651 2156; x_wconf 82' lang='grc' dir='ltr'>αὐτοῦ.</span> <span class='ocrx_word' id='word_1_307' title='bbox 1685 2119 1703 2152; x_wconf 75' lang='grc' dir='ltr'><strong>ι</strong></span> <span class='ocrx_word' id='word_1_308' title='bbox 1762 2101 1819 2153; x_wconf 84' lang='grc' dir='ltr'>ὐ</span> <span class='ocrx_word' id='word_1_309' title='bbox 1864 2099 1921 2153; x_wconf 87' lang='grc' dir='ltr'>δὲ</span> 
     </span>
    </p>
   </div>
   <div class='ocr_carea' id='block_1_38' title="bbox 331 2190 1922 2274">
    <p class='ocr_par' dir='ltr' id='par_1_38' title="bbox 331 2190 1922 2274">
     <span class='ocr_line' id='line_1_38' title="bbox 331 2190 1922 2274; baseline -0.008 -20"><span class='ocrx_word' id='word_1_310' title='bbox 331 2200 514 2274; x_wconf 78' lang='grc' dir='ltr'>μέγας</span> <span class='ocrx_word' id='word_1_311' title='bbox 560 2199 767 2269; x_wconf 79' lang='grc' dir='ltr'>Μωσῆς</span> <span class='ocrx_word' id='word_1_312' title='bbox 803 2196 1041 2268; x_wconf 82' lang='grc' dir='ltr'>συνεχῶς</span> <span class='ocrx_word' id='word_1_313' title='bbox 1078 2196 1345 2267; x_wconf 84' lang='grc' dir='ltr'>διηγεῖται</span> <span class='ocrx_word' id='word_1_314' title='bbox 1410 2204 1426 2220; x_wconf 89' lang='grc'>⁶</span> <span class='ocrx_word' id='word_1_315' title='bbox 1594 2211 1610 2242; x_wconf 83' lang='grc' dir='ltr'><strong>ι</strong></span> <span class='ocrx_word' id='word_1_316' title='bbox 1648 2190 1853 2261; x_wconf 77' lang='grc' dir='ltr'>Κύριος</span> <span class='ocrx_word' id='word_1_317' title='bbox 1894 2191 1922 2242; x_wconf 98' lang='lat'><strong>6</strong></span> 
     </span>
    </p>
   </div>
   <div class='ocr_carea' id='block_1_39' title="bbox 329 2283 1924 2363">
    <p class='ocr_par' dir='ltr' id='par_1_39' title="bbox 329 2283 1924 2363">
     <span class='ocr_line' id='line_1_39' title="bbox 329 2283 1924 2363; baseline -0.006 -17"><span class='ocrx_word' id='word_1_318' title='bbox 329 2294 468 2358; x_wconf 80' lang='grc' dir='ltr'>Θεὸς</span> <span class='ocrx_word' id='word_1_319' title='bbox 501 2294 530 2345; x_wconf 86' lang='grc' dir='ltr'><strong>ό</strong></span> <span class='ocrx_word' id='word_1_320' title='bbox 579 2292 1054 2363; x_wconf 80' lang='grc' dir='ltr'>προπορευόμενος</span> <span class='ocrx_word' id='word_1_321' title='bbox 1093 2289 1201 2360; x_wconf 83' lang='grc' dir='ltr'><strong>πρὸ</strong></span> <span class='ocrx_word' id='word_1_322' title='bbox 1240 2285 1533 2359; x_wconf 82' lang='grc' dir='ltr'>προσώπου</span> <span class='ocrx_word' id='word_1_323' title='bbox 1568 2284 1741 2355; x_wconf 83' lang='grc' dir='ltr'>ὑμῶν.</span> <span class='ocrx_word' id='word_1_324' title='bbox 1790 2302 1807 2334; x_wconf 73' lang='grc' dir='ltr'><strong>ι</strong></span> <span class='ocrx_word' id='word_1_325' title='bbox 1848 2283 1924 2336; x_wconf 89' lang='grc' dir='ltr'>Τὸ</span> 
     </span>
    </p>
   </div>
   <div class='ocr_carea' id='block_1_40' title="bbox 328 2373 1925 2457">
    <p class='ocr_par' dir='ltr' id='par_1_40' title="bbox 328 2373 1925 2457">
     <span class='ocr_line' id='line_1_40' title="bbox 328 2373 1925 2457; baseline -0.01 -16"><span class='ocrx_word' id='word_1_326' title='bbox 328 2385 447 2457; x_wconf 75' lang='grc' dir='ltr'>ἄρα</span> <span class='ocrx_word' id='word_1_327' title='bbox 477 2385 570 2438; x_wconf 85' lang='grc' dir='ltr'><strong>τοῦ</strong></span> <span class='ocrx_word' id='word_1_328' title='bbox 600 2383 735 2439; x_wconf 86' lang='grc' dir='ltr'>Θεοῦ</span> <span class='ocrx_word' id='word_1_329' title='bbox 766 2382 989 2454; x_wconf 81' lang='grc' dir='ltr'>Πνεῦμα</span> <span class='ocrx_word' id='word_1_330' title='bbox 1017 2381 1117 2435; x_wconf 81' lang='grc' dir='ltr'><strong>οὐκ</strong></span> <span class='ocrx_word' id='word_1_331' title='bbox 1148 2380 1213 2435; x_wconf 81' lang='grc' dir='ltr'>ἂν</span> <span class='ocrx_word' id='word_1_332' title='bbox 1246 2381 1331 2449; x_wconf 76' lang='grc' dir='ltr'>εἴη</span> <span class='ocrx_word' id='word_1_333' title='bbox 1369 2378 1617 2448; x_wconf 81' lang='grc' dir='ltr'>ἄγγελος,</span> <span class='ocrx_word' id='word_1_334' title='bbox 1656 2375 1777 2429; x_wconf 82' lang='grc' dir='ltr'>οὐδὲ</span> <span class='ocrx_word' id='word_1_335' title='bbox 1809 2373 1925 2427; x_wconf 83' lang='grc' dir='ltr'>κτί-</span> 
     </span>
    </p>
   </div>
   <div class='ocr_carea' id='block_1_41' title="bbox 332 2464 1926 2548">
    <p class='ocr_par' dir='ltr' id='par_1_41' title="bbox 332 2464 1926 2548">
     <span class='ocr_line' id='line_1_41' title="bbox 332 2464 1926 2548; baseline -0.01 -15"><span class='ocrx_word' id='word_1_336' title='bbox 332 2496 474 2548; x_wconf 80' lang='grc' dir='ltr'>σμα,</span> <span class='ocrx_word' id='word_1_337' title='bbox 502 2477 617 2531; x_wconf 78' lang='grc' dir='ltr'>ἀλλ’</span> <span class='ocrx_word' id='word_1_338' title='bbox 647 2476 779 2530; x_wconf 79' lang='grc' dir='ltr'>ἴδιον</span> <span class='ocrx_word' id='word_1_339' title='bbox 806 2476 903 2545; x_wconf 79' lang='grc' dir='ltr'>τῆς</span> <span class='ocrx_word' id='word_1_340' title='bbox 924 2473 1177 2544; x_wconf 83' lang='grc' dir='ltr'><strong>θεότητος</strong></span> <span class='ocrx_word' id='word_1_341' title='bbox 1226 2470 1411 2526; x_wconf 78' lang='grc' dir='ltr'>αὐτοῦ.</span> <span class='ocrx_word' id='word_1_342' title='bbox 1462 2468 1568 2522; x_wconf 93' lang='grc' dir='ltr'>Τοῦ</span> <span class='ocrx_word' id='word_1_343' title='bbox 1607 2467 1715 2539; x_wconf 83' lang='grc' dir='ltr'>γὰρ</span> <span class='ocrx_word' id='word_1_344' title='bbox 1760 2464 1926 2520; x_wconf 80' lang='grc' dir='ltr'>Πνεύ·</span> 
     </span>
    </p>
   </div>
   <div class='ocr_carea' id='block_1_42' title="bbox 336 2561 1926 2640">
    <p class='ocr_par' dir='ltr' id='par_1_42' title="bbox 336 2561 1926 2640">
     <span class='ocr_line' id='line_1_42' title="bbox 336 2561 1926 2640; baseline -0.007 -18"><span class='ocrx_word' id='word_1_345' title='bbox 336 2586 511 2640; x_wconf 83' lang='grc' dir='ltr'>ματος</span> <span class='ocrx_word' id='word_1_346' title='bbox 550 2568 700 2631; x_wconf 78' lang='grc' dir='ltr'>ὄντος</span> <span class='ocrx_word' id='word_1_347' title='bbox 732 2568 791 2622; x_wconf 89' lang='grc' dir='ltr'><strong>ἐν</strong></span> <span class='ocrx_word' id='word_1_348' title='bbox 818 2565 896 2637; x_wconf 81' lang='grc' dir='ltr'><strong>τῷ</strong></span> <span class='ocrx_word' id='word_1_349' title='bbox 923 2564 1057 2637; x_wconf 83' lang='grc' dir='ltr'>λαῷ,</span> <span class='ocrx_word' id='word_1_350' title='bbox 1088 2566 1116 2619; x_wconf 91' lang='lat'><strong>6</strong></span> <span class='ocrx_word' id='word_1_351' title='bbox 1136 2562 1267 2627; x_wconf 82' lang='grc' dir='ltr'>Θεὸς</span> <span class='ocrx_word' id='word_1_352' title='bbox 1295 2562 1360 2616; x_wconf 84' lang='grc' dir='ltr'><strong>δι’</strong></span> <span class='ocrx_word' id='word_1_353' title='bbox 1386 2561 1519 2616; x_wconf 80' lang='grc' dir='ltr'>Υίοῦ</span> <span class='ocrx_word' id='word_1_354' title='bbox 1554 2562 1612 2615; x_wconf 80' lang='grc' dir='ltr'><strong>ἐν</strong></span> <span class='ocrx_word' id='word_1_355' title='bbox 1644 2562 1926 2629; x_wconf 87' lang='grc' dir='ltr'>Πνεύματι</span> 
     </span>
    </p>
   </div>
   <div class='ocr_carea' id='block_1_43' title="bbox 330 2656 729 2733">
    <p class='ocr_par' dir='ltr' id='par_1_43' title="bbox 330 2656 729 2733">
     <span class='ocr_line' id='line_1_43' title="bbox 330 2656 729 2733; baseline 0.003 -18"><span class='ocrx_word' id='word_1_356' title='bbox 330 2656 403 2733; x_wconf 77' lang='grc' dir='ltr'>ἦν</span> <span class='ocrx_word' id='word_1_357' title='bbox 434 2661 494 2715; x_wconf 85' lang='grc' dir='ltr'><strong>ἐν</strong></span> <span class='ocrx_word' id='word_1_358' title='bbox 521 2661 729 2724; x_wconf 85' lang='grc' dir='ltr'>αὐτοῖς.</span> 
     </span>
    </p>
   </div>
   <div class='ocr_carea' id='block_1_44' title="bbox 548 2737 1925 2818">
    <p class='ocr_par' dir='ltr' id='par_1_44' title="bbox 548 2737 1925 2818">
     <span class='ocr_line' id='line_1_44' title="bbox 548 2737 1925 2818; baseline -0.009 -10"><span class='ocrx_word' id='word_1_359' title='bbox 548 2753 687 2807; x_wconf 82' lang='grc' dir='ltr'>Ἀλλ’</span> <span class='ocrx_word' id='word_1_360' title='bbox 713 2751 852 2806; x_wconf 79' lang='grc' dir='ltr'>ἔστω</span> <span class='ocrx_word' id='word_1_361' title='bbox 877 2747 1071 2814; x_wconf 83' lang='grc' dir='ltr'>ταῦτα,</span> <span class='ocrx_word' id='word_1_362' title='bbox 1098 2748 1231 2818; x_wconf 73' lang='grc' dir='ltr'>φασὶ</span> <span class='ocrx_word' id='word_1_363' title='bbox 1259 2747 1352 2801; x_wconf 74' lang='grc' dir='ltr'><strong>καὶ</strong></span> <span class='ocrx_word' id='word_1_364' title='bbox 1385 2745 1538 2799; x_wconf 83' lang='grc' dir='ltr'>αὐτοί</span> <span class='ocrx_word' id='word_1_365' title='bbox 1563 2761 1577 2776; x_wconf 77' lang='grc' dir='ltr'><strong>ο</strong></span> <span class='ocrx_word' id='word_1_366' title='bbox 1620 2743 1709 2798; x_wconf 83' lang='grc' dir='ltr'><strong>διὰ</strong></span> <span class='ocrx_word' id='word_1_367' title='bbox 1743 2743 1797 2796; x_wconf 86' lang='grc' dir='ltr'><strong>τί</strong></span> <span class='ocrx_word' id='word_1_368' title='bbox 1832 2737 1925 2798; x_wconf 83' lang='grc' dir='ltr'><strong>οῦν</strong></span> 
     </span>
    </p>
   </div>
   <div class='ocr_carea' id='block_1_45' title="bbox 330 2820 1929 2912">
    <p class='ocr_par' dir='ltr' id='par_1_45' title="bbox 330 2820 1929 2912">
     <span class='ocr_line' id='line_1_45' title="bbox 330 2820 1929 2912; baseline -0.008 -15"><span class='ocrx_word' id='word_1_369' title='bbox 330 2846 363 2900; x_wconf 79' lang='grc'>6</span> <span class='ocrx_word' id='word_1_370' title='bbox 426 2820 754 2905; x_wconf 60' lang='grc' dir='ltr'>Ἀπόστολιξ</span> <span class='ocrx_word' id='word_1_371' title='bbox 788 2839 927 2912; x_wconf 79' lang='grc' dir='ltr'>μετὰ</span> <span class='ocrx_word' id='word_1_372' title='bbox 982 2839 1076 2893; x_wconf 85' lang='grc' dir='ltr'><strong>τὸν</strong></span> <span class='ocrx_word' id='word_1_373' title='bbox 1120 2835 1355 2909; x_wconf 80' lang='grc' dir='ltr'>Χριστὸν</span> <span class='ocrx_word' id='word_1_374' title='bbox 1412 2835 1514 2893; x_wconf 76' lang='grc' dir='ltr'><strong>οὐκ</strong></span> <span class='ocrx_word' id='word_1_375' title='bbox 1572 2832 1824 2906; x_wconf 82' lang='grc' dir='ltr'>ὠνόμασε</span> <span class='ocrx_word' id='word_1_376' title='bbox 1868 2831 1929 2885; x_wconf 87' lang='grc' dir='ltr'><strong>τὸ</strong></span> 
     </span>
    </p>
   </div>
   <div class='ocr_carea' id='block_1_46' title="bbox 2020 1799 3604 1903">
    <p class='ocr_par' dir='ltr' id='par_1_46' title="bbox 2020 1799 3604 1903">
     <span class='ocr_line' id='line_1_46' title="bbox 2020 1799 3604 1903; baseline -0.003 -17"><span class='ocrx_word' id='word_1_377' title='bbox 2020 1799 2322 1887; x_wconf 56' lang='lat' dir='ltr'><strong>timuerunt</strong></span> <span class='ocrx_word' id='word_1_378' title='bbox 2364 1835 2405 1885; x_wconf 70' lang='grc'><strong>⁸.</strong></span> <span class='ocrx_word' id='word_1_379' title='bbox 2439 1851 2457 1883; x_wconf 77' lang='grc' dir='ltr'><strong>ι</strong></span> <span class='ocrx_word' id='word_1_380' title='bbox 2494 1831 2633 1889; x_wconf 82' lang='lat' dir='ltr'><strong>Huic</strong></span> <span class='ocrx_word' id='word_1_381' title='bbox 2696 1832 2871 1886; x_wconf 86' lang='lat' dir='ltr'><strong>eidem</strong></span> <span class='ocrx_word' id='word_1_382' title='bbox 2928 1834 3189 1903; x_wconf 77' lang='lat' dir='ltr'><strong>hymnum</strong></span> <span class='ocrx_word' id='word_1_383' title='bbox 3237 1830 3474 1886; x_wconf 67' lang='lat' dir='ltr'><strong>offerunt</strong></span> <span class='ocrx_word' id='word_1_384' title='bbox 3508 1831 3604 1898; x_wconf 91' lang='lat' dir='ltr'><strong>qui</strong></span> 
     </span>
    </p>
   </div>
   <div class='ocr_carea' id='block_1_47' title="bbox 2023 1920 3604 1995">
    <p class='ocr_par' dir='ltr' id='par_1_47' title="bbox 2023 1920 3604 1995">
     <span class='ocr_line' id='line_1_47' title="bbox 2023 1920 3604 1995; baseline -0.004 -18"><span class='ocrx_word' id='word_1_385' title='bbox 2023 1923 2177 1977; x_wconf 89' lang='lat' dir='ltr'><strong>aiunt</strong></span> <span class='ocrx_word' id='word_1_386' title='bbox 2216 1939 2229 1975; x_wconf 92' lang='lat'><strong>:</strong></span> <span class='ocrx_word' id='word_1_387' title='bbox 2268 1941 2286 1972; x_wconf 80' lang='grc' dir='ltr'><strong>ι</strong></span> <span class='ocrx_word' id='word_1_388' title='bbox 2311 1920 2414 1987; x_wconf 86' lang='lat' dir='ltr'><strong>Qui</strong></span> <span class='ocrx_word' id='word_1_389' title='bbox 2441 1922 2679 1976; x_wconf 80' lang='lat' dir='ltr'><strong>traduxit</strong></span> <span class='ocrx_word' id='word_1_390' title='bbox 2704 1922 2962 1995; x_wconf 90' lang='lat' dir='ltr'><strong>populum</strong></span> <span class='ocrx_word' id='word_1_391' title='bbox 2996 1937 3157 1975; x_wconf 92' lang='lat' dir='ltr'><strong>suum</strong></span> <span class='ocrx_word' id='word_1_392' title='bbox 3188 1936 3283 1991; x_wconf 91' lang='lat' dir='ltr'><strong>per</strong></span> <span class='ocrx_word' id='word_1_393' title='bbox 3303 1920 3604 1986; x_wconf 86' lang='lat' dir='ltr'><strong>desertum,</strong></span> 
     </span>
    </p>
   </div>
   <div class='ocr_carea' id='block_1_48' title="bbox 2020 2012 3606 2083">
    <p class='ocr_par' dir='ltr' id='par_1_48' title="bbox 2020 2012 3606 2083">
     <span class='ocr_line' id='line_1_48' title="bbox 2020 2012 3606 2083; baseline 0.001 -17"><span class='ocrx_word' id='word_1_394' title='bbox 2020 2013 2282 2083; x_wconf 89' lang='lat' dir='ltr'><strong>quoniam</strong></span> <span class='ocrx_word' id='word_1_395' title='bbox 2318 2013 2373 2067; x_wconf 93' lang='lat' dir='ltr'><strong>in</strong></span> <span class='ocrx_word' id='word_1_396' title='bbox 2442 2015 2703 2068; x_wconf 72' lang='lat' dir='ltr'><strong>saeculum</strong></span> <span class='ocrx_word' id='word_1_397' title='bbox 2764 2013 3144 2068; x_wconf 85' lang='lat' dir='ltr'><strong>misericordia</strong></span> <span class='ocrx_word' id='word_1_398' title='bbox 3205 2012 3323 2083; x_wconf 84' lang='lat' dir='ltr'><strong>ejus</strong></span> <span class='ocrx_word' id='word_1_399' title='bbox 3365 2016 3410 2065; x_wconf 80' lang='grc'><strong>⁵.</strong></span> <span class='ocrx_word' id='word_1_400' title='bbox 3440 2032 3460 2066; x_wconf 74' lang='grc' dir='ltr'><strong>ι</strong></span> <span class='ocrx_word' id='word_1_401' title='bbox 3493 2012 3606 2068; x_wconf 79' lang='lat' dir='ltr'><strong>Ma-</strong></span> 
     </span>
    </p>
   </div>
   <div class='ocr_carea' id='block_1_49' title="bbox 2022 2103 3606 2176">
    <p class='ocr_par' dir='ltr' id='par_1_49' title="bbox 2022 2103 3606 2176">
     <span class='ocr_line' id='line_1_49' title="bbox 2022 2103 3606 2176; baseline 0.003 -19"><span class='ocrx_word' id='word_1_402' title='bbox 2022 2120 2162 2174; x_wconf 78' lang='lat' dir='ltr'><strong>gnus</strong></span> <span class='ocrx_word' id='word_1_403' title='bbox 2209 2118 2341 2158; x_wconf 89' lang='lat' dir='ltr'><strong>vero</strong></span> <span class='ocrx_word' id='word_1_404' title='bbox 2395 2103 2609 2176; x_wconf 83' lang='lat' dir='ltr'><strong>Moyses</strong></span> <span class='ocrx_word' id='word_1_405' title='bbox 2654 2105 2949 2160; x_wconf 89' lang='lat' dir='ltr'><strong>identidem</strong></span> <span class='ocrx_word' id='word_1_406' title='bbox 2995 2105 3241 2176; x_wconf 87' lang='lat' dir='ltr'><strong>repetit:</strong></span> <span class='ocrx_word' id='word_1_407' title='bbox 3281 2123 3300 2156; x_wconf 78' lang='grc' dir='ltr'><strong>ι</strong></span> <span class='ocrx_word' id='word_1_408' title='bbox 3338 2104 3606 2161; x_wconf 80' lang='lat' dir='ltr'><strong>Dominus</strong></span> 
     </span>
    </p>
   </div>
   <div class='ocr_carea' id='block_1_50' title="bbox 2022 2193 3607 2269">
    <p class='ocr_par' dir='ltr' id='par_1_50' title="bbox 2022 2193 3607 2269">
     <span class='ocr_line' id='line_1_50' title="bbox 2022 2193 3607 2269; baseline 0.002 -23"><span class='ocrx_word' id='word_1_409' title='bbox 2022 2193 2166 2249; x_wconf 89' lang='lat' dir='ltr'><strong>Deus</strong></span> <span class='ocrx_word' id='word_1_410' title='bbox 2194 2195 2286 2263; x_wconf 91' lang='lat' dir='ltr'><strong>qui</strong></span> <span class='ocrx_word' id='word_1_411' title='bbox 2336 2196 2491 2264; x_wconf 79' lang='lat' dir='ltr'><strong>praeit</strong></span> <span class='ocrx_word' id='word_1_412' title='bbox 2537 2205 2663 2251; x_wconf 84' lang='lat' dir='ltr'><strong>ante</strong></span> <span class='ocrx_word' id='word_1_413' title='bbox 2720 2195 2915 2253; x_wconf 81' lang='lat' dir='ltr'><strong>faciem</strong></span> <span class='ocrx_word' id='word_1_414' title='bbox 2974 2206 3213 2252; x_wconf 82' lang='lat' dir='ltr'><strong>vestram</strong></span> <span class='ocrx_word' id='word_1_415' title='bbox 3270 2198 3362 2252; x_wconf 76' lang='grc'><strong>⁸.»</strong></span> <span class='ocrx_word' id='word_1_416' title='bbox 3418 2196 3607 2269; x_wconf 80' lang='lat' dir='ltr'><strong>itaque</strong></span> 
     </span>
    </p>
   </div>
   <div class='ocr_carea' id='block_1_51' title="bbox 2023 2285 3605 2360">
    <p class='ocr_par' dir='ltr' id='par_1_51' title="bbox 2023 2285 3605 2360">
     <span class='ocr_line' id='line_1_51' title="bbox 2023 2285 3605 2360; baseline 0 -20"><span class='ocrx_word' id='word_1_417' title='bbox 2023 2285 2120 2341; x_wconf 89' lang='lat' dir='ltr'><strong>Dei</strong></span> <span class='ocrx_word' id='word_1_418' title='bbox 2150 2286 2389 2356; x_wconf 81' lang='lat' dir='ltr'><strong>Spiritus</strong></span> <span class='ocrx_word' id='word_1_419' title='bbox 2418 2304 2526 2342; x_wconf 88' lang='lat' dir='ltr'><strong>non</strong></span> <span class='ocrx_word' id='word_1_420' title='bbox 2561 2297 2645 2343; x_wconf 89' lang='lat' dir='ltr'><strong>est</strong></span> <span class='ocrx_word' id='word_1_421' title='bbox 2672 2289 2899 2360; x_wconf 80' lang='lat' dir='ltr'><strong>angelus</strong></span> <span class='ocrx_word' id='word_1_422' title='bbox 2935 2303 3114 2356; x_wconf 90' lang='lat' dir='ltr'><strong>neque</strong></span> <span class='ocrx_word' id='word_1_423' title='bbox 3162 2304 3250 2343; x_wconf 87' lang='lat' dir='ltr'><strong>res</strong></span> <span class='ocrx_word' id='word_1_424' title='bbox 3282 2296 3485 2352; x_wconf 81' lang='lat' dir='ltr'><strong>creata,</strong></span> <span class='ocrx_word' id='word_1_425' title='bbox 3509 2287 3605 2343; x_wconf 86' lang='lat' dir='ltr'><strong>sed</strong></span> 
     </span>
    </p>
   </div>
   <div class='ocr_carea' id='block_1_52' title="bbox 2024 2376 3605 2450">
    <p class='ocr_par' dir='ltr' id='par_1_52' title="bbox 2024 2376 3605 2450">
     <span class='ocr_line' id='line_1_52' title="bbox 2024 2376 3605 2450; baseline -0.001 -19"><span class='ocrx_word' id='word_1_426' title='bbox 2024 2378 2145 2448; x_wconf 85' lang='lat' dir='ltr'><strong>ejus</strong></span> <span class='ocrx_word' id='word_1_427' title='bbox 2184 2378 2483 2433; x_wconf 85' lang='lat' dir='ltr'><strong>divinitatis</strong></span> <span class='ocrx_word' id='word_1_428' title='bbox 2514 2387 2598 2433; x_wconf 86' lang='lat' dir='ltr'><strong>est</strong></span> <span class='ocrx_word' id='word_1_429' title='bbox 2637 2378 2912 2450; x_wconf 83' lang='lat' dir='ltr'><strong>preprius.</strong></span> <span class='ocrx_word' id='word_1_430' title='bbox 2951 2376 3088 2433; x_wconf 88' lang='lat' dir='ltr'><strong>Nam</strong></span> <span class='ocrx_word' id='word_1_431' title='bbox 3115 2394 3240 2435; x_wconf 86' lang='lat' dir='ltr'><strong>cum</strong></span> <span class='ocrx_word' id='word_1_432' title='bbox 3269 2376 3509 2448; x_wconf 89' lang='lat' dir='ltr'><strong>Spiritus</strong></span> <span class='ocrx_word' id='word_1_433' title='bbox 3550 2376 3605 2430; x_wconf 90' lang='lat' dir='ltr'><strong>in</strong></span> 
     </span>
    </p>
   </div>
   <div class='ocr_carea' id='block_1_53' title="bbox 2025 2468 3605 2541">
    <p class='ocr_par' dir='ltr' id='par_1_53' title="bbox 2025 2468 3605 2541">
     <span class='ocr_line' id='line_1_53' title="bbox 2025 2468 3605 2541; baseline 0 -18"><span class='ocrx_word' id='word_1_434' title='bbox 2025 2469 2230 2539; x_wconf 88' lang='lat' dir='ltr'><strong>populo</strong></span> <span class='ocrx_word' id='word_1_435' title='bbox 2262 2478 2431 2537; x_wconf 90' lang='lat' dir='ltr'><strong>esset,</strong></span> <span class='ocrx_word' id='word_1_436' title='bbox 2464 2468 2608 2527; x_wconf 86' lang='lat' dir='ltr'><strong>Deus</strong></span> <span class='ocrx_word' id='word_1_437' title='bbox 2638 2486 2734 2541; x_wconf 89' lang='lat' dir='ltr'><strong>per</strong></span> <span class='ocrx_word' id='word_1_438' title='bbox 2763 2468 2963 2529; x_wconf 88' lang='lat' dir='ltr'><strong>Filium</strong></span> <span class='ocrx_word' id='word_1_439' title='bbox 2991 2470 3049 2525; x_wconf 90' lang='lat' dir='ltr'><strong>in</strong></span> <span class='ocrx_word' id='word_1_440' title='bbox 3081 2469 3290 2541; x_wconf 86' lang='lat' dir='ltr'><strong>Spiritu</strong></span> <span class='ocrx_word' id='word_1_441' title='bbox 3316 2470 3374 2524; x_wconf 91' lang='lat' dir='ltr'><strong>in</strong></span> <span class='ocrx_word' id='word_1_442' title='bbox 3408 2468 3605 2525; x_wconf 85' lang='lat' dir='ltr'><strong>iisdem</strong></span> 
     </span>
    </p>
   </div>
   <div class='ocr_carea' id='block_1_54' title="bbox 2026 2569 3315 2615">
    <p class='ocr_par' dir='ltr' id='par_1_54' title="bbox 2026 2569 3315 2615">
     <span class='ocr_line' id='line_1_54' title="bbox 2026 2569 3315 2615; baseline -0.005 0"><span class='ocrx_word' id='word_1_443' title='bbox 2026 2569 2163 2615; x_wconf 76' lang='lat' dir='ltr'><strong>erat.</strong></span> <span class='ocrx_word' id='word_1_444' title='bbox 3312 2582 3315 2585; x_wconf 88' lang='lat'>&#39;</span> 
     </span>
    </p>
   </div>
   <div class='ocr_carea' id='block_1_55' title="bbox 2232 2735 3607 2810">
    <p class='ocr_par' dir='ltr' id='par_1_55' title="bbox 2232 2735 3607 2810">
     <span class='ocr_line' id='line_1_55' title="bbox 2232 2735 3607 2810; baseline -0.001 -17"><span class='ocrx_word' id='word_1_445' title='bbox 2232 2737 2433 2796; x_wconf 83' lang='lat' dir='ltr'><strong>Verum</strong></span> <span class='ocrx_word' id='word_1_446' title='bbox 2463 2738 2577 2792; x_wconf 82' lang='lat' dir='ltr'><strong>haec</strong></span> <span class='ocrx_word' id='word_1_447' title='bbox 2603 2736 2679 2792; x_wconf 90' lang='lat' dir='ltr'><strong>ita</strong></span> <span class='ocrx_word' id='word_1_448' title='bbox 2703 2736 2831 2803; x_wconf 91' lang='lat' dir='ltr'><strong>sint,</strong></span> <span class='ocrx_word' id='word_1_449' title='bbox 2862 2735 3121 2808; x_wconf 85' lang='lat' dir='ltr'><strong>inquiunt</strong></span> <span class='ocrx_word' id='word_1_450' title='bbox 3155 2738 3233 2793; x_wconf 91' lang='lat' dir='ltr'><strong>illi</strong></span> <span class='ocrx_word' id='word_1_451' title='bbox 3267 2754 3281 2791; x_wconf 93' lang='lat'><strong>:</strong></span> <span class='ocrx_word' id='word_1_452' title='bbox 3312 2753 3413 2795; x_wconf 88' lang='lat' dir='ltr'><strong>cur</strong></span> <span class='ocrx_word' id='word_1_453' title='bbox 3436 2739 3607 2810; x_wconf 72' lang='lat' dir='ltr'><strong>igitur</strong></span> 
     </span>
    </p>
   </div>
   <div class='ocr_carea' id='block_1_56' title="bbox 2030 2830 3607 2903">
    <p class='ocr_par' dir='ltr' id='par_1_56' title="bbox 2030 2830 3607 2903">
     <span class='ocr_line' id='line_1_56' title="bbox 2030 2830 3607 2903; baseline 0 -19"><span class='ocrx_word' id='word_1_454' title='bbox 2030 2830 2325 2902; x_wconf 82' lang='lat' dir='ltr'><strong>Apostolus</strong></span> <span class='ocrx_word' id='word_1_455' title='bbox 2360 2840 2483 2901; x_wconf 91' lang='lat' dir='ltr'><strong>post</strong></span> <span class='ocrx_word' id='word_1_456' title='bbox 2509 2831 2814 2897; x_wconf 82' lang='lat' dir='ltr'><strong>Christum,</strong></span> <span class='ocrx_word' id='word_1_457' title='bbox 2846 2846 2958 2887; x_wconf 89' lang='lat' dir='ltr'><strong>non</strong></span> <span class='ocrx_word' id='word_1_458' title='bbox 2989 2832 3252 2903; x_wconf 85' lang='lat' dir='ltr'><strong>Spiritum</strong></span> <span class='ocrx_word' id='word_1_459' title='bbox 3476 2846 3607 2887; x_wconf 88' lang='lat' dir='ltr'><strong>san-</strong></span> 
     </span>
    </p>
   </div>
   <div class='ocr_carea' id='block_1_57' title="bbox 333 2920 1927 3018">
    <p class='ocr_par' dir='ltr' id='par_1_57' title="bbox 333 2922 1927 3018">
     <span class='ocr_line' id='line_1_57' title="bbox 333 2922 1927 3018; baseline -0.008 -28"><span class='ocrx_word' id='word_1_460' title='bbox 333 2934 569 3006; x_wconf 84' lang='grc' dir='ltr'>Πνεῦμα</span> <span class='ocrx_word' id='word_1_461' title='bbox 600 2933 661 2987; x_wconf 87' lang='grc' dir='ltr'><strong>τὸ</strong></span> <span class='ocrx_word' id='word_1_462' title='bbox 694 2933 873 3001; x_wconf 75' lang='grc' dir='ltr'>ἅγιον,</span> <span class='ocrx_word' id='word_1_463' title='bbox 899 2930 1035 2988; x_wconf 80' lang='grc' dir='ltr'>ἀλλὰ</span> <span class='ocrx_word' id='word_1_464' title='bbox 1058 2930 1182 2993; x_wconf 82' lang='grc' dir='ltr'>τοὺς</span> <span class='ocrx_word' id='word_1_465' title='bbox 1212 2927 1502 2989; x_wconf 78' lang='grc' dir='ltr'>ἐκλεκτοὺς</span> <span class='ocrx_word' id='word_1_466' title='bbox 1525 2923 1825 2993; x_wconf 79' lang='grc' dir='ltr'>ἀγγέλους;</span> <span class='ocrx_word' id='word_1_467' title='bbox 1857 2922 1927 3018; x_wconf 71' lang='lat' dir='ltr'>T6</span> 
     </span>
    </p>
   </div>
   <div class='ocr_carea' id='block_1_58' title="bbox 2026 2920 3608 3018">
    <p class='ocr_par' dir='ltr' id='par_1_58' title="bbox 2031 2920 3608 2992">
     <span class='ocr_line' id='line_1_58' title="bbox 2031 2920 3608 2992; baseline -0.001 -14"><span class='ocrx_word' id='word_1_468' title='bbox 2031 2932 2199 2988; x_wconf 89' lang='lat' dir='ltr'><strong>ctum,</strong></span> <span class='ocrx_word' id='word_1_469' title='bbox 2232 2923 2324 2977; x_wconf 91' lang='lat' dir='ltr'><strong>sed</strong></span> <span class='ocrx_word' id='word_1_470' title='bbox 2342 2923 2543 2979; x_wconf 89' lang='lat' dir='ltr'><strong>electos</strong></span> <span class='ocrx_word' id='word_1_471' title='bbox 2556 2923 2777 2991; x_wconf 82' lang='lat' dir='ltr'><strong>angelos</strong></span> <span class='ocrx_word' id='word_1_472' title='bbox 2815 2923 3157 2978; x_wconf 83' lang='lat' dir='ltr'><strong>nominavit?</strong></span> <span class='ocrx_word' id='word_1_473' title='bbox 3180 2921 3347 2992; x_wconf 83' lang='lat' dir='ltr'><strong>Atqui</strong></span> <span class='ocrx_word' id='word_1_474' title='bbox 3370 2920 3510 2977; x_wconf 89' lang='lat' dir='ltr'><strong>idem</strong></span> <span class='ocrx_word' id='word_1_475' title='bbox 3538 2924 3608 2977; x_wconf 85' lang='lat' dir='ltr'><strong>ab</strong></span> 
     </span>
    </p>
   </div>
   <div class='ocr_carea' id='block_1_59' title="bbox 336 3012 1932 3096">
    <p class='ocr_par' dir='ltr' id='par_1_59' title="bbox 336 3012 1932 3096">
     <span class='ocr_line' id='line_1_59' title="bbox 336 3012 1932 3096; baseline -0.011 -12"><span class='ocrx_word' id='word_1_476' title='bbox 336 3029 472 3086; x_wconf 78' lang='grc' dir='ltr'>αὐτὸ</span> <span class='ocrx_word' id='word_1_477' title='bbox 500 3028 547 3081; x_wconf 87' lang='grc' dir='ltr'><strong>δ’</strong></span> <span class='ocrx_word' id='word_1_478' title='bbox 571 3026 637 3080; x_wconf 84' lang='grc' dir='ltr'>ἄν</span> <span class='ocrx_word' id='word_1_479' title='bbox 656 3043 739 3090; x_wconf 86' lang='grc' dir='ltr'><strong>τις</strong></span> <span class='ocrx_word' id='word_1_480' title='bbox 770 3025 968 3088; x_wconf 79' lang='grc' dir='ltr'>αὐτοὺς</span> <span class='ocrx_word' id='word_1_481' title='bbox 1000 3023 1317 3096; x_wconf 70' lang='grc' dir='ltr'>ἐρωτήσειεο</span> <span class='ocrx_word' id='word_1_482' title='bbox 1350 3018 1450 3073; x_wconf 84' lang='grc' dir='ltr'><strong>Διὰ</strong></span> <span class='ocrx_word' id='word_1_483' title='bbox 1474 3018 1528 3070; x_wconf 88' lang='grc' dir='ltr'><strong>τί</strong></span> <span class='ocrx_word' id='word_1_484' title='bbox 1557 3015 1633 3087; x_wconf 85' lang='grc' dir='ltr'><strong>μὴ</strong></span> <span class='ocrx_word' id='word_1_485' title='bbox 1658 3012 1932 3086; x_wconf 83' lang='grc' dir='ltr'>ἀρχαγγέ-</span> 
     </span>
    </p>
   </div>
   <div class='ocr_carea' id='block_1_60' title="bbox 336 3104 1936 3189">
    <p class='ocr_par' dir='ltr' id='par_1_60' title="bbox 336 3104 1936 3189">
     <span class='ocr_line' id='line_1_60' title="bbox 336 3104 1936 3189; baseline -0.011 -15"><span class='ocrx_word' id='word_1_486' title='bbox 336 3119 488 3186; x_wconf 86' lang='grc' dir='ltr'>λους,</span> <span class='ocrx_word' id='word_1_487' title='bbox 509 3116 647 3189; x_wconf 81' lang='grc' dir='ltr'>μηδὲ</span> <span class='ocrx_word' id='word_1_488' title='bbox 797 3112 1084 3186; x_wconf 74' lang='grc' dir='ltr'>χερουϐὶμ,</span> <span class='ocrx_word' id='word_1_489' title='bbox 1121 3111 1255 3183; x_wconf 82' lang='grc' dir='ltr'>μηδὲ</span> <span class='ocrx_word' id='word_1_490' title='bbox 1280 3107 1523 3179; x_wconf 70' lang='grc' dir='ltr'>σεραφὶμ</span> <span class='ocrx_word' id='word_1_491' title='bbox 1542 3145 1556 3169; x_wconf 84' lang='grc'><strong>,</strong></span> <span class='ocrx_word' id='word_1_492' title='bbox 1592 3104 1729 3176; x_wconf 88' lang='grc' dir='ltr'><strong>μηδέ</strong></span> <span class='ocrx_word' id='word_1_493' title='bbox 1750 3104 1936 3175; x_wconf 87' lang='grc' dir='ltr'>κυριό-</span> 
     </span>
    </p>
   </div>
   <div class='ocr_carea' id='block_1_61' title="bbox 338 3196 1934 3285">
    <p class='ocr_par' dir='ltr' id='par_1_61' title="bbox 338 3196 1934 3285">
     <span class='ocr_line' id='line_1_61' title="bbox 338 3196 1934 3285; baseline -0.013 -19"><span class='ocrx_word' id='word_1_494' title='bbox 338 3228 534 3285; x_wconf 84' lang='grc' dir='ltr'>τητας,</span> <span class='ocrx_word' id='word_1_495' title='bbox 564 3207 698 3282; x_wconf 81' lang='grc' dir='ltr'><strong>μηδέ</strong></span> <span class='ocrx_word' id='word_1_496' title='bbox 724 3206 966 3278; x_wconf 86' lang='grc' dir='ltr'>θρόνους,</span> <span class='ocrx_word' id='word_1_497' title='bbox 994 3203 1131 3274; x_wconf 84' lang='grc' dir='ltr'><strong>μηδέ</strong></span> <span class='ocrx_word' id='word_1_498' title='bbox 1158 3200 1348 3272; x_wconf 74' lang='grc' dir='ltr'>ἕτερόν</span> <span class='ocrx_word' id='word_1_499' title='bbox 1381 3216 1457 3265; x_wconf 80' lang='grc' dir='ltr'><strong>τι,</strong></span> <span class='ocrx_word' id='word_1_500' title='bbox 1492 3196 1608 3252; x_wconf 80' lang='grc' dir='ltr'>ἀλλ’</span> <span class='ocrx_word' id='word_1_501' title='bbox 1642 3196 1934 3285; x_wconf 77' lang='grc' dir='ltr'>ἐκλεκτοὺς</span> 
     </span>
    </p>
   </div>
   <div class='ocr_carea' id='block_1_62' title="bbox 347 3282 1933 3377">
    <p class='ocr_par' dir='ltr' id='par_1_62' title="bbox 347 3282 1933 3377">
     <span class='ocr_line' id='line_1_62' title="bbox 347 3282 1933 3377; baseline -0.014 -17"><span class='ocrx_word' id='word_1_502' title='bbox 347 3282 542 3377; x_wconf 85' lang='grc' dir='ltr'>μόνους</span> <span class='ocrx_word' id='word_1_503' title='bbox 566 3300 836 3370; x_wconf 82' lang='grc' dir='ltr'>ἀγγέλους</span> <span class='ocrx_word' id='word_1_504' title='bbox 862 3297 1148 3367; x_wconf 84' lang='grc' dir='ltr'>ὠνόμασεν</span> <span class='ocrx_word' id='word_1_505' title='bbox 1180 3295 1209 3346; x_wconf 94' lang='lat'><strong>6</strong></span> <span class='ocrx_word' id='word_1_506' title='bbox 1237 3290 1484 3357; x_wconf 80' lang='grc' dir='ltr'>Παῦλοςς</span> <span class='ocrx_word' id='word_1_507' title='bbox 1513 3286 1641 3361; x_wconf 65' lang='grc' dir='ltr'><strong>’Ἆρ’</strong></span> <span class='ocrx_word' id='word_1_508' title='bbox 1675 3282 1790 3351; x_wconf 83' lang='grc' dir='ltr'>οὖν,</span> <span class='ocrx_word' id='word_1_509' title='bbox 1809 3286 1933 3339; x_wconf 69' lang='grc' dir='ltr'>ἐπεὶ</span> 
     </span>
    </p>
   </div>
   <div class='ocr_carea' id='block_1_63' title="bbox 351 3380 1925 3471">
    <p class='ocr_par' dir='ltr' id='par_1_63' title="bbox 351 3380 1925 3471">
     <span class='ocr_line' id='line_1_63' title="bbox 351 3380 1925 3471; baseline -0.01 -22"><span class='ocrx_word' id='word_1_510' title='bbox 351 3398 421 3471; x_wconf 83' lang='grc' dir='ltr'><strong>μὴ</strong></span> <span class='ocrx_word' id='word_1_511' title='bbox 452 3396 631 3458; x_wconf 73' lang='grc' dir='ltr'>οὕτως</span> <span class='ocrx_word' id='word_1_512' title='bbox 654 3391 959 3462; x_wconf 87' lang='grc' dir='ltr'>ὠνόμασεν,</span> <span class='ocrx_word' id='word_1_513' title='bbox 976 3390 1041 3441; x_wconf 76' lang='grc' dir='ltr'><strong>ὀἱ</strong></span> <span class='ocrx_word' id='word_1_514' title='bbox 1072 3386 1293 3456; x_wconf 81' lang='grc' dir='ltr'>ἄγγελοι</span> <span class='ocrx_word' id='word_1_515' title='bbox 1320 3380 1650 3456; x_wconf 81' lang='grc' dir='ltr'>ἀρχάγγελοί</span> <span class='ocrx_word' id='word_1_516' title='bbox 1676 3382 1848 3471; x_wconf 78' lang='grc' dir='ltr'>εἰσιν,</span> <span class='ocrx_word' id='word_1_517' title='bbox 1891 3380 1925 3450; x_wconf 79' lang='grc' dir='ltr'>ἢ</span> 
     </span>
    </p>
   </div>
   <div class='ocr_carea' id='block_1_64' title="bbox 358 3469 1924 3560">
    <p class='ocr_par' dir='ltr' id='par_1_64' title="bbox 358 3469 1924 3560">
     <span class='ocr_line' id='line_1_64' title="bbox 358 3469 1924 3560; baseline -0.015 -16"><span class='ocrx_word' id='word_1_518' title='bbox 358 3469 497 3560; x_wconf 80' lang='grc' dir='ltr'>μόνοι</span> <span class='ocrx_word' id='word_1_519' title='bbox 527 3483 748 3554; x_wconf 76' lang='grc' dir='ltr'>ἄγγελοί</span> <span class='ocrx_word' id='word_1_520' title='bbox 789 3483 918 3545; x_wconf 82' lang='grc' dir='ltr'>εισι,</span> <span class='ocrx_word' id='word_1_521' title='bbox 947 3480 1044 3537; x_wconf 74' lang='grc' dir='ltr'><strong>καὶ</strong></span> <span class='ocrx_word' id='word_1_522' title='bbox 1076 3477 1201 3532; x_wconf 77' lang='grc' dir='ltr'>οὔτε</span> <span class='ocrx_word' id='word_1_523' title='bbox 1236 3475 1513 3547; x_wconf 71' lang='grc' dir='ltr'>σεραφὶμ,</span> <span class='ocrx_word' id='word_1_524' title='bbox 1556 3472 1589 3544; x_wconf 79' lang='grc' dir='ltr'>ἢ</span> <span class='ocrx_word' id='word_1_525' title='bbox 1622 3469 1924 3543; x_wconf 71' lang='grc' dir='ltr'>χερουϐὶμ,</span> 
     </span>
    </p>
   </div>
   <div class='ocr_carea' id='block_1_65' title="bbox 368 3562 1928 3649">
    <p class='ocr_par' dir='ltr' id='par_1_65' title="bbox 368 3562 1928 3649">
     <span class='ocr_line' id='line_1_65' title="bbox 368 3562 1928 3649; baseline -0.012 -17"><span class='ocrx_word' id='word_1_526' title='bbox 368 3580 457 3633; x_wconf 73' lang='grc' dir='ltr'><strong>οὒκ</strong></span> <span class='ocrx_word' id='word_1_527' title='bbox 474 3575 821 3649; x_wconf 77' lang='grc' dir='ltr'>ἀρχάγγελοι,</span> <span class='ocrx_word' id='word_1_528' title='bbox 851 3572 973 3628; x_wconf 82' lang='grc' dir='ltr'>οὐδὲ</span> <span class='ocrx_word' id='word_1_529' title='bbox 1000 3569 1341 3642; x_wconf 81' lang='grc' dir='ltr'>κυριότητες,</span> <span class='ocrx_word' id='word_1_530' title='bbox 1372 3567 1433 3619; x_wconf 87' lang='grc' dir='ltr'><strong>οὐ</strong></span> <span class='ocrx_word' id='word_1_531' title='bbox 1458 3564 1659 3636; x_wconf 89' lang='grc' dir='ltr'>θρόνοι,</span> <span class='ocrx_word' id='word_1_532' title='bbox 1696 3563 1797 3643; x_wconf 71' lang='grc' dir='ltr'><strong>οῦκ</strong></span> <span class='ocrx_word' id='word_1_533' title='bbox 1831 3562 1928 3633; x_wconf 87' lang='grc' dir='ltr'><strong>ἀρ-</strong></span> 
     </span>
    </p>
   </div>
   <div class='ocr_carea' id='block_1_66' title="bbox 374 3655 1932 3742">
    <p class='ocr_par' dir='ltr' id='par_1_66' title="bbox 374 3655 1932 3742">
     <span class='ocr_line' id='line_1_66' title="bbox 374 3655 1932 3742; baseline -0.01 -19"><span class='ocrx_word' id='word_1_534' title='bbox 374 3670 477 3742; x_wconf 72' lang='grc' dir='ltr'>χαὶ,</span> <span class='ocrx_word' id='word_1_535' title='bbox 504 3670 588 3739; x_wconf 68' lang='grc' dir='ltr'><strong>οὔχ</strong></span> <span class='ocrx_word' id='word_1_536' title='bbox 627 3666 819 3739; x_wconf 70' lang='grc' dir='ltr'>ἕτερόν</span> <span class='ocrx_word' id='word_1_537' title='bbox 848 3683 900 3719; x_wconf 88' lang='grc' dir='ltr'><strong>τι</strong></span> <span class='ocrx_word' id='word_1_538' title='bbox 928 3664 1110 3731; x_wconf 85' lang='grc' dir='ltr'>ἐστίν;</span> <span class='ocrx_word' id='word_1_539' title='bbox 1148 3660 1311 3719; x_wconf 82' lang='grc' dir='ltr'>Ἀλλὰ</span> <span class='ocrx_word' id='word_1_540' title='bbox 1335 3657 1494 3714; x_wconf 87' lang='grc' dir='ltr'>τοῦτό</span> <span class='ocrx_word' id='word_1_541' title='bbox 1518 3658 1667 3710; x_wconf 88' lang='grc' dir='ltr'>ἐστιν</span> <span class='ocrx_word' id='word_1_542' title='bbox 1686 3655 1932 3723; x_wconf 84' lang='grc' dir='ltr'>ἀνάγκην</span> 
     </span>
    </p>
   </div>
   <div class='ocr_carea' id='block_1_67' title="bbox 363 3747 1932 3831">
    <p class='ocr_par' dir='ltr' id='par_1_67' title="bbox 363 3747 1932 3831">
     <span class='ocr_line' id='line_1_67' title="bbox 363 3747 1932 3831; baseline -0.009 -17"><span class='ocrx_word' id='word_1_543' title='bbox 363 3761 460 3831; x_wconf 81' lang='grc' dir='ltr'><strong>μὲν</strong></span> <span class='ocrx_word' id='word_1_544' title='bbox 481 3759 788 3815; x_wconf 71' lang='grc' dir='ltr'>ἐπιθὰλλειν</span> <span class='ocrx_word' id='word_1_545' title='bbox 808 3756 887 3829; x_wconf 81' lang='grc' dir='ltr'><strong>τῷ</strong></span> <span class='ocrx_word' id='word_1_546' title='bbox 927 3754 1257 3824; x_wconf 82' lang='grc' dir='ltr'>Ἀποστόλῳ,</span> <span class='ocrx_word' id='word_1_547' title='bbox 1287 3751 1375 3807; x_wconf 76' lang='grc' dir='ltr'><strong>διὰ</strong></span> <span class='ocrx_word' id='word_1_548' title='bbox 1411 3750 1462 3804; x_wconf 87' lang='grc' dir='ltr'><strong>τί</strong></span> <span class='ocrx_word' id='word_1_549' title='bbox 1497 3750 1573 3821; x_wconf 81' lang='grc' dir='ltr'>μὴ</span> <span class='ocrx_word' id='word_1_550' title='bbox 1597 3748 1788 3811; x_wconf 70' lang='grc' dir='ltr'>οὕτως,</span> <span class='ocrx_word' id='word_1_551' title='bbox 1817 3747 1932 3801; x_wconf 81' lang='grc' dir='ltr'>ἀλλ’</span> 
     </span>
    </p>
   </div>
   <div class='ocr_carea' id='block_1_68' title="bbox 354 3839 1935 3923">
    <p class='ocr_par' dir='ltr' id='par_1_68' title="bbox 354 3839 1935 3923">
     <span class='ocr_line' id='line_1_68' title="bbox 354 3839 1935 3923; baseline -0.009 -17"><span class='ocrx_word' id='word_1_552' title='bbox 354 3853 519 3917; x_wconf 79' lang='grc' dir='ltr'>οὕτως</span> <span class='ocrx_word' id='word_1_553' title='bbox 545 3852 802 3923; x_wconf 74' lang='grc' dir='ltr'>ἔγραψεν,</span> <span class='ocrx_word' id='word_1_554' title='bbox 838 3850 1052 3918; x_wconf 85' lang='grc' dir='ltr'>ἀγνοεῖν</span> <span class='ocrx_word' id='word_1_555' title='bbox 1078 3846 1137 3899; x_wconf 85' lang='grc' dir='ltr'>δὲ</span> <span class='ocrx_word' id='word_1_556' title='bbox 1162 3844 1259 3910; x_wconf 82' lang='grc' dir='ltr'>τὰς</span> <span class='ocrx_word' id='word_1_557' title='bbox 1289 3843 1435 3906; x_wconf 80' lang='grc' dir='ltr'>θείας</span> <span class='ocrx_word' id='word_1_558' title='bbox 1456 3841 1700 3912; x_wconf 80' lang='grc' dir='ltr'>Γραφὰς,</span> <span class='ocrx_word' id='word_1_559' title='bbox 1729 3840 1824 3892; x_wconf 77' lang='grc' dir='ltr'><strong>καὶ</strong></span> <span class='ocrx_word' id='word_1_560' title='bbox 1848 3839 1935 3892; x_wconf 78' lang='grc' dir='ltr'><strong>διὰ</strong></span> 
     </span>
    </p>
   </div>
   <div class='ocr_carea' id='block_1_69' title="bbox 349 3928 1933 4007">
    <p class='ocr_par' dir='ltr' id='par_1_69' title="bbox 349 3928 1933 4007">
     <span class='ocr_line' id='line_1_69' title="bbox 349 3928 1933 4007; baseline -0.009 -11"><span class='ocrx_word' id='word_1_561' title='bbox 349 3941 506 3996; x_wconf 77' lang='grc' dir='ltr'>τοῦτο</span> <span class='ocrx_word' id='word_1_562' title='bbox 536 3939 840 3994; x_wconf 80' lang='grc' dir='ltr'>πλανᾶσθαι</span> <span class='ocrx_word' id='word_1_563' title='bbox 868 3938 997 4007; x_wconf 81' lang='grc' dir='ltr'>περὶ</span> <span class='ocrx_word' id='word_1_564' title='bbox 1174 3935 1272 4006; x_wconf 79' lang='grc' dir='ltr'>τὴν</span> <span class='ocrx_word' id='word_1_565' title='bbox 1314 3932 1593 4003; x_wconf 86' lang='grc' dir='ltr'>ἀλήθειαν.</span> <span class='ocrx_word' id='word_1_566' title='bbox 1652 3931 1783 3984; x_wconf 81' lang='grc' dir='ltr'>Ἰδοὺ</span> <span class='ocrx_word' id='word_1_567' title='bbox 1824 3928 1933 4001; x_wconf 82' lang='grc' dir='ltr'>γὰρ</span> 
     </span>
    </p>
   </div>
   <div class='ocr_carea' id='block_1_70' title="bbox 2032 3014 3605 3084">
    <p class='ocr_par' dir='ltr' id='par_1_70' title="bbox 2032 3014 3605 3084">
     <span class='ocr_line' id='line_1_70' title="bbox 2032 3014 3605 3084; baseline -0.001 -11"><span class='ocrx_word' id='word_1_568' title='bbox 2032 3015 2140 3073; x_wconf 78' lang='lat' dir='ltr'><strong>illis</strong></span> <span class='ocrx_word' id='word_1_569' title='bbox 2159 3014 2353 3069; x_wconf 90' lang='lat' dir='ltr'><strong>merito</strong></span> <span class='ocrx_word' id='word_1_570' title='bbox 2382 3015 2506 3084; x_wconf 90' lang='lat' dir='ltr'><strong>quis</strong></span> <span class='ocrx_word' id='word_1_571' title='bbox 2531 3016 2839 3072; x_wconf 80' lang='lat' dir='ltr'><strong>sciscitetur</strong></span> <span class='ocrx_word' id='word_1_572' title='bbox 2864 3032 2878 3070; x_wconf 93' lang='lat'><strong>:</strong></span> <span class='ocrx_word' id='word_1_573' title='bbox 2898 3014 3078 3082; x_wconf 83' lang='lat' dir='ltr'><strong>Quare</strong></span> <span class='ocrx_word' id='word_1_574' title='bbox 3095 3031 3203 3070; x_wconf 91' lang='lat' dir='ltr'><strong>non</strong></span> <span class='ocrx_word' id='word_1_575' title='bbox 3224 3015 3605 3084; x_wconf 82' lang='lat' dir='ltr'><strong>archangelos,</strong></span> 
     </span>
    </p>
   </div>
   <div class='ocr_carea' id='block_1_71' title="bbox 2029 3106 3610 3177">
    <p class='ocr_par' dir='ltr' id='par_1_71' title="bbox 2029 3106 3610 3177">
     <span class='ocr_line' id='line_1_71' title="bbox 2029 3106 3610 3177; baseline -0.002 -15"><span class='ocrx_word' id='word_1_576' title='bbox 2029 3121 2205 3177; x_wconf 89' lang='lat' dir='ltr'><strong>neque</strong></span> <span class='ocrx_word' id='word_1_577' title='bbox 2221 3106 2526 3173; x_wconf 90' lang='lat' dir='ltr'><strong>cherubim,</strong></span> <span class='ocrx_word' id='word_1_578' title='bbox 2547 3123 2725 3177; x_wconf 89' lang='lat' dir='ltr'><strong>neque</strong></span> <span class='ocrx_word' id='word_1_579' title='bbox 2750 3107 3032 3176; x_wconf 87' lang='lat' dir='ltr'><strong>seraphin,</strong></span> <span class='ocrx_word' id='word_1_580' title='bbox 3065 3123 3240 3176; x_wconf 89' lang='lat' dir='ltr'><strong>neque</strong></span> <span class='ocrx_word' id='word_1_581' title='bbox 3280 3107 3610 3163; x_wconf 84' lang='lat' dir='ltr'><strong>dominatio-</strong></span> 
     </span>
    </p>
   </div>
   <div class='ocr_carea' id='block_1_72' title="bbox 2029 3197 3606 3269">
    <p class='ocr_par' dir='ltr' id='par_1_72' title="bbox 2029 3197 3606 3269">
     <span class='ocr_line' id='line_1_72' title="bbox 2029 3197 3606 3269; baseline 0.001 -17"><span class='ocrx_word' id='word_1_582' title='bbox 2029 3213 2145 3263; x_wconf 89' lang='lat' dir='ltr'><strong>nes,</strong></span> <span class='ocrx_word' id='word_1_583' title='bbox 2168 3213 2343 3268; x_wconf 91' lang='lat' dir='ltr'><strong>neque</strong></span> <span class='ocrx_word' id='word_1_584' title='bbox 2379 3198 2628 3267; x_wconf 88' lang='lat' dir='ltr'><strong>thronos,</strong></span> <span class='ocrx_word' id='word_1_585' title='bbox 2662 3214 2839 3269; x_wconf 84' lang='lat' dir='ltr'><strong>neque</strong></span> <span class='ocrx_word' id='word_1_586' title='bbox 2870 3199 3001 3269; x_wconf 91' lang='lat' dir='ltr'><strong>quid</strong></span> <span class='ocrx_word' id='word_1_587' title='bbox 3023 3199 3193 3263; x_wconf 85' lang='lat' dir='ltr'><strong>aliud,</strong></span> <span class='ocrx_word' id='word_1_588' title='bbox 3220 3199 3312 3254; x_wconf 90' lang='lat' dir='ltr'><strong>sed</strong></span> <span class='ocrx_word' id='word_1_589' title='bbox 3332 3199 3480 3253; x_wconf 84' lang='lat' dir='ltr'><strong>solos</strong></span> <span class='ocrx_word' id='word_1_590' title='bbox 3495 3197 3606 3253; x_wconf 89' lang='lat' dir='ltr'><strong>ele—</strong></span> 
     </span>
    </p>
   </div>
   <div class='ocr_carea' id='block_1_73' title="bbox 2029 3289 3607 3362">
    <p class='ocr_par' dir='ltr' id='par_1_73' title="bbox 2029 3289 3607 3362">
     <span class='ocr_line' id='line_1_73' title="bbox 2029 3289 3607 3362; baseline -0.003 -17"><span class='ocrx_word' id='word_1_591' title='bbox 2029 3298 2151 3349; x_wconf 89' lang='lat' dir='ltr'><strong>ctos</strong></span> <span class='ocrx_word' id='word_1_592' title='bbox 2170 3290 2388 3359; x_wconf 82' lang='lat' dir='ltr'><strong>angelos</strong></span> <span class='ocrx_word' id='word_1_593' title='bbox 2414 3289 2616 3347; x_wconf 88' lang='lat' dir='ltr'><strong>Paulus</strong></span> <span class='ocrx_word' id='word_1_594' title='bbox 2640 3293 2982 3348; x_wconf 85' lang='lat' dir='ltr'><strong>nominavit?</strong></span> <span class='ocrx_word' id='word_1_595' title='bbox 3001 3291 3142 3347; x_wconf 82' lang='lat' dir='ltr'><strong>Num</strong></span> <span class='ocrx_word' id='word_1_596' title='bbox 3170 3305 3322 3362; x_wconf 77' lang='lat' dir='ltr'><strong>ergo,</strong></span> <span class='ocrx_word' id='word_1_597' title='bbox 3347 3291 3475 3360; x_wconf 88' lang='lat' dir='ltr'><strong>quia</strong></span> <span class='ocrx_word' id='word_1_598' title='bbox 3499 3305 3607 3343; x_wconf 91' lang='lat' dir='ltr'><strong>non</strong></span> 
     </span>
    </p>
   </div>
   <div class='ocr_carea' id='block_1_74' title="bbox 2030 3381 3611 3457">
    <p class='ocr_par' dir='ltr' id='par_1_74' title="bbox 2030 3381 3611 3457">
     <span class='ocr_line' id='line_1_74' title="bbox 2030 3381 3611 3457; baseline 0.001 -21"><span class='ocrx_word' id='word_1_599' title='bbox 2030 3383 2106 3437; x_wconf 87' lang='lat' dir='ltr'><strong>ita</strong></span> <span class='ocrx_word' id='word_1_600' title='bbox 2124 3384 2448 3451; x_wconf 89' lang='lat' dir='ltr'><strong>nominavit,</strong></span> <span class='ocrx_word' id='word_1_601' title='bbox 2467 3383 2642 3456; x_wconf 84' lang='lat' dir='ltr'><strong>angeli</strong></span> <span class='ocrx_word' id='word_1_602' title='bbox 2670 3394 2799 3439; x_wconf 90' lang='lat' dir='ltr'><strong>sunt</strong></span> <span class='ocrx_word' id='word_1_603' title='bbox 2819 3385 3273 3457; x_wconf 59' lang='lat' dir='ltr'><strong>archangeli,faut</strong></span> <span class='ocrx_word' id='word_1_604' title='bbox 3297 3384 3397 3439; x_wconf 76' lang='lat' dir='ltr'><strong>soli</strong></span> <span class='ocrx_word' id='word_1_605' title='bbox 3430 3381 3611 3453; x_wconf 85' lang='lat' dir='ltr'><strong>angeli</strong></span> 
     </span>
    </p>
   </div>
   <div class='ocr_carea' id='block_1_75' title="bbox 2030 3476 3608 3547">
    <p class='ocr_par' dir='ltr' id='par_1_75' title="bbox 2030 3476 3608 3547">
     <span class='ocr_line' id='line_1_75' title="bbox 2030 3476 3608 3547; baseline -0.001 -18"><span class='ocrx_word' id='word_1_606' title='bbox 2030 3476 2601 3546; x_wconf 84' lang='lat' dir='ltr'><strong>exsistunt,nul|iquc</strong></span> <span class='ocrx_word' id='word_1_607' title='bbox 2633 3487 2761 3532; x_wconf 90' lang='lat' dir='ltr'><strong>sunt</strong></span> <span class='ocrx_word' id='word_1_608' title='bbox 2819 3478 3094 3547; x_wconf 88' lang='lat' dir='ltr'><strong>seraphim</strong></span> <span class='ocrx_word' id='word_1_609' title='bbox 3151 3484 3248 3533; x_wconf 87' lang='lat' dir='ltr'><strong>aut</strong></span> <span class='ocrx_word' id='word_1_610' title='bbox 3301 3476 3608 3541; x_wconf 82' lang='lat' dir='ltr'><strong>cherubim,</strong></span> 
     </span>
    </p>
   </div>
   <div class='ocr_carea' id='block_1_76' title="bbox 2033 3566 3612 3638">
    <p class='ocr_par' dir='ltr' id='par_1_76' title="bbox 2033 3566 3612 3638">
     <span class='ocr_line' id='line_1_76' title="bbox 2033 3566 3612 3638; baseline -0.003 -15"><span class='ocrx_word' id='word_1_611' title='bbox 2033 3567 2169 3623; x_wconf 84' lang='lat' dir='ltr'><strong>nulli</strong></span> <span class='ocrx_word' id='word_1_612' title='bbox 2214 3567 2528 3638; x_wconf 80' lang='lat' dir='ltr'><strong>archangeli</strong></span> <span class='ocrx_word' id='word_1_613' title='bbox 2574 3576 2630 3624; x_wconf 89' lang='lat' dir='ltr'><strong>et</strong></span> <span class='ocrx_word' id='word_1_614' title='bbox 2676 3568 3104 3633; x_wconf 85' lang='lat' dir='ltr'><strong>dominationes,</strong></span> <span class='ocrx_word' id='word_1_615' title='bbox 3142 3568 3275 3621; x_wconf 91' lang='lat' dir='ltr'><strong>nulli</strong></span> <span class='ocrx_word' id='word_1_616' title='bbox 3322 3566 3505 3621; x_wconf 82' lang='lat' dir='ltr'><strong>thron‘i</strong></span> <span class='ocrx_word' id='word_1_617' title='bbox 3557 3573 3612 3619; x_wconf 87' lang='lat' dir='ltr'><strong>et</strong></span> 
     </span>
    </p>
   </div>
   <div class='ocr_carea' id='block_1_77' title="bbox 2033 3654 3608 3727">
    <p class='ocr_par' dir='ltr' id='par_1_77' title="bbox 2033 3654 3608 3727">
     <span class='ocr_line' id='line_1_77' title="bbox 2033 3654 3608 3727; baseline 0 -17"><span class='ocrx_word' id='word_1_618' title='bbox 2033 3657 2399 3727; x_wconf 83' lang='lat' dir='ltr'><strong>principatus,</strong></span> <span class='ocrx_word' id='word_1_619' title='bbox 2440 3657 2580 3713; x_wconf 84' lang='lat' dir='ltr'><strong>nihil</strong></span> <span class='ocrx_word' id='word_1_620' title='bbox 2627 3657 2866 3725; x_wconf 85' lang='lat' dir='ltr'><strong>denique</strong></span> <span class='ocrx_word' id='word_1_621' title='bbox 2914 3659 3062 3713; x_wconf 87' lang='lat' dir='ltr'><strong>aliud</strong></span> <span class='ocrx_word' id='word_1_622' title='bbox 3113 3656 3365 3712; x_wconf 77' lang='lat' dir='ltr'><strong>exsistit?</strong></span> <span class='ocrx_word' id='word_1_623' title='bbox 3406 3654 3608 3710; x_wconf 82' lang='lat' dir='ltr'><strong>Verum</strong></span> 
     </span>
    </p>
   </div>
   <div class='ocr_carea' id='block_1_78' title="bbox 2033 3746 3612 3816">
    <p class='ocr_par' dir='ltr' id='par_1_78' title="bbox 2033 3746 3612 3816">
     <span class='ocr_line' id='line_1_78' title="bbox 2033 3746 3612 3816; baseline -0.003 -13"><span class='ocrx_word' id='word_1_624' title='bbox 2033 3746 2087 3803; x_wconf 89' lang='lat' dir='ltr'><strong>id</strong></span> <span class='ocrx_word' id='word_1_625' title='bbox 2122 3747 2397 3816; x_wconf 89' lang='lat' dir='ltr'><strong>inquirere</strong></span> <span class='ocrx_word' id='word_1_626' title='bbox 2427 3747 2562 3801; x_wconf 91' lang='lat' dir='ltr'><strong>nihil</strong></span> <span class='ocrx_word' id='word_1_627' title='bbox 2598 3747 2747 3805; x_wconf 87' lang='lat' dir='ltr'><strong>aliud</strong></span> <span class='ocrx_word' id='word_1_628' title='bbox 2789 3758 2890 3811; x_wconf 88' lang='lat' dir='ltr'><strong>est,</strong></span> <span class='ocrx_word' id='word_1_629' title='bbox 2918 3763 3082 3816; x_wconf 88' lang='lat' dir='ltr'><strong>quam</strong></span> <span class='ocrx_word' id='word_1_630' title='bbox 3138 3747 3394 3814; x_wconf 78' lang='lat' dir='ltr'><strong>Apostolo</strong></span> <span class='ocrx_word' id='word_1_631' title='bbox 3421 3760 3612 3800; x_wconf 85' lang='lat' dir='ltr'><strong>neces-</strong></span> 
     </span>
    </p>
   </div>
   <div class='ocr_carea' id='block_1_79' title="bbox 2034 3838 3609 3908">
    <p class='ocr_par' dir='ltr' id='par_1_79' title="bbox 2034 3838 3609 3908">
     <span class='ocr_line' id='line_1_79' title="bbox 2034 3838 3609 3908; baseline 0 -14"><span class='ocrx_word' id='word_1_632' title='bbox 2034 3839 2248 3897; x_wconf 89' lang='lat' dir='ltr'><strong>sitatem</strong></span> <span class='ocrx_word' id='word_1_633' title='bbox 2282 3838 2388 3892; x_wconf 90' lang='lat' dir='ltr'><strong>hoc</strong></span> <span class='ocrx_word' id='word_1_634' title='bbox 2429 3839 2514 3891; x_wconf 90' lang='lat' dir='ltr'><strong>vel</strong></span> <span class='ocrx_word' id='word_1_635' title='bbox 2542 3838 2636 3892; x_wconf 89' lang='lat' dir='ltr'><strong>illo</strong></span> <span class='ocrx_word' id='word_1_636' title='bbox 2663 3840 2823 3893; x_wconf 89' lang='lat' dir='ltr'><strong>modo</strong></span> <span class='ocrx_word' id='word_1_637' title='bbox 2855 3838 3127 3895; x_wconf 85' lang='lat' dir='ltr'><strong>scribendi</strong></span> <span class='ocrx_word' id='word_1_638' title='bbox 3181 3839 3482 3908; x_wconf 86' lang='lat' dir='ltr'><strong>imponere,</strong></span> <span class='ocrx_word' id='word_1_639' title='bbox 3508 3852 3609 3894; x_wconf 86' lang='lat' dir='ltr'><strong>nec</strong></span> 
     </span>
    </p>
   </div>
   <div class='ocr_carea' id='block_1_80' title="bbox 2034 3932 3611 4003">
    <p class='ocr_par' dir='ltr' id='par_1_80' title="bbox 2034 3932 3611 4003">
     <span class='ocr_line' id='line_1_80' title="bbox 2034 3932 3611 4003; baseline -0.002 -16"><span class='ocrx_word' id='word_1_640' title='bbox 2034 3948 2144 3987; x_wconf 87' lang='lat' dir='ltr'><strong>non</strong></span> <span class='ocrx_word' id='word_1_641' title='bbox 2179 3932 2391 3991; x_wconf 89' lang='lat' dir='ltr'><strong>divinas</strong></span> <span class='ocrx_word' id='word_1_642' title='bbox 2421 3932 2733 4003; x_wconf 85' lang='lat' dir='ltr'><strong>Scripturas</strong></span> <span class='ocrx_word' id='word_1_643' title='bbox 2776 3933 3046 4002; x_wconf 81' lang='lat' dir='ltr'><strong>ignorare,</strong></span> <span class='ocrx_word' id='word_1_644' title='bbox 3082 3948 3145 3986; x_wconf 83' lang='lat' dir='ltr'><strong>ac</strong></span> <span class='ocrx_word' id='word_1_645' title='bbox 3194 3932 3424 4001; x_wconf 89' lang='lat' dir='ltr'><strong>proinde</strong></span> <span class='ocrx_word' id='word_1_646' title='bbox 3451 3948 3481 3985; x_wconf 89' lang='lat' dir='ltr'><strong>a</strong></span> <span class='ocrx_word' id='word_1_647' title='bbox 3525 3947 3611 3984; x_wconf 75' lang='lat' dir='ltr'><strong>ve—</strong></span> 
     </span>
    </p>
   </div>
   <div class='ocr_carea' id='block_1_81' title="bbox 347 4018 1936 4103">
    <p class='ocr_par' dir='ltr' id='par_1_81' title="bbox 347 4018 1936 4103">
     <span class='ocr_line' id='line_1_81' title="bbox 347 4018 1936 4103; baseline -0.01 -17"><span class='ocrx_word' id='word_1_648' title='bbox 347 4032 501 4103; x_wconf 78' lang='grc' dir='ltr'>παρὰ</span> <span class='ocrx_word' id='word_1_649' title='bbox 525 4030 623 4101; x_wconf 82' lang='grc' dir='ltr'>μὲν</span> <span class='ocrx_word' id='word_1_650' title='bbox 645 4028 722 4101; x_wconf 86' lang='grc' dir='ltr'><strong>τῷ</strong></span> <span class='ocrx_word' id='word_1_651' title='bbox 746 4029 946 4097; x_wconf 66' lang='grc' dir='ltr'>Ἡσαΐᾳ</span> <span class='ocrx_word' id='word_1_652' title='bbox 969 4025 1279 4097; x_wconf 85' lang='grc' dir='ltr'>γέγραπται</span> <span class='ocrx_word' id='word_1_653' title='bbox 1297 4040 1312 4055; x_wconf 78' lang='grc' dir='ltr'><strong>ο</strong></span> <span class='ocrx_word' id='word_1_654' title='bbox 1342 4043 1361 4074; x_wconf 77' lang='grc' dir='ltr'><strong>ι</strong></span> <span class='ocrx_word' id='word_1_655' title='bbox 1388 4019 1776 4094; x_wconf 86' lang='grc' dir='ltr'>Προσαγὰγετε</span> <span class='ocrx_word' id='word_1_656' title='bbox 1799 4018 1936 4091; x_wconf 90' lang='grc' dir='ltr'>πρὸς</span> 
     </span>
    </p>
   </div>
   <div class='ocr_carea' id='block_1_82' title="bbox 346 4112 1927 4196">
    <p class='ocr_par' dir='ltr' id='par_1_82' title="bbox 346 4113 1927 4196">
     <span class='ocr_line' id='line_1_82' title="bbox 346 4113 1927 4196; baseline -0.005 -20"><span class='ocrx_word' id='word_1_657' title='bbox 346 4122 559 4196; x_wconf 73' lang='grc' dir='ltr'>μέ,καὶ</span> <span class='ocrx_word' id='word_1_658' title='bbox 584 4122 851 4178; x_wconf 83' lang='grc' dir='ltr'>ἀκούσατε</span> <span class='ocrx_word' id='word_1_659' title='bbox 887 4118 1088 4172; x_wconf 87' lang='grc' dir='ltr'>ταῦτα·</span> <span class='ocrx_word' id='word_1_660' title='bbox 1137 4119 1252 4173; x_wconf 77' lang='grc' dir='ltr'>Οὐκ</span> <span class='ocrx_word' id='word_1_661' title='bbox 1290 4118 1385 4172; x_wconf 87' lang='grc' dir='ltr'><strong>ἀπ’</strong></span> <span class='ocrx_word' id='word_1_662' title='bbox 1433 4113 1609 4186; x_wconf 78' lang='grc' dir='ltr'>ἀρχῆς</span> <span class='ocrx_word' id='word_1_663' title='bbox 1648 4115 1705 4167; x_wconf 83' lang='grc' dir='ltr'><strong>ἐν</strong></span> <span class='ocrx_word' id='word_1_664' title='bbox 1750 4113 1927 4183; x_wconf 79' lang='grc' dir='ltr'>κρυφῇ</span> 
     </span>
    </p>
   </div>
   <div class='ocr_carea' id='block_1_83' title="bbox 2026 4112 3610 4196">
    <p class='ocr_par' dir='ltr' id='par_1_83' title="bbox 2036 4112 3610 4182">
     <span class='ocr_line' id='line_1_83' title="bbox 2036 4112 3610 4182; baseline -0.002 -13"><span class='ocrx_word' id='word_1_665' title='bbox 2036 4114 2266 4182; x_wconf 80' lang='lat' dir='ltr'><strong>legimus</strong></span> <span class='ocrx_word' id='word_1_666' title='bbox 2298 4130 2310 4165; x_wconf 91' lang='lat'>:</span> <span class='ocrx_word' id='word_1_667' title='bbox 2344 4133 2360 4165; x_wconf 79' lang='grc' dir='ltr'><strong>ι</strong></span> <span class='ocrx_word' id='word_1_668' title='bbox 2403 4113 2655 4167; x_wconf 83' lang='lat' dir='ltr'><strong>Accedite</strong></span> <span class='ocrx_word' id='word_1_669' title='bbox 2680 4114 2746 4168; x_wconf 92' lang='lat' dir='ltr'><strong>ad</strong></span> <span class='ocrx_word' id='word_1_670' title='bbox 2786 4129 2872 4169; x_wconf 91' lang='lat' dir='ltr'><strong>me</strong></span> <span class='ocrx_word' id='word_1_671' title='bbox 2904 4122 2957 4166; x_wconf 91' lang='lat' dir='ltr'><strong>et</strong></span> <span class='ocrx_word' id='word_1_672' title='bbox 2987 4112 3171 4167; x_wconf 82' lang='lat' dir='ltr'><strong>audite</strong></span> <span class='ocrx_word' id='word_1_673' title='bbox 3201 4115 3356 4168; x_wconf 72' lang='lat' dir='ltr'><strong>haec:</strong></span> <span class='ocrx_word' id='word_1_674' title='bbox 3388 4112 3504 4166; x_wconf 88' lang='lat' dir='ltr'><strong>Non</strong></span> <span class='ocrx_word' id='word_1_675' title='bbox 3540 4113 3610 4166; x_wconf 84' lang='lat' dir='ltr'><strong>ab</strong></span> 
     </span>
    </p>
   </div>
   <div class='ocr_carea' id='block_1_84' title="bbox 345 4194 1927 4289">
    <p class='ocr_par' dir='ltr' id='par_1_84' title="bbox 345 4194 1927 4289">
     <span class='ocr_line' id='line_1_84' title="bbox 345 4194 1927 4289; baseline -0.012 -15"><span class='ocrx_word' id='word_1_676' title='bbox 345 4194 655 4289; x_wconf 65' lang='grc' dir='ltr'>λελάληκα·</span> <span class='ocrx_word' id='word_1_677' title='bbox 696 4218 858 4289; x_wconf 74' lang='grc' dir='ltr'>ἡνίκα</span> <span class='ocrx_word' id='word_1_678' title='bbox 883 4214 1119 4284; x_wconf 87' lang='grc' dir='ltr'>ἐγένετο,</span> <span class='ocrx_word' id='word_1_679' title='bbox 1140 4213 1257 4265; x_wconf 81' lang='grc' dir='ltr'>ἐκεῖ</span> <span class='ocrx_word' id='word_1_680' title='bbox 1286 4211 1460 4282; x_wconf 76' lang='grc' dir='ltr'>ἤμην’</span> <span class='ocrx_word' id='word_1_681' title='bbox 1496 4208 1591 4261; x_wconf 76' lang='grc' dir='ltr'>καὶ</span> <span class='ocrx_word' id='word_1_682' title='bbox 1618 4204 1713 4260; x_wconf 91' lang='grc' dir='ltr'><strong>νῦν</strong></span> <span class='ocrx_word' id='word_1_683' title='bbox 1738 4202 1927 4275; x_wconf 70' lang='grc' dir='ltr'>Κύριος</span> 
     </span>
    </p>
   </div>
   <div class='ocr_carea' id='block_1_85' title="bbox 2026 4194 3608 4289">
    <p class='ocr_par' dir='ltr' id='par_1_85' title="bbox 2029 4194 3608 4266">
     <span class='ocr_line' id='line_1_85' title="bbox 2029 4194 3608 4266; baseline -0.009 -6"><span class='ocrx_word' id='word_1_684' title='bbox 2029 4204 2188 4265; x_wconf 83' lang='lat' dir='ltr'><strong>initio</strong></span> <span class='ocrx_word' id='word_1_685' title='bbox 2218 4207 2271 4260; x_wconf 92' lang='lat' dir='ltr'><strong>in</strong></span> <span class='ocrx_word' id='word_1_686' title='bbox 2327 4203 2650 4260; x_wconf 83' lang='lat' dir='ltr'><strong>abscondito</strong></span> <span class='ocrx_word' id='word_1_687' title='bbox 2699 4204 2915 4257; x_wconf 87' lang='lat' dir='ltr'><strong>loeutus</strong></span> <span class='ocrx_word' id='word_1_688' title='bbox 2957 4216 3112 4266; x_wconf 85' lang='lat' dir='ltr'><strong>sum;</strong></span> <span class='ocrx_word' id='word_1_689' title='bbox 3148 4214 3270 4253; x_wconf 91' lang='lat' dir='ltr'><strong>cum</strong></span> <span class='ocrx_word' id='word_1_690' title='bbox 3321 4197 3494 4260; x_wconf 87' lang='lat' dir='ltr'><strong>tieret,</strong></span> <span class='ocrx_word' id='word_1_691' title='bbox 3534 4194 3608 4247; x_wconf 87' lang='lat' dir='ltr'><strong>ibi</strong></span> 
     </span>
    </p>
   </div>
   <div class='ocr_carea' id='block_1_86' title="bbox 346 4286 1927 4379">
    <p class='ocr_par' dir='ltr' id='par_1_86' title="bbox 346 4286 1927 4379">
     <span class='ocr_line' id='line_1_86' title="bbox 346 4286 1927 4379; baseline -0.012 -14"><span class='ocrx_word' id='word_1_692' title='bbox 346 4286 667 4366; x_wconf 76' lang='grc' dir='ltr'>ἀπέσταλκέ</span> <span class='ocrx_word' id='word_1_693' title='bbox 702 4286 791 4379; x_wconf 85' lang='grc' dir='ltr'><strong>με,</strong></span> <span class='ocrx_word' id='word_1_694' title='bbox 826 4308 920 4361; x_wconf 80' lang='grc' dir='ltr'><strong>καὶ</strong></span> <span class='ocrx_word' id='word_1_695' title='bbox 953 4306 1014 4359; x_wconf 84' lang='grc' dir='ltr'><strong>τὸ</strong></span> <span class='ocrx_word' id='word_1_696' title='bbox 1047 4304 1272 4374; x_wconf 88' lang='grc' dir='ltr'>Πνεῦμα</span> <span class='ocrx_word' id='word_1_697' title='bbox 1301 4299 1493 4354; x_wconf 81' lang='grc' dir='ltr'>αὑτοῦ·</span> <span class='ocrx_word' id='word_1_698' title='bbox 1544 4317 1562 4350; x_wconf 75' lang='grc' dir='ltr'><strong>ι</strong></span> <span class='ocrx_word' id='word_1_699' title='bbox 1600 4296 1753 4368; x_wconf 81' lang='grc' dir='ltr'>παρὰ</span> <span class='ocrx_word' id='word_1_700' title='bbox 1774 4295 1831 4349; x_wconf 83' lang='grc' dir='ltr'><strong>δὲ</strong></span> <span class='ocrx_word' id='word_1_701' title='bbox 1868 4292 1927 4365; x_wconf 69' lang='grc' dir='ltr'>τῆ</span> 
     </span>
    </p>
   </div>
   <div class='ocr_carea' id='block_1_87' title="bbox 2026 4286 3612 4379">
    <p class='ocr_par' dir='ltr' id='par_1_87' title="bbox 2030 4286 3612 4356">
     <span class='ocr_line' id='line_1_87' title="bbox 2030 4286 3612 4356; baseline -0.008 -1"><span class='ocrx_word' id='word_1_702' title='bbox 2030 4314 2179 4356; x_wconf 88' lang='lat' dir='ltr'><strong>eram</strong></span> <span class='ocrx_word' id='word_1_703' title='bbox 2216 4317 2230 4352; x_wconf 91' lang='lat'><strong>:</strong></span> <span class='ocrx_word' id='word_1_704' title='bbox 2264 4307 2318 4353; x_wconf 87' lang='lat' dir='ltr'><strong>ct</strong></span> <span class='ocrx_word' id='word_1_705' title='bbox 2368 4312 2513 4351; x_wconf 92' lang='lat' dir='ltr'><strong>nunc</strong></span> <span class='ocrx_word' id='word_1_706' title='bbox 2564 4295 2829 4350; x_wconf 90' lang='lat' dir='ltr'><strong>Dominus</strong></span> <span class='ocrx_word' id='word_1_707' title='bbox 2902 4293 3051 4349; x_wconf 90' lang='lat' dir='ltr'><strong>misit</strong></span> <span class='ocrx_word' id='word_1_708' title='bbox 3116 4305 3201 4346; x_wconf 89' lang='lat' dir='ltr'><strong>me</strong></span> <span class='ocrx_word' id='word_1_709' title='bbox 3252 4299 3305 4344; x_wconf 88' lang='lat' dir='ltr'><strong>et</strong></span> <span class='ocrx_word' id='word_1_710' title='bbox 3377 4286 3612 4355; x_wconf 83' lang='lat' dir='ltr'><strong>Spiritus</strong></span> 
     </span>
    </p>
   </div>
   <div class='ocr_carea' id='block_1_88' title="bbox 358 4376 1927 4471">
    <p class='ocr_par' dir='ltr' id='par_1_88' title="bbox 358 4376 1925 4471">
     <span class='ocr_line' id='line_1_88' title="bbox 358 4376 1925 4471; baseline -0.011 -15"><span class='ocrx_word' id='word_1_711' title='bbox 358 4401 614 4471; x_wconf 84' lang='grc' dir='ltr'>Ἀγγαίῳ</span> <span class='ocrx_word' id='word_1_712' title='bbox 640 4416 652 4429; x_wconf 85' lang='grc'><strong>·</strong></span> <span class='ocrx_word' id='word_1_713' title='bbox 689 4376 714 4452; x_wconf 37' lang='grc' dir='ltr'>ι’</span> <span class='ocrx_word' id='word_1_714' title='bbox 736 4400 848 4453; x_wconf 74' lang='grc' dir='ltr'>Καὶ</span> <span class='ocrx_word' id='word_1_715' title='bbox 880 4398 976 4453; x_wconf 91' lang='grc' dir='ltr'><strong>νῦν</strong></span> <span class='ocrx_word' id='word_1_716' title='bbox 1155 4394 1423 4463; x_wconf 77' lang='grc' dir='ltr'>κατίσχυε</span> <span class='ocrx_word' id='word_1_717' title='bbox 1445 4389 1771 4459; x_wconf 68' lang='grc' dir='ltr'>Ζοροϐάϐελ,</span> <span class='ocrx_word' id='word_1_718' title='bbox 1799 4385 1925 4455; x_wconf 83' lang='grc' dir='ltr'>λέγε</span> 
     </span>
    </p>
   </div>
   <div class='ocr_carea' id='block_1_89' title="bbox 2026 4376 3610 4471">
    <p class='ocr_par' dir='ltr' id='par_1_89' title="bbox 2032 4376 3610 4459">
     <span class='ocr_line' id='line_1_89' title="bbox 2032 4376 3610 4459; baseline -0.01 -15"><span class='ocrx_word' id='word_1_719' title='bbox 2032 4390 2153 4459; x_wconf 86' lang='lat' dir='ltr'><strong>ejus</strong></span> <span class='ocrx_word' id='word_1_720' title='bbox 2190 4392 2229 4442; x_wconf 81' lang='grc'><strong>⁷.</strong></span> <span class='ocrx_word' id='word_1_721' title='bbox 2263 4408 2281 4440; x_wconf 73' lang='grc' dir='ltr'><strong>ι</strong></span> <span class='ocrx_word' id='word_1_722' title='bbox 2333 4386 2400 4442; x_wconf 82' lang='grc' dir='ltr'>Ει</span> <span class='ocrx_word' id='word_1_723' title='bbox 2430 4385 2571 4457; x_wconf 87' lang='lat' dir='ltr'><strong>apud</strong></span> <span class='ocrx_word' id='word_1_724' title='bbox 2601 4387 2855 4459; x_wconf 71' lang='lat' dir='ltr'><strong>Aggzeum</strong></span> <span class='ocrx_word' id='word_1_725' title='bbox 2893 4402 2905 4437; x_wconf 87' lang='lat'><strong>:</strong></span> <span class='ocrx_word' id='word_1_726' title='bbox 2943 4400 2961 4434; x_wconf 78' lang='grc' dir='ltr'><strong>ι</strong></span> <span class='ocrx_word' id='word_1_727' title='bbox 2990 4382 3055 4439; x_wconf 87' lang='grc' dir='ltr'>Ει</span> <span class='ocrx_word' id='word_1_728' title='bbox 3100 4396 3246 4437; x_wconf 89' lang='lat' dir='ltr'><strong>nunc</strong></span> <span class='ocrx_word' id='word_1_729' title='bbox 3272 4376 3610 4438; x_wconf 69' lang='lat' dir='ltr'><strong>confer-tare,</strong></span> 
     </span>
    </p>
   </div>
   <div class='ocr_carea' id='block_1_90' title="bbox 344 4466 1927 4561">
    <p class='ocr_par' dir='ltr' id='par_1_90' title="bbox 344 4466 1927 4561">
     <span class='ocr_line' id='line_1_90' title="bbox 344 4466 1927 4561; baseline -0.013 -15"><span class='ocrx_word' id='word_1_730' title='bbox 344 4466 596 4561; x_wconf 64' lang='grc' dir='ltr'>Κύριος,</span> <span class='ocrx_word' id='word_1_731' title='bbox 622 4488 715 4545; x_wconf 80' lang='grc' dir='ltr'>καὶ</span> <span class='ocrx_word' id='word_1_732' title='bbox 742 4488 1003 4557; x_wconf 81' lang='grc' dir='ltr'>κατίσχυε</span> <span class='ocrx_word' id='word_1_733' title='bbox 1043 4483 1214 4556; x_wconf 83' lang='grc' dir='ltr'>Ἰησοῦ</span> <span class='ocrx_word' id='word_1_734' title='bbox 1249 4485 1276 4536; x_wconf 92' lang='lat'><strong>6</strong></span> <span class='ocrx_word' id='word_1_735' title='bbox 1294 4480 1386 4535; x_wconf 90' lang='grc' dir='ltr'><strong>τοῦ</strong></span> <span class='ocrx_word' id='word_1_736' title='bbox 1420 4478 1687 4541; x_wconf 85' lang='grc' dir='ltr'>Ἰωσεδὲκ,</span> <span class='ocrx_word' id='word_1_737' title='bbox 1714 4479 1743 4530; x_wconf 91' lang='lat'><strong>6</strong></span> <span class='ocrx_word' id='word_1_738' title='bbox 1772 4477 1927 4547; x_wconf 65' lang='grc' dir='ltr'>ἱερεὺς</span> 
     </span>
    </p>
   </div>
   <div class='ocr_carea' id='block_1_91' title="bbox 2026 4466 3611 4561">
    <p class='ocr_par' dir='ltr' id='par_1_91' title="bbox 2034 4466 3611 4544">
     <span class='ocr_line' id='line_1_91' title="bbox 2034 4466 3611 4544; baseline -0.012 -7"><span class='ocrx_word' id='word_1_739' title='bbox 2034 4480 2357 4544; x_wconf 83' lang='lat' dir='ltr'><strong>Zorobabel,</strong></span> <span class='ocrx_word' id='word_1_740' title='bbox 2393 4480 2523 4534; x_wconf 91' lang='lat' dir='ltr'><strong>dicit</strong></span> <span class='ocrx_word' id='word_1_741' title='bbox 2560 4477 2846 4540; x_wconf 90' lang='lat' dir='ltr'><strong>Dominus,</strong></span> <span class='ocrx_word' id='word_1_742' title='bbox 2898 4483 2952 4533; x_wconf 88' lang='lat' dir='ltr'><strong>et</strong></span> <span class='ocrx_word' id='word_1_743' title='bbox 2994 4471 3326 4531; x_wconf 78' lang='lat' dir='ltr'><strong>confortare,</strong></span> <span class='ocrx_word' id='word_1_744' title='bbox 3371 4466 3499 4523; x_wconf 80' lang='lat' dir='ltr'><strong>Jesu</strong></span> <span class='ocrx_word' id='word_1_745' title='bbox 3536 4466 3611 4520; x_wconf 86' lang='lat' dir='ltr'><strong>tili</strong></span> 
     </span>
    </p>
   </div>
   <div class='ocr_carea' id='block_1_92' title="bbox 345 4560 1927 4657">
    <p class='ocr_par' dir='ltr' id='par_1_92' title="bbox 345 4560 1927 4657">
     <span class='ocr_line' id='line_1_92' title="bbox 345 4560 1927 4657; baseline -0.015 -15"><span class='ocrx_word' id='word_1_746' title='bbox 345 4590 376 4642; x_wconf 87' lang='lat'><strong>6</strong></span> <span class='ocrx_word' id='word_1_747' title='bbox 413 4584 617 4657; x_wconf 85' lang='grc' dir='ltr'>μέγας,</span> <span class='ocrx_word' id='word_1_748' title='bbox 646 4582 797 4652; x_wconf 74' lang='grc' dir='ltr'>λέγει</span> <span class='ocrx_word' id='word_1_749' title='bbox 828 4582 1054 4654; x_wconf 83' lang='grc' dir='ltr'>Κύριος.</span> <span class='ocrx_word' id='word_1_750' title='bbox 1091 4579 1203 4633; x_wconf 78' lang='lat' dir='ltr'><strong>Kal.</strong></span> <span class='ocrx_word' id='word_1_751' title='bbox 1235 4573 1577 4644; x_wconf 86' lang='grc' dir='ltr'>κατισχυέτω</span> <span class='ocrx_word' id='word_1_752' title='bbox 1612 4571 1720 4634; x_wconf 86' lang='grc' dir='ltr'>πᾶς</span> <span class='ocrx_word' id='word_1_753' title='bbox 1754 4570 1782 4621; x_wconf 89' lang='lat'><strong>6</strong></span> <span class='ocrx_word' id='word_1_754' title='bbox 1818 4566 1927 4620; x_wconf 79' lang='grc' dir='ltr'>λαὸ‹</span> 
     </span>
    </p>
   </div>
   <div class='ocr_carea' id='block_1_93' title="bbox 2026 4560 3619 4657">
    <p class='ocr_par' dir='ltr' id='par_1_93' title="bbox 2034 4560 3619 4637">
     <span class='ocr_line' id='line_1_93' title="bbox 2034 4560 3619 4637; baseline -0.011 -10"><span class='ocrx_word' id='word_1_755' title='bbox 2034 4572 2284 4635; x_wconf 82' lang='lat' dir='ltr'><strong>Josedec,</strong></span> <span class='ocrx_word' id='word_1_756' title='bbox 2316 4569 2576 4626; x_wconf 86' lang='lat' dir='ltr'><strong>sacerdos</strong></span> <span class='ocrx_word' id='word_1_757' title='bbox 2601 4583 2815 4637; x_wconf 78' lang='lat' dir='ltr'><strong>magne,</strong></span> <span class='ocrx_word' id='word_1_758' title='bbox 2850 4574 2901 4622; x_wconf 85' lang='lat' dir='ltr'><strong>et</strong></span> <span class='ocrx_word' id='word_1_759' title='bbox 2933 4562 3269 4620; x_wconf 81' lang='lat' dir='ltr'><strong>confortetur</strong></span> <span class='ocrx_word' id='word_1_760' title='bbox 3292 4560 3475 4617; x_wconf 91' lang='lat' dir='ltr'><strong>omnis</strong></span> <span class='ocrx_word' id='word_1_761' title='bbox 3520 4572 3619 4626; x_wconf 81' lang='lat' dir='ltr'><strong>po-</strong></span> 
     </span>
    </p>
   </div>
   <div class='ocr_carea' id='block_1_94' title="bbox 344 4650 1927 4749">
    <p class='ocr_par' dir='ltr' id='par_1_94' title="bbox 344 4650 1927 4749">
     <span class='ocr_line' id='line_1_94' title="bbox 344 4650 1927 4749; baseline -0.013 -19"><span class='ocrx_word' id='word_1_762' title='bbox 344 4650 462 4749; x_wconf 55' lang='grc' dir='ltr'>τῐίς</span> <span class='ocrx_word' id='word_1_763' title='bbox 484 4650 608 4746; x_wconf 78' lang='grc' dir='ltr'>γῆς,</span> <span class='ocrx_word' id='word_1_764' title='bbox 632 4650 782 4741; x_wconf 79' lang='grc' dir='ltr'>λέγει</span> <span class='ocrx_word' id='word_1_765' title='bbox 814 4650 1020 4743; x_wconf 82' lang='grc' dir='ltr'>Κύριος</span> <span class='ocrx_word' id='word_1_766' title='bbox 1044 4686 1059 4701; x_wconf 76' lang='grc'><em>’</em></span> <span class='ocrx_word' id='word_1_767' title='bbox 1089 4668 1183 4723; x_wconf 74' lang='grc' dir='ltr'><strong>καὶ</strong></span> <span class='ocrx_word' id='word_1_768' title='bbox 1208 4670 1435 4730; x_wconf 76' lang='grc' dir='ltr'>ποιεῖτε,</span> <span class='ocrx_word' id='word_1_769' title='bbox 1474 4662 1608 4716; x_wconf 85' lang='grc' dir='ltr'>διότι</span> <span class='ocrx_word' id='word_1_770' title='bbox 1642 4660 1760 4731; x_wconf 86' lang='grc' dir='ltr'>μεθ’</span> <span class='ocrx_word' id='word_1_771' title='bbox 1798 4657 1927 4728; x_wconf 81' lang='grc' dir='ltr'><strong>ὑμῶ·</strong></span> 
     </span>
    </p>
   </div>
   <div class='ocr_carea' id='block_1_95' title="bbox 2026 4650 3619 4749">
    <p class='ocr_par' dir='ltr' id='par_1_95' title="bbox 2036 4650 3619 4736">
     <span class='ocr_line' id='line_1_95' title="bbox 2036 4650 3619 4736; baseline -0.011 -19"><span class='ocrx_word' id='word_1_772' title='bbox 2036 4664 2198 4736; x_wconf 87' lang='lat' dir='ltr'><strong>pnlus</strong></span> <span class='ocrx_word' id='word_1_773' title='bbox 2258 4671 2433 4727; x_wconf 79' lang='lat' dir='ltr'><strong>teme,</strong></span> <span class='ocrx_word' id='word_1_774' title='bbox 2485 4659 2618 4715; x_wconf 89' lang='lat' dir='ltr'><strong>dicit</strong></span> <span class='ocrx_word' id='word_1_775' title='bbox 2669 4658 2960 4717; x_wconf 87' lang='lat' dir='ltr'><strong>Dominus.</strong></span> <span class='ocrx_word' id='word_1_776' title='bbox 2994 4664 3048 4710; x_wconf 89' lang='lat' dir='ltr'><strong>et</strong></span> <span class='ocrx_word' id='word_1_777' title='bbox 3105 4654 3295 4715; x_wconf 79' lang='lat' dir='ltr'><strong>facite,</strong></span> <span class='ocrx_word' id='word_1_778' title='bbox 3357 4650 3619 4720; x_wconf 85' lang='lat' dir='ltr'><strong>quoniam</strong></span> 
     </span>
    </p>
   </div>
   <div class='ocr_carea' id='block_1_96' title="bbox 347 4737 1927 4837">
    <p class='ocr_par' dir='ltr' id='par_1_96' title="bbox 347 4737 1927 4837">
     <span class='ocr_line' id='line_1_96' title="bbox 347 4737 1927 4837; baseline -0.013 -16"><span class='ocrx_word' id='word_1_779' title='bbox 347 4737 476 4837; x_wconf 66' lang='grc' dir='ltr'>ἐγώ</span> <span class='ocrx_word' id='word_1_780' title='bbox 496 4737 633 4835; x_wconf 76' lang='grc' dir='ltr'>είμι,</span> <span class='ocrx_word' id='word_1_781' title='bbox 658 4737 807 4833; x_wconf 85' lang='grc' dir='ltr'>λέγει</span> <span class='ocrx_word' id='word_1_782' title='bbox 828 4737 1033 4834; x_wconf 72' lang='grc' dir='ltr'>Κύριος</span> <span class='ocrx_word' id='word_1_783' title='bbox 1054 4757 1472 4829; x_wconf 83' lang='grc' dir='ltr'>παντοκράτωρ,</span> <span class='ocrx_word' id='word_1_784' title='bbox 1505 4755 1595 4809; x_wconf 74' lang='grc' dir='ltr'><strong>καὶ</strong></span> <span class='ocrx_word' id='word_1_785' title='bbox 1627 4753 1688 4807; x_wconf 89' lang='grc' dir='ltr'><strong>τὸ</strong></span> <span class='ocrx_word' id='word_1_786' title='bbox 1728 4750 1927 4820; x_wconf 72' lang='grc' dir='ltr'>Πνεῦμι</span> 
     </span>
    </p>
   </div>
   <div class='ocr_carea' id='block_1_97' title="bbox 2026 4737 3624 4837">
    <p class='ocr_par' dir='ltr' id='par_1_97' title="bbox 2039 4737 3624 4822">
     <span class='ocr_line' id='line_1_97' title="bbox 2039 4737 3624 4822; baseline -0.01 -16"><span class='ocrx_word' id='word_1_787' title='bbox 2039 4769 2138 4822; x_wconf 74' lang='lat' dir='ltr'><strong>ego</strong></span> <span class='ocrx_word' id='word_1_788' title='bbox 2167 4751 2446 4805; x_wconf 83' lang='lat' dir='ltr'><strong>vobiscum</strong></span> <span class='ocrx_word' id='word_1_789' title='bbox 2474 4765 2618 4809; x_wconf 87' lang='lat' dir='ltr'><strong>sum,</strong></span> <span class='ocrx_word' id='word_1_790' title='bbox 2654 4748 2784 4802; x_wconf 90' lang='lat' dir='ltr'><strong>dicit</strong></span> <span class='ocrx_word' id='word_1_791' title='bbox 2828 4746 3097 4799; x_wconf 90' lang='lat' dir='ltr'><strong>Dominus</strong></span> <span class='ocrx_word' id='word_1_792' title='bbox 3138 4742 3506 4810; x_wconf 89' lang='lat' dir='ltr'><strong>omnipotens.</strong></span> <span class='ocrx_word' id='word_1_793' title='bbox 3556 4737 3624 4791; x_wconf 87' lang='lat' dir='ltr'><strong>Et</strong></span> 
     </span>
    </p>
   </div>
   <div class='ocr_carea' id='block_1_98' title="bbox 351 4827 1927 4931">
    <p class='ocr_par' dir='ltr' id='par_1_98' title="bbox 351 4827 1923 4931">
     <span class='ocr_line' id='line_1_98' title="bbox 351 4827 1923 4931; baseline -0.011 -21"><span class='ocrx_word' id='word_1_794' title='bbox 351 4827 471 4930; x_wconf 52' lang='grc' dir='ltr'><strong>μου</strong></span> <span class='ocrx_word' id='word_1_795' title='bbox 516 4827 816 4931; x_wconf 66' lang='grc' dir='ltr'>ἐιρέστηκεν</span> <span class='ocrx_word' id='word_1_796' title='bbox 850 4827 1094 4924; x_wconf 48' lang='grc' dir='ltr'>ἐν’μέσῳ</span> <span class='ocrx_word' id='word_1_797' title='bbox 1125 4827 1297 4921; x_wconf 82' lang='grc' dir='ltr'>ὑμῶν.</span> <span class='ocrx_word' id='word_1_798' title='bbox 1338 4868 1356 4900; x_wconf 71' lang='grc' dir='ltr'><strong>ι</strong></span> <span class='ocrx_word' id='word_1_799' title='bbox 1394 4827 1505 4902; x_wconf 71' lang='grc' dir='ltr'><strong>Καὶ</strong></span> <span class='ocrx_word' id='word_1_800' title='bbox 1538 4847 1669 4916; x_wconf 77' lang='grc' dir='ltr'>παρ’</span> <span class='ocrx_word' id='word_1_801' title='bbox 1713 4842 1923 4915; x_wconf 73' lang='grc' dir='ltr'>ἀμφοτέ</span> 
     </span>
    </p>
   </div>
   <div class='ocr_carea' id='block_1_99' title="bbox 2026 4827 3619 4931">
    <p class='ocr_par' dir='ltr' id='par_1_99' title="bbox 2044 4827 3619 4913">
     <span class='ocr_line' id='line_1_99' title="bbox 2044 4827 3619 4913; baseline -0.008 -16"><span class='ocrx_word' id='word_1_802' title='bbox 2044 4840 2285 4913; x_wconf 87' lang='lat' dir='ltr'><strong>Spiritus</strong></span> <span class='ocrx_word' id='word_1_803' title='bbox 2331 4854 2484 4895; x_wconf 74' lang='lat' dir='ltr'><strong>meus</strong></span> <span class='ocrx_word' id='word_1_804' title='bbox 2549 4838 2700 4893; x_wconf 88' lang='lat' dir='ltr'><strong>stetit</strong></span> <span class='ocrx_word' id='word_1_805' title='bbox 2772 4837 2824 4890; x_wconf 90' lang='lat' dir='ltr'><strong>in</strong></span> <span class='ocrx_word' id='word_1_806' title='bbox 2896 4834 3076 4890; x_wconf 91' lang='lat' dir='ltr'><strong>medio</strong></span> <span class='ocrx_word' id='word_1_807' title='bbox 3146 4831 3360 4887; x_wconf 62' lang='lat' dir='ltr'><strong>vestri“</strong></span> <span class='ocrx_word' id='word_1_808' title='bbox 3393 4870 3407 4883; x_wconf 93' lang='lat'><strong>.</strong></span> <span class='ocrx_word' id='word_1_809' title='bbox 3449 4849 3467 4881; x_wconf 82' lang='grc'>›</span> <span class='ocrx_word' id='word_1_810' title='bbox 3517 4827 3619 4884; x_wconf 87' lang='lat' dir='ltr'><strong>llic</strong></span> 
     </span>
    </p>
   </div>
   <div class='ocr_carea' id='block_1_100' title="bbox 350 4920 1927 5020">
    <p class='ocr_par' dir='ltr' id='par_1_100' title="bbox 350 4920 1927 5020">
     <span class='ocr_line' id='line_1_100' title="bbox 350 4920 1927 5020; baseline -0.008 -22"><span class='ocrx_word' id='word_1_811' title='bbox 350 4920 484 5020; x_wconf 55' lang='grc' dir='ltr'>ροις</span> <span class='ocrx_word' id='word_1_812' title='bbox 508 4920 621 5010; x_wconf 80' lang='grc' dir='ltr'>τοῖς</span> <span class='ocrx_word' id='word_1_813' title='bbox 652 4920 962 5017; x_wconf 75' lang='grc' dir='ltr'>προφήταις</span> <span class='ocrx_word' id='word_1_814' title='bbox 991 4920 1118 5012; x_wconf 78' lang='grc' dir='ltr'>περὶ</span> <span class='ocrx_word' id='word_1_815' title='bbox 1142 4920 1304 5011; x_wconf 87' lang='grc' dir='ltr'>μόνου</span> <span class='ocrx_word' id='word_1_816' title='bbox 1343 4938 1438 4992; x_wconf 87' lang='grc' dir='ltr'><strong>τοῦ</strong></span> <span class='ocrx_word' id='word_1_817' title='bbox 1485 4936 1691 5009; x_wconf 82' lang='grc' dir='ltr'>Κυρίου</span> <span class='ocrx_word' id='word_1_818' title='bbox 1729 4934 1825 4988; x_wconf 67' lang='grc' dir='ltr'><strong>καὶ</strong></span> <span class='ocrx_word' id='word_1_819' title='bbox 1861 4950 1927 4986; x_wconf 46' lang='grc' dir='ltr'><strong>τοι</strong></span> 
     </span>
    </p>
   </div>
   <div class='ocr_carea' id='block_1_101' title="bbox 2026 4920 3618 5020">
    <p class='ocr_par' dir='ltr' id='par_1_101' title="bbox 2045 4920 3618 5004">
     <span class='ocr_line' id='line_1_101' title="bbox 2045 4920 3618 5004; baseline -0.009 -16"><span class='ocrx_word' id='word_1_820' title='bbox 2045 4934 2186 5004; x_wconf 89' lang='lat' dir='ltr'><strong>apud</strong></span> <span class='ocrx_word' id='word_1_821' title='bbox 2214 4943 2505 4999; x_wconf 80' lang='lat' dir='ltr'><strong>utrumque</strong></span> <span class='ocrx_word' id='word_1_822' title='bbox 2565 4928 2909 4999; x_wconf 86' lang='lat' dir='ltr'><strong>prephetam,</strong></span> <span class='ocrx_word' id='word_1_823' title='bbox 2947 4925 3120 4981; x_wconf 90' lang='lat' dir='ltr'><strong>solius</strong></span> <span class='ocrx_word' id='word_1_824' title='bbox 3163 4922 3380 4978; x_wconf 92' lang='lat' dir='ltr'><strong>Domini</strong></span> <span class='ocrx_word' id='word_1_825' title='bbox 3408 4930 3458 4976; x_wconf 92' lang='lat' dir='ltr'><strong>et</strong></span> <span class='ocrx_word' id='word_1_826' title='bbox 3494 4920 3618 4991; x_wconf 88' lang='lat' dir='ltr'><strong>Spi-</strong></span> 
     </span>
    </p>
   </div>
   <div class='ocr_carea' id='block_1_102' title="bbox 352 5012 1927 5109">
    <p class='ocr_par' dir='ltr' id='par_1_102' title="bbox 352 5012 1927 5109">
     <span class='ocr_line' id='line_1_102' title="bbox 352 5012 1927 5109; baseline -0.011 -17"><span class='ocrx_word' id='word_1_827' title='bbox 352 5012 920 5109; x_wconf 43' lang='grc' dir='ltr'>Πνεῦματος-μνημη</span> <span class='ocrx_word' id='word_1_828' title='bbox 958 5033 1172 5102; x_wconf 87' lang='grc' dir='ltr'>γέγονε.</span> <span class='ocrx_word' id='word_1_829' title='bbox 1202 5031 1266 5083; x_wconf 87' lang='grc' dir='ltr'><strong>Τί</strong></span> <span class='ocrx_word' id='word_1_830' title='bbox 1310 5029 1486 5083; x_wconf 90' lang='grc' dir='ltr'>τοίνυν</span> <span class='ocrx_word' id='word_1_831' title='bbox 1530 5027 1626 5081; x_wconf 70' lang='grc' dir='ltr'>καὶ</span> <span class='ocrx_word' id='word_1_832' title='bbox 1675 5026 1803 5098; x_wconf 70' lang='grc' dir='ltr'>περὶ</span> <span class='ocrx_word' id='word_1_833' title='bbox 1842 5021 1927 5076; x_wconf 70' lang='grc' dir='ltr'>τοιῗ</span> 
     </span>
    </p>
   </div>
   <div class='ocr_carea' id='block_1_103' title="bbox 2026 5012 3627 5109">
    <p class='ocr_par' dir='ltr' id='par_1_103' title="bbox 2043 5012 3627 5089">
     <span class='ocr_line' id='line_1_103' title="bbox 2043 5012 3627 5089; baseline -0.009 -9"><span class='ocrx_word' id='word_1_834' title='bbox 2043 5027 2182 5080; x_wconf 88' lang='lat' dir='ltr'><strong>ritus</strong></span> <span class='ocrx_word' id='word_1_835' title='bbox 2214 5023 2272 5079; x_wconf 86' lang='lat' dir='ltr'><strong>ﬁt</strong></span> <span class='ocrx_word' id='word_1_836' title='bbox 2314 5023 2518 5077; x_wconf 90' lang='lat' dir='ltr'><strong>mentio</strong></span> <span class='ocrx_word' id='word_1_837' title='bbox 2562 5039 2574 5072; x_wconf 91' lang='lat'><strong>:</strong></span> <span class='ocrx_word' id='word_1_838' title='bbox 2618 5020 2746 5089; x_wconf 90' lang='lat' dir='ltr'><strong>quid</strong></span> <span class='ocrx_word' id='word_1_839' title='bbox 2801 5019 2967 5089; x_wconf 78' lang='lat' dir='ltr'><strong>igitur</strong></span> <span class='ocrx_word' id='word_1_840' title='bbox 3013 5017 3080 5072; x_wconf 78' lang='lat' dir='ltr'><strong>ad</strong></span> <span class='ocrx_word' id='word_1_841' title='bbox 3126 5018 3178 5071; x_wconf 89' lang='lat' dir='ltr'><strong>id</strong></span> <span class='ocrx_word' id='word_1_842' title='bbox 3213 5014 3411 5071; x_wconf 89' lang='lat' dir='ltr'><strong>dicturi</strong></span> <span class='ocrx_word' id='word_1_843' title='bbox 3455 5012 3627 5069; x_wconf 79' lang='lat' dir='ltr'><strong>sunt?</strong></span> 
     </span>
    </p>
   </div>
   <div class='ocr_carea' id='block_1_104' title="bbox 353 5105 1927 5202">
    <p class='ocr_par' dir='ltr' id='par_1_104' title="bbox 353 5105 1927 5198">
     <span class='ocr_line' id='line_1_104' title="bbox 353 5105 1927 5198; baseline -0.01 -16"><span class='ocrx_word' id='word_1_844' title='bbox 353 5145 461 5183; x_wconf 81' lang='grc' dir='ltr'><strong>του</strong></span> <span class='ocrx_word' id='word_1_845' title='bbox 517 5105 528 5109; x_wconf 27' lang='grc' dir='ltr'><strong>ν</strong></span> <span class='ocrx_word' id='word_1_846' title='bbox 631 5105 927 5198; x_wconf 78' lang='grc' dir='ltr'>φήσουσιν;</span> <span class='ocrx_word' id='word_1_847' title='bbox 951 5125 1012 5177; x_wconf 80' lang='lat' dir='ltr'><strong>El</strong></span> <span class='ocrx_word' id='word_1_848' title='bbox 1046 5122 1176 5196; x_wconf 80' lang='grc' dir='ltr'>γὰρ,</span> <span class='ocrx_word' id='word_1_849' title='bbox 1208 5119 1396 5190; x_wconf 81' lang='grc' dir='ltr'>ἐπειδὴ</span> <span class='ocrx_word' id='word_1_850' title='bbox 1421 5119 1515 5173; x_wconf 85' lang='grc' dir='ltr'><strong>τοῦ</strong></span> <span class='ocrx_word' id='word_1_851' title='bbox 1544 5114 1784 5189; x_wconf 86' lang='grc' dir='ltr'>Χριστοῦ</span> <span class='ocrx_word' id='word_1_852' title='bbox 1825 5132 1927 5185; x_wconf 89' lang='grc' dir='ltr'><strong>μνη</strong></span> 
     </span>
    </p>
   </div>
   <div class='ocr_carea' id='block_1_105' title="bbox 2026 5105 3625 5202">
    <p class='ocr_par' dir='ltr' id='par_1_105' title="bbox 2043 5105 3625 5185">
     <span class='ocr_line' id='line_1_105' title="bbox 2043 5105 3625 5185; baseline -0.009 -14"><span class='ocrx_word' id='word_1_853' title='bbox 2043 5116 2177 5171; x_wconf 79' lang='lat' dir='ltr'><strong>Nam</strong></span> <span class='ocrx_word' id='word_1_854' title='bbox 2210 5115 2255 5171; x_wconf 92' lang='lat' dir='ltr'><strong>si</strong></span> <span class='ocrx_word' id='word_1_855' title='bbox 2277 5130 2343 5169; x_wconf 85' lang='lat' dir='ltr'><strong>eo</strong></span> <span class='ocrx_word' id='word_1_856' title='bbox 2368 5113 2511 5185; x_wconf 88' lang='lat' dir='ltr'><strong>quod</strong></span> <span class='ocrx_word' id='word_1_857' title='bbox 2530 5111 2734 5166; x_wconf 87' lang='lat' dir='ltr'><strong>Paulus</strong></span> <span class='ocrx_word' id='word_1_858' title='bbox 2766 5109 2971 5165; x_wconf 89' lang='lat' dir='ltr'><strong>Christi</strong></span> <span class='ocrx_word' id='word_1_859' title='bbox 3015 5109 3348 5163; x_wconf 87' lang='lat' dir='ltr'><strong>mentionem</strong></span> <span class='ocrx_word' id='word_1_860' title='bbox 3397 5105 3625 5168; x_wconf 82' lang='lat' dir='ltr'><strong>faciens,</strong></span> 
     </span>
    </p>
   </div>
   <div class='ocr_carea' id='block_1_106' title="bbox 361 5199 1927 5289">
    <p class='ocr_par' dir='ltr' id='par_1_106' title="bbox 361 5204 1927 5289">
     <span class='ocr_line' id='line_1_106' title="bbox 361 5204 1927 5289; baseline -0.009 -19"><span class='ocrx_word' id='word_1_861' title='bbox 361 5214 642 5289; x_wconf 85' lang='grc' dir='ltr'>μονεύσας</span> <span class='ocrx_word' id='word_1_862' title='bbox 661 5216 689 5267; x_wconf 89' lang='grc' dir='ltr'>ὁ</span> <span class='ocrx_word' id='word_1_863' title='bbox 710 5215 922 5277; x_wconf 86' lang='grc' dir='ltr'>Παῦλος</span> <span class='ocrx_word' id='word_1_864' title='bbox 942 5212 1070 5283; x_wconf 79' lang='grc' dir='ltr'>περὶ</span> <span class='ocrx_word' id='word_1_865' title='bbox 1090 5213 1186 5283; x_wconf 85' lang='grc' dir='ltr'>μὲν</span> <span class='ocrx_word' id='word_1_866' title='bbox 1208 5208 1302 5263; x_wconf 86' lang='grc' dir='ltr'><strong>τοῦ</strong></span> <span class='ocrx_word' id='word_1_867' title='bbox 1324 5209 1463 5263; x_wconf 89' lang='grc' dir='ltr'>Πνεύ</span> <span class='ocrx_word' id='word_1_868' title='bbox 1474 5224 1638 5278; x_wconf 87' lang='grc' dir='ltr'>ματος</span> <span class='ocrx_word' id='word_1_869' title='bbox 1662 5204 1927 5275; x_wconf 76' lang='grc' dir='ltr'>ἐσιώπησε</span> 
     </span>
    </p>
   </div>
   <div class='ocr_carea' id='block_1_107' title="bbox 2026 5199 3627 5289">
    <p class='ocr_par' dir='ltr' id='par_1_107' title="bbox 2047 5199 3627 5275">
     <span class='ocr_line' id='line_1_107' title="bbox 2047 5199 3627 5275; baseline -0.011 -14"><span class='ocrx_word' id='word_1_870' title='bbox 2047 5208 2113 5261; x_wconf 92' lang='lat' dir='ltr'><strong>de</strong></span> <span class='ocrx_word' id='word_1_871' title='bbox 2144 5204 2349 5275; x_wconf 89' lang='lat' dir='ltr'><strong>Spiritu</strong></span> <span class='ocrx_word' id='word_1_872' title='bbox 2381 5203 2631 5268; x_wconf 86' lang='lat' dir='ltr'><strong>tacuerit,</strong></span> <span class='ocrx_word' id='word_1_873' title='bbox 2663 5210 2717 5256; x_wconf 93' lang='lat' dir='ltr'><strong>et</strong></span> <span class='ocrx_word' id='word_1_874' title='bbox 2744 5200 3043 5257; x_wconf 90' lang='lat' dir='ltr'><strong>electorum</strong></span> <span class='ocrx_word' id='word_1_875' title='bbox 3081 5199 3403 5267; x_wconf 75' lang='lat' dir='ltr'><strong>angelorum</strong></span> <span class='ocrx_word' id='word_1_876' title='bbox 3432 5199 3627 5247; x_wconf 81' lang='lat' dir='ltr'><strong>memi-</strong></span> 
     </span>
    </p>
   </div>
   <div class='ocr_carea' id='block_1_108' title="bbox 356 5284 1927 5375">
    <p class='ocr_par' dir='ltr' id='par_1_108' title="bbox 356 5284 1927 5375">
     <span class='ocr_line' id='line_1_108' title="bbox 356 5284 1927 5375; baseline -0.009 -15"><span class='ocrx_word' id='word_1_877' title='bbox 356 5284 478 5360; x_wconf 68' lang='grc' dir='ltr'>τῶν</span> <span class='ocrx_word' id='word_1_878' title='bbox 515 5306 571 5359; x_wconf 80' lang='grc' dir='ltr'><strong>δὲ</strong></span> <span class='ocrx_word' id='word_1_879' title='bbox 596 5306 868 5359; x_wconf 80' lang='grc' dir='ltr'>ἐκλεκτῶν</span> <span class='ocrx_word' id='word_1_880' title='bbox 894 5306 1140 5375; x_wconf 83' lang='grc' dir='ltr'>ἀγγέλων</span> <span class='ocrx_word' id='word_1_881' title='bbox 1174 5301 1570 5375; x_wconf 75' lang='grc' dir='ltr'>ἐμνημόνευσε,</span> <span class='ocrx_word' id='word_1_882' title='bbox 1605 5297 1692 5350; x_wconf 77' lang='grc' dir='ltr'><strong>διὰ</strong></span> <span class='ocrx_word' id='word_1_883' title='bbox 1724 5295 1881 5350; x_wconf 87' lang='grc' dir='ltr'>τοῦτο</span> <span class='ocrx_word' id='word_1_884' title='bbox 1902 5295 1927 5346; x_wconf 86' lang='grc' dir='ltr'>ὲ</span> 
     </span>
    </p>
   </div>
   <div class='ocr_carea' id='block_1_109' title="bbox 2026 5284 3631 5375">
    <p class='ocr_par' dir='ltr' id='par_1_109' title="bbox 2050 5284 3631 5365">
     <span class='ocr_line' id='line_1_109' title="bbox 2050 5284 3631 5365; baseline -0.013 -12"><span class='ocrx_word' id='word_1_885' title='bbox 2050 5298 2192 5353; x_wconf 90' lang='lat' dir='ltr'><strong>nerit</strong></span> <span class='ocrx_word' id='word_1_886' title='bbox 2220 5315 2235 5363; x_wconf 90' lang='lat'><strong>;</strong></span> <span class='ocrx_word' id='word_1_887' title='bbox 2263 5296 2330 5361; x_wconf 89' lang='lat' dir='ltr'><strong>si,</strong></span> <span class='ocrx_word' id='word_1_888' title='bbox 2368 5296 2617 5365; x_wconf 87' lang='lat' dir='ltr'><strong>inquam,</strong></span> <span class='ocrx_word' id='word_1_889' title='bbox 2648 5310 2766 5349; x_wconf 87' lang='lat' dir='ltr'><strong>eam</strong></span> <span class='ocrx_word' id='word_1_890' title='bbox 2803 5292 2874 5347; x_wconf 88' lang='lat' dir='ltr'><strong>ob</strong></span> <span class='ocrx_word' id='word_1_891' title='bbox 2915 5306 3137 5346; x_wconf 85' lang='lat' dir='ltr'><strong>causam</strong></span> <span class='ocrx_word' id='word_1_892' title='bbox 3175 5288 3439 5359; x_wconf 89' lang='lat' dir='ltr'><strong>Spiritum</strong></span> <span class='ocrx_word' id='word_1_893' title='bbox 3487 5284 3631 5336; x_wconf 82' lang='lat' dir='ltr'><strong>inter</strong></span> 
     </span>
    </p>
   </div>
   <div class='ocr_carea' id='block_1_110' title="bbox 358 5373 1927 5468">
    <p class='ocr_par' dir='ltr' id='par_1_110' title="bbox 358 5373 1927 5468">
     <span class='ocr_line' id='line_1_110' title="bbox 358 5373 1927 5468; baseline -0.011 -14"><span class='ocrx_word' id='word_1_894' title='bbox 358 5399 625 5468; x_wconf 79' lang='grc' dir='ltr'>ἀγγέλοις</span> <span class='ocrx_word' id='word_1_895' title='bbox 670 5397 731 5450; x_wconf 88' lang='grc' dir='ltr'><strong>τὸ</strong></span> <span class='ocrx_word' id='word_1_896' title='bbox 778 5373 1004 5468; x_wconf 82' lang='grc' dir='ltr'>Πνεῦμα</span> <span class='ocrx_word' id='word_1_897' title='bbox 1056 5373 1477 5449; x_wconf 76' lang='grc' dir='ltr'>συντάττουσινο</span> <span class='ocrx_word' id='word_1_898' title='bbox 1514 5388 1662 5460; x_wconf 84' lang='grc' dir='ltr'>ὥρα,</span> <span class='ocrx_word' id='word_1_899' title='bbox 1715 5386 1809 5440; x_wconf 73' lang='grc' dir='ltr'><strong>καὶ</strong></span> <span class='ocrx_word' id='word_1_900' title='bbox 1847 5389 1927 5438; x_wconf 86' lang='grc' dir='ltr'><strong>τοῖ</strong></span> 
     </span>
    </p>
   </div>
   <div class='ocr_carea' id='block_1_111' title="bbox 2026 5373 3628 5468">
    <p class='ocr_par' dir='ltr' id='par_1_111' title="bbox 2051 5373 3628 5460">
     <span class='ocr_line' id='line_1_111' title="bbox 2051 5373 3628 5460; baseline -0.013 -15"><span class='ocrx_word' id='word_1_901' title='bbox 2051 5390 2274 5460; x_wconf 82' lang='lat' dir='ltr'><strong>angelos</strong></span> <span class='ocrx_word' id='word_1_902' title='bbox 2299 5388 2572 5442; x_wconf 90' lang='lat' dir='ltr'><strong>collocare</strong></span> <span class='ocrx_word' id='word_1_903' title='bbox 2614 5386 2751 5439; x_wconf 89' lang='lat' dir='ltr'><strong>nihil</strong></span> <span class='ocrx_word' id='word_1_904' title='bbox 2784 5394 3045 5440; x_wconf 87' lang='lat' dir='ltr'><strong>verentur</strong></span> <span class='ocrx_word' id='word_1_905' title='bbox 3078 5402 3091 5437; x_wconf 89' lang='lat'>:</span> <span class='ocrx_word' id='word_1_906' title='bbox 3134 5389 3303 5435; x_wconf 89' lang='lat' dir='ltr'><strong>restat</strong></span> <span class='ocrx_word' id='word_1_907' title='bbox 3341 5384 3399 5429; x_wconf 92' lang='lat' dir='ltr'><strong>ut</strong></span> <span class='ocrx_word' id='word_1_908' title='bbox 3434 5389 3501 5427; x_wconf 80' lang='lat' dir='ltr'><strong>ex</strong></span> <span class='ocrx_word' id='word_1_909' title='bbox 3542 5373 3628 5425; x_wconf 88' lang='lat' dir='ltr'><strong>his</strong></span> 
     </span>
    </p>
   </div>
   <div class='ocr_carea' id='block_1_112' title="bbox 1694 5461 3629 5553">
    <p class='ocr_par' dir='ltr' id='par_1_112' title="bbox 1694 5461 3629 5553">
     <span class='ocr_line' id='line_1_112' title="bbox 1694 5461 3629 5553; baseline -0.016 -10"><span class='ocrx_word' id='word_1_910' title='bbox 1694 5476 1957 5548; x_wconf 75' lang='grc' dir='ltr'>τολμηρά·</span> <span class='ocrx_word' id='word_1_911' title='bbox 2051 5479 2388 5553; x_wconf 87' lang='lat' dir='ltr'><strong>propheticis</strong></span> <span class='ocrx_word' id='word_1_912' title='bbox 2431 5478 2636 5543; x_wconf 86' lang='lat' dir='ltr'><strong>verbis,</strong></span> <span class='ocrx_word' id='word_1_913' title='bbox 2688 5477 2851 5530; x_wconf 90' lang='lat' dir='ltr'><strong>iidem</strong></span> <span class='ocrx_word' id='word_1_914' title='bbox 2908 5477 2975 5530; x_wconf 90' lang='lat' dir='ltr'><strong>de</strong></span> <span class='ocrx_word' id='word_1_915' title='bbox 3026 5473 3120 5527; x_wconf 92' lang='lat' dir='ltr'><strong>illo</strong></span> <span class='ocrx_word' id='word_1_916' title='bbox 3153 5470 3245 5539; x_wconf 89' lang='lat' dir='ltr'><strong>qui</strong></span> <span class='ocrx_word' id='word_1_917' title='bbox 3294 5466 3367 5519; x_wconf 90' lang='lat' dir='ltr'><strong>ibi</strong></span> <span class='ocrx_word' id='word_1_918' title='bbox 3410 5461 3629 5553; x_wconf 67' lang='lat' dir='ltr'><strong>silentio</strong></span> 
     </span>
    </p>
   </div>
   <div class='ocr_carea' id='block_1_113' title="bbox 2054 5549 3635 5637">
    <p class='ocr_par' dir='ltr' id='par_1_113' title="bbox 2054 5549 3635 5637">
     <span class='ocr_line' id='line_1_113' title="bbox 2054 5549 3635 5637; baseline -0.011 -14"><span class='ocrx_word' id='word_1_919' title='bbox 2054 5549 2323 5629; x_wconf 79' lang='lat' dir='ltr'><strong>omittitur</strong></span> <span class='ocrx_word' id='word_1_920' title='bbox 2345 5565 2608 5622; x_wconf 87' lang='lat' dir='ltr'><strong>audacius</strong></span> <span class='ocrx_word' id='word_1_921' title='bbox 2645 5566 2943 5637; x_wconf 73' lang='lat' dir='ltr'><strong>disputent.</strong></span> <span class='ocrx_word' id='word_1_922' title='bbox 2977 5561 3113 5616; x_wconf 86' lang='lat' dir='ltr'><strong>Nam</strong></span> <span class='ocrx_word' id='word_1_923' title='bbox 3155 5558 3200 5613; x_wconf 91' lang='lat' dir='ltr'><strong>si</strong></span> <span class='ocrx_word' id='word_1_924' title='bbox 3233 5557 3414 5611; x_wconf 87' lang='lat' dir='ltr'><strong>dicant</strong></span> <span class='ocrx_word' id='word_1_925' title='bbox 3448 5549 3635 5606; x_wconf 89' lang='lat' dir='ltr'><strong>Domi-</strong></span> 
     </span>
    </p>
   </div>
   <div class='ocr_carea' id='block_1_114' title="bbox 2033 4020 3607 4097">
    <p class='ocr_par' dir='ltr' id='par_1_114' title="bbox 2033 4020 3607 4097">
     <span class='ocr_line' id='line_1_114' title="bbox 2033 4020 3607 4097; baseline -0.001 -23"><span class='ocrx_word' id='word_1_926' title='bbox 2033 4020 2192 4077; x_wconf 86' lang='lat' dir='ltr'><strong>ritate</strong></span> <span class='ocrx_word' id='word_1_927' title='bbox 2222 4021 2496 4077; x_wconf 83' lang='lat' dir='ltr'><strong>aberrare.</strong></span> <span class='ocrx_word' id='word_1_928' title='bbox 2542 4020 2680 4077; x_wconf 88' lang='lat' dir='ltr'><strong>Ecce</strong></span> <span class='ocrx_word' id='word_1_929' title='bbox 2728 4023 2871 4077; x_wconf 87' lang='lat' dir='ltr'><strong>enim</strong></span> <span class='ocrx_word' id='word_1_930' title='bbox 2913 4022 3057 4097; x_wconf 89' lang='lat' dir='ltr'><strong>apud</strong></span> <span class='ocrx_word' id='word_1_931' title='bbox 3099 4022 3295 4077; x_wconf 86' lang='lat' dir='ltr'><strong>Isaiam</strong></span> <span class='ocrx_word' id='word_1_932' title='bbox 3342 4022 3607 4089; x_wconf 86' lang='lat' dir='ltr'><strong>scriptum</strong></span> 
     </span>
    </p>
   </div>
   <div class='ocr_carea' id='block_1_115' title="bbox 366 5484 1532 5561">
    <p class='ocr_par' dir='ltr' id='par_1_115' title="bbox 366 5484 1532 5561">
     <span class='ocr_line' id='line_1_115' title="bbox 366 5484 1532 5561; baseline -0.009 -17"><span class='ocrx_word' id='word_1_933' title='bbox 366 5491 733 5561; x_wconf 72' lang='grc' dir='ltr'>προφητικοῖς</span> <span class='ocrx_word' id='word_1_934' title='bbox 766 5487 977 5551; x_wconf 81' lang='grc' dir='ltr'>τούτοις</span> <span class='ocrx_word' id='word_1_935' title='bbox 1030 5484 1461 5556; x_wconf 78' lang='grc' dir='ltr'>ἐντυγχάνοντας</span> <span class='ocrx_word' id='word_1_936' title='bbox 1516 5526 1532 5552; x_wconf 77' lang='grc'><strong>,</strong></span> 
     </span>
    </p>
   </div>
   <div class='ocr_carea' id='block_1_116' title="bbox 370 5567 1964 5652">
    <p class='ocr_par' dir='ltr' id='par_1_116' title="bbox 370 5567 1964 5652">
     <span class='ocr_line' id='line_1_116' title="bbox 370 5567 1964 5652; baseline -0.009 -17"><span class='ocrx_word' id='word_1_937' title='bbox 370 5599 536 5652; x_wconf 88' lang='grc' dir='ltr'>τερον</span> <span class='ocrx_word' id='word_1_938' title='bbox 561 5580 761 5643; x_wconf 76' lang='grc' dir='ltr'>αὐτοὺς</span> <span class='ocrx_word' id='word_1_939' title='bbox 781 5577 1184 5647; x_wconf 76' lang='grc' dir='ltr'>διαλογίζεσθαι</span> <span class='ocrx_word' id='word_1_940' title='bbox 1214 5576 1309 5630; x_wconf 81' lang='grc' dir='ltr'><strong>καί</strong></span> <span class='ocrx_word' id='word_1_941' title='bbox 1340 5575 1467 5645; x_wconf 74' lang='grc' dir='ltr'>περὶ</span> <span class='ocrx_word' id='word_1_942' title='bbox 1495 5569 1590 5626; x_wconf 87' lang='grc' dir='ltr'><strong>τοῦ</strong></span> <span class='ocrx_word' id='word_1_943' title='bbox 1615 5567 1964 5640; x_wconf 75' lang='grc' dir='ltr'>σεσιωπημέο</span> 
     </span>
    </p>
   </div>
   <div class='ocr_carea' id='block_1_117' title="bbox 454 5699 3633 5787">
    <p class='ocr_par' dir='ltr' id='par_1_117' title="bbox 454 5699 3633 5787">
     <span class='ocr_line' id='line_1_117' title="bbox 454 5699 3633 5787; baseline -0.006 -10"><span class='ocrx_word' id='word_1_944' title='bbox 454 5723 469 5753; x_wconf 90' lang='grc'>¹</span> <span class='ocrx_word' id='word_1_945' title='bbox 506 5722 607 5777; x_wconf 88' lang='lat' dir='ltr'><strong>lsa.</strong></span> <span class='ocrx_word' id='word_1_946' title='bbox 639 5737 791 5787; x_wconf 77' lang='lat' dir='ltr'><strong>unt,</strong></span> <span class='ocrx_word' id='word_1_947' title='bbox 822 5721 909 5775; x_wconf 65' lang='lat' dir='ltr'><strong>l5.</strong></span> <span class='ocrx_word' id='word_1_948' title='bbox 987 5720 1009 5751; x_wconf 79' lang='grc'>³</span> <span class='ocrx_word' id='word_1_949' title='bbox 1034 5719 1204 5775; x_wconf 89' lang='lat' dir='ltr'><strong>Levit.</strong></span> <span class='ocrx_word' id='word_1_950' title='bbox 1252 5736 1326 5782; x_wconf 79' lang='lat' dir='ltr'><strong>XI,</strong></span> <span class='ocrx_word' id='word_1_951' title='bbox 1364 5716 1468 5781; x_wconf 69' lang='lat'><strong>45;</strong></span> <span class='ocrx_word' id='word_1_952' title='bbox 1544 5719 1698 5773; x_wconf 88' lang='lat' dir='ltr'><strong>Deut.</strong></span> <span class='ocrx_word' id='word_1_953' title='bbox 1763 5733 1934 5773; x_wconf 69' lang='grc' dir='ltr'>χχιιι.</span> <span class='ocrx_word' id='word_1_954' title='bbox 1996 5714 2121 5787; x_wconf 47' lang='grc' dir='ltr'>ὅθί</span> <span class='ocrx_word' id='word_1_955' title='bbox 2158 5711 2297 5787; x_wconf 77' lang='lat' dir='ltr'><strong>lsa._</strong></span> <span class='ocrx_word' id='word_1_956' title='bbox 2324 5727 2450 5776; x_wconf 72' lang='grc' dir='ltr'>ην,</span> <span class='ocrx_word' id='word_1_957' title='bbox 2493 5713 2601 5776; x_wconf 75' lang='lat'><strong>2|;</strong></span> <span class='ocrx_word' id='word_1_958' title='bbox 2657 5709 2783 5787; x_wconf 72' lang='lat' dir='ltr'><strong>Qse.</strong></span> <span class='ocrx_word' id='word_1_959' title='bbox 2815 5722 2940 5787; x_wconf 55' lang='grc' dir='ltr'>ξιιμ.</span> <span class='ocrx_word' id='word_1_960' title='bbox 2967 5708 3021 5761; x_wconf 72' lang='grc'><strong>4.</strong></span> <span class='ocrx_word' id='word_1_961' title='bbox 3101 5704 3291 5787; x_wconf 38' lang='grc' dir='ltr'><strong>’.νεα-1.</strong></span> <span class='ocrx_word' id='word_1_962' title='bbox 3315 5716 3496 5769; x_wconf 76' lang='lat' dir='ltr'><strong>uxvr,</strong></span> <span class='ocrx_word' id='word_1_963' title='bbox 3541 5699 3633 5759; x_wconf 72' lang='grc'><strong>21.</strong></span> 
     </span>
    </p>
   </div>
   <div class='ocr_carea' id='block_1_118' title="bbox 379 5775 1927 5854">
    <p class='ocr_par' dir='ltr' id='par_1_118' title="bbox 379 5775 1913 5854">
     <span class='ocr_line' id='line_1_118' title="bbox 379 5775 1913 5854; baseline -0.001 -7"><span class='ocrx_word' id='word_1_964' title='bbox 379 5790 404 5823; x_wconf 66' lang='grc'>⁸</span> <span class='ocrx_word' id='word_1_965' title='bbox 432 5775 576 5848; x_wconf 58' lang='grc' dir='ltr'>Ρευίζ</span> <span class='ocrx_word' id='word_1_966' title='bbox 612 5775 811 5852; x_wconf 66' lang='grc' dir='ltr'>ιςιινιὶ.</span> <span class='ocrx_word' id='word_1_967' title='bbox 845 5792 931 5847; x_wconf 76' lang='grc'><strong>55.</strong></span> <span class='ocrx_word' id='word_1_968' title='bbox 1010 5793 1030 5823; x_wconf 77' lang='grc'>⁸</span> <span class='ocrx_word' id='word_1_969' title='bbox 1056 5790 1201 5847; x_wconf 76' lang='lat' dir='ltr'><strong>l’sal.</strong></span> <span class='ocrx_word' id='word_1_970' title='bbox 1237 5775 1432 5853; x_wconf 63' lang='lat' dir='ltr'><strong>cxixv,</strong></span> <span class='ocrx_word' id='word_1_971' title='bbox 1456 5775 1549 5844; x_wconf 44' lang='lat'>&#39;16.</span> <span class='ocrx_word' id='word_1_972' title='bbox 1629 5791 1649 5822; x_wconf 70' lang='grc' dir='ltr'><strong>δ</strong></span> <span class='ocrx_word' id='word_1_973' title='bbox 1692 5789 1846 5845; x_wconf 56' lang='lat' dir='ltr'><strong>Deut.</strong></span> <span class='ocrx_word' id='word_1_974' title='bbox 1872 5806 1913 5854; x_wconf 78' lang='grc' dir='ltr'>ι.</span> 
     </span>
    </p>
   </div>
   <div class='ocr_carea' id='block_1_119' title="bbox 2026 5775 3278 5854">
    <p class='ocr_par' dir='ltr' id='par_1_119' title="bbox 2057 5775 3278 5851">
     <span class='ocr_line' id='line_1_119' title="bbox 2057 5775 3278 5851; baseline -0.01 -10"><span class='ocrx_word' id='word_1_975' title='bbox 2057 5775 2146 5841; x_wconf 71' lang='lat'><strong>53.</strong></span> <span class='ocrx_word' id='word_1_976' title='bbox 2224 5786 2241 5816; x_wconf 91' lang='lat'>&#39;</span> <span class='ocrx_word' id='word_1_977' title='bbox 2278 5783 2385 5840; x_wconf 81' lang='lat' dir='ltr'><strong>lsa.</strong></span> <span class='ocrx_word' id='word_1_978' title='bbox 2429 5775 2615 5851; x_wconf 55' lang='lat' dir='ltr'><strong>tum,</strong></span> <span class='ocrx_word' id='word_1_979' title='bbox 2657 5782 2738 5837; x_wconf 76' lang='grc' dir='ltr'><strong>ιϋ.</strong></span> <span class='ocrx_word' id='word_1_980' title='bbox 2814 5779 2836 5811; x_wconf 82' lang='grc'><strong>⁸</strong></span> <span class='ocrx_word' id='word_1_981' title='bbox 2867 5781 3007 5850; x_wconf 72' lang='lat' dir='ltr'><strong>Agg.</strong></span> <span class='ocrx_word' id='word_1_982' title='bbox 3036 5791 3097 5844; x_wconf 79' lang='grc' dir='ltr'><strong>ιι,</strong></span> <span class='ocrx_word' id='word_1_983' title='bbox 3138 5775 3193 5844; x_wconf 85' lang='grc'>5,</span> <span class='ocrx_word' id='word_1_984' title='bbox 3227 5775 3278 5837; x_wconf 81' lang='grc'><strong>6.</strong></span> 
     </span>
    </p>
   </div>
  </div>
