4064 6430
427 359 533 422 7ὓ3

1674 360 2059 461 ΕἏΠΤΠῩΜΙΙ
2112 364 2477 427 ZiGABENI

3592 370 3697 432 Ἱθί

435 506 566 544 num
594 505 735 558 esse,
765 491 907 546 idem
935 505 1060 548 esse
1092 504 1157 546 ae
1184 487 1382 545 Filium
1419 503 1541 545 esse
1568 504 1583 541 :
1613 487 1742 559 quid
1764 486 1830 542 de
1855 484 2017 543 Patre

2120 505 2226 542 νου.
2252 489 2350 542 Ἂν
2380 507 2439 542 τε
2468 490 2576 562 γὰρ
2605 490 2692 544 τὸν
2719 490 2921 565 Κύριον
2938 487 3099 556 εἷναι,
3130 494 3391 567 φήσουσιν
3421 490 3557 549 εἶναι
3601 498 3691 548 τὸν

435 578 634 635 dicturi
688 582 849 637 sunt?
894 579 953 635 Si
1006 596 1136 636 vero
1199 579 1331 633 illud
1375 579 1442 633 de
1480 576 1643 632 Patre
1691 577 2015 647 intelligant,

437 673 567 742 quid
601 673 799 728 dicturi
829 682 955 728 sunt
989 673 1054 727 de
1084 671 1263 726 Filio?
1307 669 1504 725 Procul
1536 679 1716 725 autem
1748 669 1892 725 absit
1931 670 2016 725 vel

439 779 468 821 ε
491 765 606 820 sola
641 764 984 834 cogitatione,
1011 777 1072 815 ea
1103 776 1225 832 qua:
1252 776 1319 815 ex
1349 760 1564 814 illorum
1590 758 1856 815 sententia
1887 774 2016 814 con-

438 855 686 926 sequitur
720 855 991 924 impietas.
1029 852 1232 923 Nempe
1259 852 1381 908 iilos
1414 851 1748 921 respondere
1791 864 2018 907 necesse

438 959 541 1013 est,
565 951 649 1001 vel
682 946 888 1001 nullum
939 946 1090 1000 illum
1129 961 1274 1012 esse,
1296 945 1402 1012 vel,
1436 944 1580 1015 quod
1629 943 1852 999 silentio
1885 958 2019 1013 prm-

438 1040 730 1096 termissus
753 1040 846 1106 sit,
876 1054 1002 1094 eum
1030 1038 1173 1093 inter
1204 1052 1293 1092 res
1321 1047 1532 1092 creatas
1556 1050 1944 1091 annumerare.

640 1128 780 1197 Quid
816 1131 946 1184 item
976 1128 1176 1185 dicturi
1211 1137 1370 1194 sunt,
1402 1129 1448 1184 si
1483 1128 1660 1197 ipsum
1693 1126 1859 1183 etiam
1907 1125 2016 1180 Do-

438 1208 648 1275 minum
684 1221 951 1275 dicentem
992 1218 1304 1274 audierint:
1345 1236 1365 1269 ι
1412 1216 1586 1274 Judex
1632 1218 1853 1289 quidam
1903 1225 2019 1272 erat

440 1312 496 1366 in
530 1312 766 1382 quadam
798 1312 1037 1378 civitate,
1072 1311 1166 1380 qui
1199 1309 1369 1365 Deum
1401 1325 1507 1364 non
1554 1310 1800 1375 timebat,
1835 1318 1889 1363 et
1919 1309 2019 1363 ho-

441 1403 643 1458 minem
685 1419 795 1457 non
831 1403 1185 1487 reverebatuIr
1250 1401 1293 1456 ⁸.
1332 1421 1352 1452 ι
1407 1400 1843 1471 Nunquidquia
1898 1409 2020 1469 post

442 1491 614 1549 Deum
676 1495 955 1549 hominem
1007 1493 1330 1559 nominavit,
1374 1493 1464 1548 ille
1515 1493 1679 1549 homo
1720 1501 1805 1548 est
1849 1490 2018 1546 Filius

440 1575 603 1657 quen'i
640 1587 880 1657 injustus
902 1587 1069 1658 judex
1105 1602 1213 1642 non
1245 1585 1560 1642 reveretur?
1605 1585 1687 1640 An
1726 1585 1860 1640 forte
1890 1585 2018 1655 quia

442 1684 567 1747 post
594 1675 789 1740 Deum,
834 1677 1107 1731 hominem
1139 1674 1459 1738 subdiderit,
1492 1675 1687 1730 tertius
1735 1684 1812 1729 est
1850 1674 2019 1729 Filius

2122 579 2265 644 Υίὸν,
2299 582 2353 634 τί
2376 580 2443 635 ἂν
2466 581 2668 635 εἴποιεν
2694 583 2821 654 περὶ
2847 584 2941 638 τοῦ
2976 585 3223 656 Πατρός;
3250 584 3316 638 ἄν
3350 603 3410 638 τε
3453 586 3544 638 τὸν
3586 588 3698 638 Πα-

2115 669 2247 740 τέρα
2269 672 2484 736 είπωσι,
2530 671 2581 724 τί
2623 671 2688 724 ἂν
2719 673 2922 726 εἴποιεν
2952 673 3200 745 περὶτοῦ
3238 674 3399 741 Tim};
3438 674 3549 745 Τὴν
3588 676 3698 747 γὰρ

2115 760 2514 815 ἀκολουθοῦσαν
2546 764 2667 816 κατ’
2696 764 2939 827 ἐκείνους
2963 764 3275 836 δυσφημίαν
3315 766 3449 837 μηδὲ
3478 767 3694 836 λογίσα-

2119 852 2243 907 σθαί
2272 870 2394 907 τινα
2417 852 2626 922 γένοιτο
2645 871 2658 884 ’
2694 852 2911 925 ἀνάγκη
2942 855 3051 928 γὰρ
3080 857 3276 922 αὐτοὺς
3312 858 3509 920 εἰπεῖν,
3539 858 3572 928 ἢ
3613 859 3698 911 ὅτι

2116 943 2216 998 ούκ
2242 943 2410 1011 ἔστιν,
2439 943 2471 1015 ἦ
2496 946 2607 1009 τοῖς
2653 945 2922 1017 ποιήμασι
2955 946 3309 1018 συναριθμεῖν
3329 947 3389 1000 τὸ
3419 964 3697 1018 σεσιωπη-

2121 1035 2299 1109 μένον.

2317 1129 2384 1182 Τί
2405 1128 2450 1181 δ’
2477 1127 2543 1184 ἂν
2571 1130 2777 1184 εἴποιεν
2813 1166 2832 1195 ,
2992 1130 3088 1184 ἐὰν
3127 1130 3420 1185 ἀκούσουσι
3465 1132 3559 1185 καὶ
3601 1129 3698 1184 τοῦ

2116 1220 2321 1294 Κυρίου
2347 1220 2622 1290 λέγοντος·
2648 1240 2667 1273 ι
2694 1222 2904 1294 Κριτής
2931 1240 3015 1287 τις
3038 1217 3105 1295 ἦν
3133 1222 3191 1276 ἐν
3222 1239 3331 1276 τινι
3377 1222 3565 1294 χώρᾳ,
3604 1223 3702 1276 τὸν

2116 1310 2247 1364 Θεὸν
2278 1309 2351 1382 μὴ
2384 1309 2750 1381 φοϐούμενος,
2794 1309 2889 1363 καὶ
2924 1310 3211 1381 ἄνθρωπον
3254 1310 3330 1382 μὴ
3367 1311 3700 1383 ἐντρεπόμε-

2116 1418 2224 1464 νος.
2259 1419 2276 1451 ι
2312 1395 2478 1469 Ἀρα,
2515 1398 2703 1470 ἐπειδὴ
2747 1397 2887 1471 μετά
2929 1399 3020 1453 τὸν
3071 1399 3205 1452 Θεὸν
3413 1400 3702 1471 ὠνόμασεν

2117 1491 2419 1564 ἄνθρωπον,
2442 1494 2471 1546 6
2488 1492 2615 1556 Υἱός
2636 1494 2783 1546 ἐστιν
2808 1484 2963 1557 οὗτος
2994 1495 3022 1546 6
3054 1492 3358 1564 ἄνθρωπος,
3394 1491 3453 1546 δν
3477 1492 3577 1546 οὐκ
3610 1494 3697 1547 ὲν-

2117 1580 2328 1652 ετράπη
2356 1580 2577 1645 όάδικος
2602 1580 2825 1653 κριτής;
2853 1581 2923 1634 Ἦ
2945 1580 3132 1653 ἐπειδὴ
3155 1582 3291 1652 μετὰ
3309 1581 3398 1635 τὸν
3413 1580 3543 1635 Θεὸν
3558 1580 3700 1634 ὠνό-

2125 1688 2263 1743 μασε
2310 1672 2402 1725 τὸν
2441 1670 2754 1742 ἄνθρωπον,
2796 1671 2978 1742 τρίτος
3003 1672 3151 1727 ἐστὶν
3193 1672 3221 1724 6
3255 1672 3383 1736 Υίὸς
3436 1671 3574 1743 μετά
3605 1671 3704 1725 τὸν

442 1777 570 1836 post
602 1765 901 1825 hominem.
932 1775 985 1820 et
1014 1774 1245 1836 quartus
1279 1762 1515 1833 Spiritus
1560 1763 1826 1818 sanctus?
1854 1761 2018 1828 Quid,

2124 1759 2429 1832 ἄνθρωπον,
2470 1761 2565 1813 καὶ
2593 1760 2850 1833 τέταρτον
2876 1761 2934 1814 τὸ
2962 1761 3185 1834 Πνεῦμα
3216 1762 3276 1815 τὸ
3306 1761 3493 1830 ἀγιον,;
3532 1760 3596 1813 Τί
3641 1761 3702 1814 δὲ

445 1855 494 1912 si
534 1858 855 1926 Apostolum
895 1856 1081 1910 eadem
1114 1853 1358 1925 Epistula
1386 1868 1579 1908 rursus
1610 1853 1877 1908 dicentem
1918 1868 2020 1906 au-

444 1946 599 2002 diant
665 1965 685 1997 ι
720 1945 984 2015 Ριιεοὶρίο
1042 1945 1140 2000 tibi
1184 1959 1372 2001 coram
1430 1943 1582 2008 Deo,
1629 1944 1724 2012 qui
1785 1942 2020 1998 viviﬁeat

444 2038 650 2103 omnia,
684 2045 739 2092 et
764 2036 984 2092 Christo
1020 2034 1171 2100 Jesu,
1220 2036 1315 2106 qui
1361 2034 1732 2090 testimonium
1782 2033 2018 2089 reddidit

446 2128 550 2183 sub
577 2126 772 2182 Pontio
810 2125 987 2181 Pilato
1030 2127 1228 2182 bonam
1266 2124 1688 2192 confessionem,
1731 2132 1792 2179 ut
1836 2139 2020 2181 serves

446 2220 762 2276 mandatum
791 2219 909 2275 sine
936 2220 1168 2279 macula,
1194 2217 1671 2289 irreprehensibile
1713 2220 1734 2250 '
1766 2236 1786 2269 ι
1815 2216 1840 2270 ‘l
1878 2214 2017 2271 Num

447 2312 574 2383 quia
601 2313 690 2366 hic
718 2311 785 2366 de
827 2311 1034 2381 angelis
1076 2320 1132 2365 et
1176 2309 1381 2381 Spiritu
1412 2308 1584 2375 siluit,
1617 2310 1685 2364 de
1717 2310 1923 2379 Spiritu
1970 2317 2026 2364 et

446 2402 515 2458 de
543 2401 748 2472 angelis
777 2409 959 2455 utrum
994 2401 1104 2456 sint
1130 2400 1418 2455 dubitant?
1457 2399 1534 2454 ita
1574 2413 1706 2455 sane
1743 2399 2026 2455 dubitave-

446 2492 577 2558 rint,
627 2491 868 2561 quandiu
916 2491 1034 2546 haec
1090 2490 1227 2545 adeo
1293 2491 1473 2560 impia
1515 2498 1705 2545 contra
1756 2488 2021 2561 Spiritum

448 2582 874 2638 meditabuntur.
899 2580 955 2637 Si
984 2593 1244 2653 praeterea
1269 2582 1336 2638 ad
1362 2582 1478 2637 haec
1504 2581 1629 2636 libri
1658 2580 1829 2636 Exodi
1861 2582 2022 2636 verba

449 2674 733 2728 attendant
757 2714 775 2743 ,
847 2692 867 2725 ι
913 2672 1118 2728 Timuit
1147 2683 1328 2729 autem
1361 2674 1594 2745 populus
1623 2671 1936 2739 Dominum,
1967 2681 2021 2727 et

450 2766 796 2823 crediderunt
827 2765 938 2822 Deo
975 2776 1031 2822 et
1058 2767 1226 2839 Moysi
1262 2783 1419 2823 servo
1451 2767 1571 2836 ejus
1605 2772 1627 2804 ³
1660 2805 1674 2829 ,
1715 2784 1735 2817 ι
1770 2781 1838 2820 an
1865 2763 2022 2835 Moy-

449 2866 563 2910 sem
595 2852 706 2908 Deo
732 2853 1143 2908 annumeraturi
1173 2859 1324 2916 sunt,
1360 2864 1536 2920 neque
1562 2858 1690 2920 post
1720 2848 1913 2913 Deum,
1944 2851 2034 2906 Fi-

2124 1852 2253 1923 ἄρα,
2270 1850 2365 1903 ὲάν
2381 1851 2473 1903 καὶ
2501 1849 2593 1904 τοῦ
2630 1849 2952 1904 Ἀποστόλου
2980 1853 3037 1905 ὲν
3056 1854 3121 1923 τῇ
3141 1851 3276 1923 αὐτῇ
3308 1851 3558 1922 ἐπιστολῇ
3590 1852 3701 1905 πά-

2120 1941 2202 1997 λιν
2251 1941 2496 2011 λέγοντος
2525 1941 2833 1995 ἀκούσωσι·
2873 1961 2891 1993 ι
2923 1943 3296 2016 Παραγγέλλω
3336 1960 3417 1996 σοι
3468 1941 3703 1997 ἐνώπιον

2120 2033 2213 2088 τοῦ
2241 2034 2377 2087 Θεοῦ
2427 2031 2519 2086 τοῦ
2550 2032 2936 2102 ζωογονοῦντος
2976 2033 3047 2086 τὰ
3099 2034 3276 2088 πάντα
3300 2075 3317 2101 ,
3368 2034 3462 2086 καὶ
3491 2033 3702 2105 Κυρίου

2134 2124 2309 2196 Ἰησοῦ
2335 2123 2592 2195 Χριστοῦ,
2622 2122 2715 2176 τοῦ
2744 2124 3192 2196 μαρτυρήσαντος
3224 2123 3317 2175 ἐπὶ
3351 2123 3576 2177 Ποντίου
3603 2125 3706 2175 Πι-

2121 2216 2305 2279 λάτου,
2334 2216 2434 2286 τὴν
2454 2215 2624 2286 καλὴν
2657 2215 2965 2287 ὁμολογίαν,
2989 2214 3224 2287 τηρῆσαί
3250 2231 3309 2267 σε
3342 2214 3442 2285 τὴν
3482 2214 3706 2286 ἐντολὴν
3802 2280 3807 2285 _

2122 2308 2369 2370 ἄσπιλον,
2410 2306 2777 2378 ἀνεπίληπτον
2807 2323 2822 2372 ;
2854 2325 2873 2357 ι
2910 2301 3057 2379 Ἀρα
3104 2302 3197 2360 οῦν
3220 2345 3236 2371 ,
3275 2306 3464 2378 ἐπειδὴ
3510 2305 3707 2359 σεσιώ-

2122 2418 2265 2470 πηκε
2285 2399 2380 2454 νῦν
2404 2397 2533 2470 περὶ
2557 2398 2801 2468 ἀγγέλων
2823 2398 2919 2452 καὶ
2940 2396 3278 2470 Πνεύματος,
3303 2398 3701 2469 ἀμφιϐάλλουσι

2126 2489 2257 2559 περὶ
2287 2487 2623 2559 Πνεύματος,
2648 2490 2698 2542 εί
2731 2488 2847 2543 ἔστι
2888 2524 2907 2553 ,
3046 2488 3140 2542 καὶ
3176 2486 3302 2558 περὶ
3329 2487 3575 2556 ἀγγέλων
3595 2526 3610 2552 ,
3651 2486 3709 2540 εἴ

2127 2582 2232 2635 εἰσι
2254 2597 2268 2647 ;
2287 2580 2394 2633 Ναὶ
2413 2580 2844 2652 ἀμφιϐάλλουσιν
2865 2581 2971 2646 ἕως
2998 2580 3220 2635 τοιαῦτα
3248 2580 3547 2651 δυσφημεῖν
3572 2580 3703 2651 περὶ

2124 2671 2218 2727 τοῦ
2264 2671 2583 2743 Πνεύματος
2622 2672 3078 2745 μεμελετήκασιν,
3146 2669 3272 2725 Ἐὰν
3318 2671 3377 2724 δὲ
3427 2670 3706 2724 ἀκούσωσι

2123 2765 2223 2836 τῆς
2253 2764 2477 2835 Γραφῆς
2504 2763 2767 2835 λεγούσης
2798 2765 2855 2817 ὲν
3012 2766 3077 2834 τῇ
3121 2762 3337 2835 Ἐξόδιι
3372 2781 3392 2815 ι
3427 2762 3704 2835 Ἐφοϐήθη

2120 2848 2177 2902 δὲ
2197 2848 2227 2899 6
2261 2846 2392 2911 λαὸς
2425 2846 2515 2901 τὸν
2540 2845 2766 2919 Κύριον,
2822 2847 2919 2902 καὶ
2952 2849 3284 2903 ὲπιστευσαν
3316 2848 3394 2920 τῷ
3439 2847 3579 2918 Θεῷ,
3608 2848 3708 2902 καὶ

451 2945 583 2999 lium
612 2944 708 3000 sed
756 2944 933 3000 solum
968 2943 1209 3016 Moysem
1242 2951 1373 2998 sunt
1411 2939 1790 2997 intellecturi?
1816 2940 1955 3006 Quid
1986 2942 2021 2998 si

2120 2942 2316 3013 Μωσῇ,
2351 2940 2427 3012 τῷ
2461 2940 2974 3013 θεραπόντιαύτοῦ,
3022 2960 3040 2994 ι
3082 2938 3192 3015 ἆρα
3239 2942 3710 3015 συναριθμήσουσι

447 3038 613 3095 etiam
651 3036 1017 3109 patriarcham
1065 3034 1235 3092 Jacob
1295 3034 1536 3106 Josepho
1777 3032 1863 3088 his
1906 3048 2027 3087 vero

2120 3032 2197 3104 τῷ
2228 3033 2348 3105 Θεῷ
2374 3033 2467 3088 τὸν
2494 3033 2721 3106 Μωσῆν,
2761 3035 2856 3088 καὶ
2893 3037 3031 3106 μετὰ
3057 3035 3150 3090 τὸν
3184 3035 3317 3089 Θεὸν
3364 3035 3423 3088 οὐ
3454 3038 3710 3108 νοήσουσι

448 3130 533 3184 bis
548 3130 869 3185 benedicere
888 3128 1240 3184 meminerint
1271 3146 1290 3179 ι
1321 3126 1467 3183 Deus
1517 3125 1611 3197 qui
1644 3124 1823 3197 pascit
1853 3139 1939 3179 me
1962 3123 2021 3179 ab

2120 3123 2210 3178 τὸν
2237 3124 2385 3187 Υίὸν,
2412 3124 2548 3179 ἀλλά
2572 3122 2731 3196 μόνον
2756 3124 2848 3179 τὸν
2875 3126 3111 3197 Μωσῆνς
3174 3124 3239 3177 Τί
3279 3124 3360 3189 δὲ,
3410 3124 3506 3178 ἐὰν
3543 3127 3712 3180 ἀκού-

447 3221 819 3278 adoles‘centia
844 3235 963 3275 mea
994 3235 1170 3291 usque
1207 3220 1260 3277 in
1292 3227 1619 3291 pmsentem
1646 3219 1789 3274 diem
1818 3234 1833 3285 ;
1860 3233 2030 3289 ange-

446 3311 555 3374 lus,
593 3312 690 3381 qui
727 3310 875 3366 emit
905 3324 993 3366 me
1024 3311 1092 3364 de
1122 3310 1338 3365 cunctis
1370 3309 1549 3375 malis,
1581 3309 1867 3365 benedicat
1895 3322 2030 3380 pue-

2120 3232 2255 3269 σωσι
2292 3214 2387 3268 καὶ
2435 3214 2530 3269 τοῦ
2571 3216 2915 3288 πατριάρχου
2973 3214 3171 3270 Ἰακὼϐ
3227 3215 3576 3286 εὐλογοῦντος
3613 3217 3711 3271 τὸν

2131 3306 2326 3379 Ἰωσὴφ
2360 3308 2454 3361 καὶ
2480 3307 2732 3375 λέγοντος
2752 3324 2765 3338 °
2803 3327 2821 3360 ι
2867 3308 2925 3362 Ὀ
2948 3308 3081 3393 Θεὸς
3099 3309 3127 3361 6
3150 3308 3367 3381 τρέφων
3397 3326 3464 3380 με
3502 3312 3566 3363 ὲκ
3592 3314 3712 3364 νεό-
3759 3297 3767 3306 ’

445 3400 527 3455 ris
558 3400 681 3455 istis
728 3397 753 3433 ⁸
788 3418 808 3452 ι
831 3400 856 3454 ?
882 3398 1025 3455 Num
1061 3399 1189 3469 quia
1218 3408 1342 3469 post
1368 3399 1537 3455 Deum
1577 3399 1830 3468 angelum
1861 3396 2021 3453 nomi-

2120 3399 2276 3470 τητός
2312 3417 2413 3471 μου
2438 3399 2544 3464 ἕως
2576 3399 2677 3470 τῆς
2706 3400 2919 3472 ἡμέρας
2947 3394 3154 3472 ταύτης
3176 3417 3190 3432 ’
3219 3403 3247 3454 6
3279 3400 3511 3472 ἄγγελος
3532 3405 3559 3456 6
3578 3403 3708 3473 ῥυό-

448 3489 619 3555 navit,
654 3490 807 3561 prior
850 3499 935 3546 est
968 3491 1198 3561 angelus
1231 3489 1391 3559 Filio,
1427 3498 1523 3546 aut
1558 3490 1730 3546 Filius
1758 3490 1900 3544 inter
1928 3504 2028 3545 an-

2120 3491 2279 3562 μενός
2317 3509 2385 3562 με
2412 3493 2477 3544 ὲκ
2504 3492 2723 3545 πάντων
2758 3492 2867 3545 τῶν
2913 3493 3098 3547 κακῶν
3146 3492 3441 3564 εὐλογῆσαι
3634 3493 3711 3547 τά

446 3582 596 3653 gelos
629 3581 1062 3637 annumeratur?
1102 3580 1179 3636 lta
1214 3581 1459 3651 proiecto
1493 3581 1797 3645 senserint,
1829 3581 2021 3663 quippe

2120 3582 2305 3637 παιδία
2332 3582 2506 3638 ταῦτα
2536 3602 2554 3635 ι
2584 3601 2599 3650 ;
2632 3580 2801 3655 Ἆρα,
2836 3585 3024 3657 ἐπειδὴ
3058 3584 3199 3657 μετά
3249 3585 3343 3639 τὸν
3399 3584 3533 3639 Θεὸν
3574 3586 3711 3639 ὠνό-

445 3675 645 3747 quibus
677 3691 774 3731 cor
799 3684 1117 3746 corruptum
1143 3677 1235 3731 sit.
1264 3674 1468 3732 Verum
1496 3693 1605 3731 non
1636 3676 1751 3732 haec
1784 3682 1869 3733 est
1898 3687 2021 3743 apo-

2120 3692 2293 3746 μασεν
2324 3675 2579 3746 ἄγγελον,
2629 3677 2845 3750 πρῶτός
2897 3680 3045 3731 ἐστιν

3243 3680 3273 3732 6
3323 3676 3556 3746 ἄγγελος
3607 3678 3703 3731 τοῦ

444 3766 636 3821 stoiica
671 3766 823 3832 ildes,
855 3782 1032 3836 neque
1061 3780 1124 3822 ea
1167 3765 1310 3822 ferre
1357 3767 1486 3823 licet
1524 3766 1862 3823 Christiano.
1890 3767 2021 3822 Nam

2120 3765 2269 3833 Υίοῦ,
2299 3767 2611 3839 ἢάγγέλοις
2650 3770 3069 3844 συναριθμεῖται
3097 3771 3126 3824 6
3169 3770 3329 3837 Υίός;
3365 3771 3474 3825 Ναὶ
3494 3811 3508 3837 ,
3541 3772 3704 3824 πάλιν

443 3864 630 3911 saneta
680 3864 735 3910 et
777 3855 933 3911 beata
966 3854 1207 3912 Trinitas
1246 3857 1526 3912 individua
1570 3868 1734 3928 atque
1774 3859 1893 3929 ipsa
1937 3873 2021 3914 se-

2120 3858 2256 3914 οῦτω
2290 3862 2564 3932 νοήσουσι,
2611 3862 3018 3935 διεφθαρμένην
3049 3862 3269 3935 ἔχοντες
3301 3863 3399 3935 τὴν
3447 3863 3695 3933 καρδίαν.

442 3962 566 4002 cum
599 3947 753 4002 unita
780 3955 894 4015 est,
927 3947 1001 4002 ita
1036 3956 1096 4003 ut
1124 3948 1218 4003 ubi
1253 3948 1431 4005 Patris
1474 3950 1681 4004 mentio
1724 3948 1839 4014 ﬁat,
1876 3948 2024 4021 ejus-

440 4037 565 4092 dem
617 4040 803 4093 statim
837 4036 1100 4106 Verbum,
1143 4053 1210 4096 ac
1257 4039 1315 4094 in
1362 4036 1505 4095 Filio
1551 4039 1789 4110 Spiritus
1834 4041 2028 4097 debeat

2125 3951 2264 4004 Ἀλλ’
2297 3952 2396 4022 οὐχ
2427 3953 2460 4024 ἡ
2495 3953 2829 4025 ἀποστολικὴ
2884 3954 3066 4017 πίστις
3125 3955 3243 4008 ἐστὶ
3270 3950 3489 4021 τοιαύτη
3514 3991 3529 4016 ,
3582 3949 3693 4002 οὐδ’

2111 4044 2248 4109 ὅλως
2274 4045 2602 4117 Χριστιανὸς
2625 4046 2914 4118 ἀνάσχοιτο
2944 4046 3009 4101 ἂν
3039 4045 3264 4101 τούτων.
3313 4043 3372 4098 'H
3409 4042 3519 4114 γὰρ
3561 4040 3695 4109 ἁγία

443 4130 691 4198 intelligi.
738 4129 896 4196 Quod
949 4129 997 4185 si
1044 4129 1220 4186 Filius
1272 4130 1608 4199 nominetur,
1659 4130 1912 4186 similiter
1969 4132 2021 4186 in

2120 4136 2209 4190 καὶ
2261 4138 2512 4210 μακαρία
2541 4138 2735 4210 Τριάς,
2765 4137 3072 4209 ἀδιαίρετος
3123 4139 3220 4192 καὶ
3259 4134 3509 4208 ἡνωμένη
3558 4132 3696 4204 πρὸς

441 4219 582 4276 Filio
604 4228 687 4275 est
712 4219 896 4287 Pater,
928 4235 1029 4276 nec
1056 4229 1212 4275 extra
1240 4218 1478 4277 Verbum
1507 4233 1593 4279 est
1627 4220 1865 4292 Spiritus
1900 4238 2021 4277 san-

2120 4228 2313 4301 ὲαυτήν
2335 4230 2453 4283 ἐστι
2473 4247 2486 4259 ·
2508 4230 2601 4283 καὶ
2621 4228 2916 4302 λεγομένου
2932 4229 3027 4283 τοῦ
3050 4228 3282 4300 Πατρὸς,

3436 4224 3698 4297 πρόσεστι

443 4320 584 4367 etus.
613 4310 892 4381 Siquidem
919 4327 1027 4367 una
1053 4321 1139 4369 est
1163 4312 1341 4368 Patris
1369 4314 1541 4383 gratia
1562 4330 1683 4385 qum
1705 4330 1801 4386 per
1825 4313 2021 4370 Filium

2120 4321 2208 4375 καὶ
2239 4323 2268 4374 6
2287 4321 2478 4376 τούτου
2506 4322 2679 4391 Λόγος
2708 4322 2802 4375 καὶ
2830 4321 2891 4375 τὸ
2922 4321 2982 4375 ὲν
3019 4319 3098 4392 τῷ
3135 4318 3253 4391 Υίῷ
3287 4315 3531 4388 Πνεῦμα.
3572 4314 3699 4369 Ἐἀν

442 4403 496 4457 in
531 4402 736 4473 Spiritu
769 4412 959 4460 sancto
991 4406 1315 4476 completur.
1356 4405 1474 4462 Una
1523 4409 1724 4478 pariter
1765 4407 2021 4464 divinitas

2120 4406 2170 4459 δὲ
2202 4408 2297 4462 καὶ
2322 4410 2352 4462 6
2380 4408 2505 4473 Υίὸς
2531 4408 2885 4481 ὀνομάζηται,
2912 4409 2971 4463 έν
2990 4408 3068 4480 τῷ
3095 4407 3211 4479 Υἱῷ
3245 4409 3396 4460 ἐστιν
3422 4408 3450 4459 6
3485 4403 3698 4476 Πατὴρ,

441 4505 497 4552 et
551 4512 693 4552 unus
749 4495 893 4554 Deus
948 4511 1033 4554 est
1085 4500 1179 4570 qui
1227 4508 1311 4555 est
1356 4514 1522 4570 super
1571 4501 1777 4569 omnia,
1825 4510 1882 4557 et
1928 4515 2021 4573 per

2120 4500 2209 4554 καὶ
2238 4500 2300 4553 τὸ
2325 4502 2551 4571 Πνεῦμα
2580 4502 2682 4556 οὐκ
2707 4501 2855 4555 ἔστιν
2888 4500 3046 4565 ἐκτὸς
3068 4499 3163 4553 τοῦ
3206 4498 3406 4568 Λόγου.
3450 4496 3568 4550 Μία
3591 4496 3699 4570 γάρ

441 4587 647 4652 omnia,
679 4596 843 4658 atque
871 4589 925 4642 in
954 4588 1231 4647 omnibus.
1263 4587 1510 4661 Namque
1540 4592 1655 4663 ipse
1677 4594 1840 4648 etiam
1876 4591 2021 4649 Pau-

2120 4593 2261 4647 ἐστιν
2284 4595 2349 4647 ὲκ
2364 4592 2459 4647 τοῦ
2481 4594 2696 4664 Πατρὸς
2731 4594 2891 4666 χάρις
2916 4592 2983 4647 δι’
3004 4591 3136 4646 Υίοῦ
3163 4593 3221 4645 ὲν
3254 4588 3537 4660 Πνεύματι
3558 4587 3701 4656 ἁγίῳ

442 4677 526 4733 lus
553 4679 712 4749 cujus
740 4681 859 4736 haec
886 4690 1015 4736 sunt
1041 4682 1227 4745 verba.
1262 4701 1281 4735 ι
1311 4681 1597 4739 Testillcor
1625 4700 1809 4741 coram
1837 4684 1949 4740 Deo
1967 4692 2026 4741 et

438 4771 568 4828 Jesu
595 4773 816 4830 Christo
844 4777 896 4839 ⁸,
926 4794 944 4826 ι
967 4774 1232 4845 Spiritum
1257 4790 1287 4830 a
1312 4775 1452 4834 Filio
1484 4778 1800 4848 neutiquam
1830 4778 2020 4844 dividi,

2115 4683 2465 4756 πληρουμένη
2492 4700 2506 4714 ο
2564 4684 2660 4736 καὶ
2722 4683 2820 4754 μία
2856 4683 3048 4755 θεότης
3106 4680 3245 4747 ἐστὶ,
3296 4679 3391 4733 καὶ
3435 4671 3517 4741 εἷς
3569 4676 3702 4740 Θεός

2114 4776 2258 4829 ἐστιν

2432 4776 2461 4827 6
2496 4774 2588 4827 ἐπὶ
2620 4773 2859 4841 πάντων,
2887 4775 2983 4829 καὶ
3012 4772 3100 4827 διὰ
3121 4772 3359 4833 πάντων,
3391 4771 3486 4824 κα)⁸
3517 4772 3576 4822 ὲν
3596 4771 3705 4821 πᾶ-

441 4864 534 4917 sed
554 4865 732 4932 ipsum
762 4866 818 4918 in
834 4862 1056 4921 Christo
1088 4881 1231 4934 esse,
1270 4867 1732 4936 quemadmodum
1763 4866 1934 4924 Filius
1966 4869 2019 4925 in

2120 4885 2222 4921 σιν.
2255 4866 2412 4921 Οὕτω
2434 4866 2542 4938 γὰρ
2576 4856 2672 4921 καὶ
2702 4869 2730 4920 6
2757 4866 2989 4931 Παῦλος,
3018 4862 3288 4937 εἰρηκὼς,
3330 4882 3350 4914 ι
3389 4860 3707 4933 Διαμαρτύ-

440 4950 599 5006 Patre
632 4964 736 5022 est,
773 4954 977 5024 optime
1004 4965 1251 5011 noverat.
1274 4955 1671 5012 Convenienter
1706 4968 1886 5013 tamen
1913 4958 2023 5014 ele-

440 5057 558 5099 ctos
585 5048 808 5115 angelos
836 5062 944 5102 una
975 5048 1247 5117 adiunxit,
1276 5060 1359 5115 ut,
1395 5050 1654 5119 quoniam
1696 5050 1812 5104 haec
1842 5050 1908 5104 ad
1941 5049 2022 5103 di-

2118 4973 2285 5027 ρομαι
2318 4955 2544 5009 ἐνώπιον
2570 4956 2664 5010 τοῦ
2696 4956 2831 5011 Θεοῦ
2862 4958 2956 5012 καὶ
2989 4954 3163 5028 Ἰησοῦ
3190 4956 3431 5025 Χριστοῦ
3458 4997 3472 5019 ,
3525 4971 3543 5004 ι
3582 4951 3702 5020 ὲγί-

2115 5065 2344 5112 νωσκεν,
2375 5048 2456 5100 ὅτι
2474 5049 2534 5102 ού
2565 5048 2803 5122 διῃρεῖτο
2834 5048 2927 5103 τοῦ
2950 5048 3082 5102 Υίοῦ
3105 5048 3166 5101 τὸ
3198 5047 3425 5119 Πνεῦμα
3452 5086 3467 5111 ,
3493 5044 3609 5099 ἀλλ’
3641 5045 3702 5097 ὲν

440 5136 709 5204 scipulum
743 5136 1051 5202 scribebat,
1079 5139 1169 5194 ille
1194 5139 1284 5194 cui
1317 5141 1539 5194 minime
1576 5135 1781 5195 lateb‘at
1808 5154 1873 5196 ea
1901 5154 2021 5211 quae

2120 5138 2338 5210 Χριστῷ
2375 5134 2445 5210 ἦν
2477 5141 2573 5193 καὶ
2608 5141 2761 5205 αὐτὸ,
2823 5139 3009 5212 ὥσπερ
3047 5141 3077 5193 6
3107 5139 3235 5203 Υἱὸς
3288 5139 3346 5192 έν
3373 5137 3453 5209 τῷ
3486 5136 3697 5206 Πατρί·

439 5244 468 5282 a
513 5228 621 5282 Deo
667 5229 813 5285 dicta
864 5239 992 5286 sunt
1036 5247 1132 5300 per
1175 5229 1457 5286 Christum
1508 5233 1563 5286 in
1619 5231 1826 5304 Spiritu
1876 5233 2018 5288 dicta

2120 5227 2240 5288 τοὺς
2288 5227 2345 5283 δὲ
2391 5227 2680 5293 ἐκλεκτοὺς
2720 5228 2990 5298 ἀγγέλους
3036 5229 3416 5299 συνεπήγαγεν
3451 5225 3697 5290 εἰκότως,

437 5336 580 5387 esse,
610 5332 665 5377 et
694 5321 918 5392 angelos
958 5339 1046 5379 res
1088 5334 1306 5380 nostras
1336 5325 1738 5389 administrare,
1775 5324 2020 5396 singulo-

437 5429 669 5481 rumque
701 5422 857 5470 actus
885 5414 1177 5484 speculari,
1216 5417 1463 5488 magistri
1492 5419 1895 5474 exhortationes
1923 5434 2018 5472 cu-

2115 5316 2224 5381 ἵνα,
2262 5319 2448 5391 ἐπειδὴ
2503 5319 2870 5393 διαμαρτυρία
2917 5315 2985 5390 ἦν
3025 5319 3103 5390 τῷ
3155 5320 3368 5392 μαθητῇ
3409 5317 3697 5389 λεγομένη,

2114 5410 2419 5479 γινώσκων,
2469 5413 2543 5476 ὡς

2728 5413 2794 5465 τὰ
2825 5413 2920 5483 μὲν
2939 5412 3208 5482 λεγόμενα
3240 5413 3395 5485 παρά
3437 5409 3573 5464 Θεοῦ
3614 5408 3702 5463 διά

438 5505 683 5572 stodiret,
740 5516 801 5560 ut
857 5507 946 5562 cui
1006 5522 1329 5578 persuasum
1398 5519 1543 5566 esset
1594 5511 1837 5566 omnium
1894 5527 2017 5581 qua:

2120 5504 2352 5575 Χριστοῦ
2383 5507 2439 5557 ὲν
2472 5504 2751 5574 Πνεύματι
2783 5502 3101 5574 λελάληται,
3132 5504 3184 5556 oi
3223 5504 3283 5557 δὲ
3331 5492 3553 5576 ἄγγελοι
3586 5501 3702 5555 δια-

436 5592 642 5651 diceret
689 5597 838 5667 ipsos
882 5598 1108 5670 angelos
1156 5598 1534 5669 speculatores
1581 5609 1749 5657 testes
1794 5601 2012 5657 habere.

502 5804 519 5837 ³
552 5798 694 5862 Luc.
722 5820 875 5867 mn.
901 5809 951 5867 2.
1033 5809 1101 5865 ’1
1133 5806 1276 5867 Tim.
1314 5826 1393 5871 v1.
1438 5812 1522 5870 l3.
1592 5814 1612 5848 ³
1640 5812 1812 5870 Exod.
1857 5814 2081 5871 x1v.5!.
2167 5812 2187 5847 ⁸
2217 5811 2357 5869 Gen.
2398 5825 2583 5867 sum.
2626 5807 2710 5864 l3.

2114 5596 2332 5650 κονοῦσι
2372 5596 2441 5650 τὰ
2475 5596 2605 5666 παρ’
2631 5594 2811 5666 ἡμῶν,
2857 5596 3283 5661 ἐπισκοποῦντες
3319 5595 3419 5660 τάς
3463 5593 3696 5649 ἑκάστου

2791 5808 2810 5835 ’⁵
2838 5805 2882 5861 ιι
2914 5803 3157 5861 Tituoth.
3188 5815 3265 5871 tv,
3296 5799 3349 5855 ι.
