2032 3192
157 207 280 246 πράξεις,
291 207 396 244 φυλάξῃ
409 208 512 240 τὰςτοῦ
523 208 682 236 διδασκάλου

156 254 192 286 ὥς
203 253 274 290 ἔχων
288 254 351 286 τοὺς
363 254 519 290 ἐφορῶντας
538 254 592 281 τῶν
615 255 769 290 λεγομένων
792 255 945 291 μάρτυρας.

156 300 192 328 Ἦ
209 300 281 336 τάχα
303 300 352 328 καὶ
377 300 422 327 διὰ
447 301 512 333 τοὺς
535 301 579 328 διὰ
593 301 694 333 παντὸς
716 301 887 337 Θεωροῦντας
914 301 945 328 τὸ

155 346 300 383 πρόσωπον
320 345 367 372 τοῦ
386 346 508 381 Πατρὺς,
529 346 575 373 τοῦ
601 347 630 373 ἐν
654 348 711 379 τοῖς
735 348 870 383 οὐρανοῖς,
890 347 950 373 δια-

154 391 324 431 μαρτύρεται
344 391 392 418 νῦν

619 145 660 174 ΡΛ
669 144 809 174 NOPLIA
829 145 942 176 DOGMA

988 145 1060 175 [ΟΛ.
1081 159 1115 166 -
1136 146 1202 176 TlT
1235 147 1288 177 Xl.
1739 153 1790 183 706

755 210 925 245 παραινέσεις
938 232 942 243 ,

1001 212 1041 238 An
1060 211 1131 238 forte
1155 211 1268 245 angelos
1285 212 1331 246 qui
1350 219 1458 247 semper
1473 213 1563 241 vident
1580 212 1676 240 facietn
1689 213 1788 245 Patris.

1000 257 1046 292 qui
1070 257 1096 283 in
1123 257 1200 284 caelis
1224 262 1276 289 est,
1296 262 1405 291 propter
1423 257 1551 286 Ecclesiae
1566 258 1691 293 pusillos,
1707 264 1789 285 testes

999 302 1126 336 appellat,
1148 306 1178 328 ut
1201 302 1365 336 discipulus,
1385 303 1501 337 cognitis
1526 304 1689 338 populorum
1710 312 1789 330 cura-

1004 347 1120 379 toribus,
1135 347 1258 381 Apostoli
1273 347 1475 376 admonitiones
1488 357 1542 376 non
1562 350 1720 385 negligerct.

485 391 629 427 ἀγγέλους,
642 392 724 419 ἕνεκὰ
744 401 775 424 γε
791 392 845 419 τῶν
866 393 894 419 ὲν
910 394 943 428 τῇ
972 392 1120 428 Ἐκκλησία
1145 393 1267 428 μικρῶν,
1294 393 1353 427 ἵνα,
1379 393 1522 428 γινώσκων
1541 396 1556 421 ὁ
1575 395 1699 431 μαθητὴς
1725 397 1788 427 τοὺς

152 439 307 477 κηδεμόνας
323 437 377 466 τῶν
390 438 472 471 λαῶν,
490 439 527 475 μὴ
546 439 671 477 ἀμελήσῃ
693 440 747 466 τῶν
763 440 949 476 παραινέσεων
968 439 1013 466 τοῦ
1039 440 1210 467 Ἀποστόλου.

223 506 230 510 .
249 485 311 512 Τῶν
326 485 376 521 μὲν
385 484 432 512 οὖν
445 485 524 512 θείων
537 486 635 521 λογίων
645 487 765 518 tow-3m;
778 488 791 513 ὁ
807 487 870 518 νοῦς
883 487 944 521 ἐμοὶ

150 531 288 568 φαίνεται.
303 531 448 567 διελέγχων
462 531 511 567 τὴν
526 532 579 559 τῶν
592 533 696 567 ἀλόγων
712 533 783 559 κατὰ
798 532 844 559 τοῦ
861 532 945 558 Πνεύ-

152 585 239 613 ματος
252 576 409 612 δόσφημίαν
418 586 425 592 ·
439 578 517 604 αὐτοὶ
530 579 558 605 δὲ
575 579 624 614 τὴν
644 579 810 614 φιλονεικίαν
826 578 943 613 ἔμμονον

149 623 262 659 ἔχοντες
279 622 349 659 πρὸς
367 622 416 659 τὴν
427 623 566 659 ἀλήθειαν,
584 625 621 656 ὼς
636 625 762 660 γράφεις,
781 624 872 651 οὐκέτι
895 623 943 659 μὲν

149 667 207 695 ἀπὸ
227 667 283 694 τῶν
296 667 412 704 Γμφῶν
431 668 496 704 (οὐχ
511 669 666 703 εὑρίσκουσι
689 670 770 705 γὰρ),
781 669 834 696 ἀπὸ
849 669 877 695 δὲ
896 668 942 694 τοῦ

149 712 374 750 περισσεύματος
393 713 444 749 τῆς
458 713 572 749 καρδίας
593 709 643 750 τῆξ
666 714 732 745 ἰδίας
751 714 941 749 ἐρευγόμενοι,

150 757 236 789 πάλιν
249 759 414 795 φάσκουσιν·
429 760 461 786 Et
476 759 514 795 μὴ
529 759 632 795 κτίσμα
644 761 701 786 ἐστὶ
711 781 718 792 ,
736 760 801 795 μηδὲ
820 759 872 786 τῶν
891 760 942 793 ἁγ-

150 802 241 839 τϋων
263 801 305 836 εἷς
319 804 405 836 ἐστιν,
420 804 521 831 ἀλλ’ὲκ
545 804 592 831 τοῦ
617 805 723 840 Πατρὸς
747 803 940 839 ἐκπορεύεται·

148 851 252 880 οὐκοῦν
265 851 330 884 Υἱός
343 852 401 879 ἐστι
418 851 466 879 καὶ
480 852 546 878 αὐτὸ
563 869 572 882 ,

151 897 263 934 αὓτᾷτε
276 897 325 926 καὶ
341 898 462 934 ὀΛόγος.
474 898 530 925 Καὶ
548 899 572 925 εἰ
583 899 697 934 ἁδελφός
713 901 780 932 ἐστι,
797 901 854 933 πῶς
871 911 950 937 μονο-

151 943 238 980 γενὴς
251 944 268 971 ὸ
283 943 381 979 Λόγος,
399 944 415 980 ἢ
439 944 498 977 πῶς
509 945 560 972 οὐκ
577 946 639 977 ἴσοι,
652 946 710 973 ἀλλ’
720 947 733 972 ὁ
751 946 801 982 μὲν
822 948 890 983 μετὰ
904 949 950 975 τὸν

149 988 277 1026 Πατέρα,
292 989 323 1016 τὸ
339 989 368 1017 δὲ
387 989 456 1026 μετὰ
470 990 515 1018 τὸν
531 991 594 1018 Υξόν
608 992 771 1027 ὀνομάζεται
802 1000 809 1024 ;
888 993 949 1025 Πῶς

149 1032 192 1070 δί,
210 1036 237 1062 ει
253 1036 285 1063 ὲκ
299 1035 346 1063 τοῦ
363 1036 470 1072 Πατρός
480 1037 565 1070 ἐστιν,
581 1038 611 1064 οὐ
630 1037 738 1072 λέγεται
755 1037 802 1065 καὶ
823 1039 889 1065 αὐτὸ
904 1048 948 1073 γε-

151 1078 301 1117 γεννῆσθαι
315 1101 323 1114 ,
387 1083 428 1109 ὅτι
453 1083 516 1115 Υἱός
531 1083 614 1116 ἐστιν,
643 1084 699 1110 ἀλλ’
717 1084 810 1117 ἁπλῶς
835 1084 947 1120 Πνεῦμα

150 1126 250 1163 arm;
268 1127 300 1154 Et
321 1127 350 1154 δὲ
374 1128 422 1154 τοῦ
435 1128 501 1155 Υξοῦ
518 1129 575 1155 ἐστι
593 1130 623 1156 τὸ
641 1129 753 1166 Πνεῦμα
785 1150 792 1161 ,
850 1131 947 1157 οὐκοῦν

151 1173 268 1206 πάππος
280 1174 356 1202 ἐστὶν
372 1175 386 1202 ό
401 1175 496 1211 Πατὴρ
508 1175 555 1202 τοῦ
569 1176 738 1212 Πνεόματος.
752 1177 868 1204 Τοιαῦτα
886 1178 947 1204 παί-

149 1219 247 1253 ζουσιν
260 1220 285 1247 οι
300 1220 403 1256 ἄτιμοι,
417 1222 661 1257 περιεργαζόμενοι
672 1223 718 1250 καὶ
735 1223 855 1256 θέλοντες
868 1225 946 1259 ἐρευ-

150 1265 200 1301 νᾷν
217 1265 252 1292 τὰ
272 1265 342 1301 βάθη
372 1265 420 1292 τοῦ
448 1266 527 1299 Θεοῦ,
545 1267 562 1294 ἃ
591 1267 686 1303 μηδεὶς
701 1267 788 1300 οἶδεν,
806 1270 830 1295 ει
857 1270 893 1304 μὴ
916 1269 946 1296 τὺ

148 1309 269 1347 Πνεῦμα
282 1311 330 1338 τοῦ
345 1311 413 1338 Θεοῦ
427 1313 456 1339 τὸ
470 1312 697 1349 δυσφημούμενον
746 1315 798 1342 ὑπὸ
833 1316 943 1343 τούτων.

151 1356 228 1385 Ἔδει
245 1357 296 1393 μὲν
311 1356 358 1385 οὖν
371 1358 470 1393 μηκέτι
484 1359 589 1391 τούτοις
603 1360 819 1396 ἀποκρίνασθαι,
835 1361 906 1388 κατὰ
918 1361 946 1388 δὲ

149 1403 199 1441 τὴν
213 1404 398 1440 ἀποπολικὴν
413 1405 613 1441 παραγγελίαν,
627 1406 696 1441 μετὰ
710 1408 759 1442 τὴν
767 1409 799 1434 ὲκ
813 1408 866 1434 τῶν
881 1416 946 1443 προ-

149 1450 306 1487 ειρημένων
327 1450 470 1478 νουθεσίαν
493 1452 530 1483 ὡς
554 1452 710 1486 αἱρετικοὺς
724 1453 823 1485 αὐτοὺς
844 1463 944 1489 παραιο

150 1495 276 1528 tam“,
298 1495 316 1531 ἢ
338 1497 401 1530 ἄξια
425 1494 462 1524 ὧν
480 1498 618 1533 ἐρωτῶσιν
636 1499 741 1534 ἐρωτᾷν
768 1500 880 1532 αὐτοὺς,
899 1500 946 1527 καὶ

149 1541 276 1569 ἀπαιτεῖν
287 1544 354 1578 παρ’
369 1543 460 1570 αὐτῶν
478 1544 634 1580 ἀπόκρισιν,
648 1545 707 1571 οἵαν

149 1587 235 1624 “at.
245 1588 420 1617 ἀπαιτοῦσιν.
436 1589 600 1617 Εἰπάτωσαν
617 1591 706 1617 τοίνυν
718 1600 724 1606 ·
737 1591 761 1617 εἰ
776 1592 790 1618 ὸ
802 1592 897 1627 Πατὴρ
913 1593 944 1618 ὲκ

150 1633 338 1670 Megiste-ct,
353 1634 402 1661 καὶ
414 1636 439 1661 et
452 1635 533 1668 ἄλλος
547 1636 596 1662 σὺν
610 1636 685 1671 αὑτῷ
695 1636 857 1672 γεγέννηται
870 1658 877 1670 ,
898 1637 944 1664 και

151 1677 215 1716 dm
228 1678 341 1714 ἀδελφοὶ
355 1679 384 1712 ἐξ
401 1680 471 1712 ἑνὸς,
488 1681 535 1707 καὶ
548 1681 574 1706 τί
589 1681 675 1716 ὄνομα
691 1682 782 1713 αὐτοῖς
807 1700 814 1713 ,
895 1682 943 1708 καὶ

152 1714 228 1759 ἤιά»
237 1724 288 1751 καὶ
306 1723 410 1751 τούτων
433 1725 528 1760 Πατὴρ
547 1726 595 1751 καὶ
621 1714 751 1756 τιάππος,
769 1726 904 1753 κάκείνων
917 1726 942 1752 οἱ

187 1767 292 1806 M;
315 1769 385 1796 Ἀλλ’
399 1770 450 1796 οὐκ
464 1767 535 1796 εἶναι
550 1771 678 1806 φήσουσι.
690 1770 753 1802 Πῶς
773 1769 820 1798 οὖν
835 1771 942 1806 Πατὴρ,

200 1814 310 1851 mit,
329 1814 412 1846 αὐτὸς
429 1814 466 1850 μὴ
484 1815 630 1850 γενόμενος
715 1816 747 1842 ὲκ
764 1816 888 1851 Πατρός;
907 1816 942 1842 Ἢ

160 1857 213 1890 πῶς
364 1848 533 1896 Υἱδνγὲγειν,
615 1860 748 1896 πρότερον
770 1848 852 1893 me};
877 1861 943 1892 Υἱὸς

153 1902 285 1941 γεννηθείς
292 1913 303 1938 ;
311 1902 387 1942 οἶδα,
397 1905 440 1932 ὅτι
447 1905 550 1941 ἀσεϐὴς
562 1907 578 1942 ἡ
587 1906 723 1941 ἐρώτησις
736 1915 742 1921 ·
753 1906 820 1933 ἀλλὰ
830 1906 941 1934 τοιαῦτα

316 1949 415 1984 αὐτοὺς
441 1950 548 1982 παίζειν
573 1950 688 1982 δίκαιον,
712 1950 756 1978 ἵνα
780 1950 831 1978 κᾶν
846 1951 879 1977 ὲκ
893 1950 941 1985 τῆς

145 1992 394 2034 τοωύςτηςὸτοπίας
406 1996 454 2022 καὶ
462 1995 578 2027 ἀσεϐοῦς
590 1996 752 2031 ἐρωτήσεως
764 1995 941 2023 αἰσθάνεσθαι

143 2039 189 2076 τῆς
294 2040 452 2077 ἀφροσύνης
468 2041 611 2068 δύνωνται.
633 2042 691 2068 Οὐκ
702 2041 761 2068 ἔστι
778 2042 832 2077 γὰρ
843 2041 940 2068 ταῦτα·

143 2083 320 2122 phthisin!
339 2086 394 2114 οὐδ’
418 2086 506 2119 οὕτως
531 2087 637 2123 ἐρωτᾷν
663 2088 729 2123 περὶ
749 2088 800 2122 τῆς
814 2088 942 2123 θεότητος

140 2132 252 2168 πρέπει.
265 2132 322 2160 οὐκ
337 2133 463 2169 ἔστιγὰρ
481 2133 519 2165 ὡς
543 2133 687 2169 ἄνθρωπος
708 2134 723 2160 ό
742 2134 820 2166 Θεὸς,
839 2134 884 2160 ἵνα
894 2133 940 2160 καὶ

139 2177 302 2216 ἀνθρώπινα
313 2179 379 2215 περὶ
393 2179 478 2207 αὑτοῦ
488 2187 531 2210 τις
545 2178 668 2215 τολμήσῃ
683 2179 798 2215 ἐρωτᾷν.

224 2344 227 2346 _
247 2310 359 2347 Σιωπᾷν
380 2311 430 2346 μὲν
447 2308 509 2343 οὗν,
533 2310 571 2342 ῶς
588 2311 734 2346 προεῖπον,
753 2310 799 2336 ἐπὶ
820 2309 937 2343 τούτοις,

134 2356 182 2385 καὶ
204 2353 473 2393 μὴ,προσποιεῖσοαι
495 2358 558 2389 τοὺς
579 2357 719 2390 τοιούτους
743 2357 796 2384 ἔδει
809 2365 815 2372 ”
844 2357 888 2384 ἵνα
909 2357 938 2384 δὲ

137 2404 176 2440 μὴ
199 2402 222 2438 ἡ
245 2402 324 2439 ἡμῶν
351 2404 441 2440 σιωπὴ
469 2404 605 2439 πρόφασιν
631 2405 822 2440 ἀναισχυντίας
847 2404 938 2436 αὐτοῖς

135 2448 293 2487 ἐμποιήσῃ,
317 2449 492 2477 ἀκουέτωσαν
506 2458 513 2465 ·
532 2450 638 2485 Ὥσπερ
663 2450 713 2476 οὐκ
733 2449 806 2477 ἔστιν
823 2450 870 2476 ἐπὶ
890 2449 937 2476 τοῦ

136 2492 251 2530 Πατρδς
269 2493 357 2522 εἰπεῖν
373 2494 502 2531 πατέρα,
530 2495 618 2527 οὕτως
645 2496 696 2522 οὐκ
719 2495 792 2522 εστιν
818 2496 865 2522 ἐπὶ
889 2495 936 2522 τοῦ

135 2538 207 2567 nos
225 2539 313 2567 ειπεῖν
336 2531 462 2575 ἀδελφόν.
481 2540 535 2568 Τοῦ
562 2541 612 2576 μὲν
627 2541 682 2577 γὰρ
698 2542 815 2577 Πατρὸς,
831 2533 873 2573 ac’
890 2542 937 2577 γέ-

134 2593 264 2622 γραπται
282 2585 450 2623 ἔμπροσθεν,
463 2586 542 2620 ἄλλος
557 2587 624 2620 Θεὸς
642 2589 673 2614 οὐ
688 2588 800 2623 γέγονεν
812 2596 819 2603 ·
830 2587 894 2620 Υἱὸς
909 2588 937 2614 δὲ

135 2631 188 2658 οὐκ
207 2631 384 2669 ἔστινᾶλλος
398 2641 406 2648 σ
425 2633 574 2669 μονογενὴς
591 2633 645 2668 γάρ
659 2634 735 2660 ἐστι·
757 2633 798 2660 διὸ
815 2633 862 2660 καὶ
886 2633 936 2669 μόο

135 2671 182 2711 νοις
197 2676 301 2713 nisi;
314 2679 330 2706 ὁ
346 2676 445 2715 Πατὴρ
471 2697 480 2712 ,
556 2679 637 2714 μόνου
658 2679 705 2706 καὶ
720 2675 779 2711 ἐνδς
794 2678 860 2705 Υἱοῦ
879 2679 937 2706 Πα-

133 2719 262 2762 τήρὲστι
275 2715 285 2741 ί
297 2723 347 2753 οιαὶ
362 2725 410 2751 ἐπὶ
430 2724 513 2760 μόνης
526 2724 576 2761 τῆς
593 2725 719 2761 θεότητος
734 2725 765 2752 τὺ
780 2725 875 2762 Πατὴρ
888 2725 935 2753 καὶ

133 2771 166 2798 ab
181 2762 249 2804 Υῐδς
261 2769 380 2806 ἔστηκεν
391 2770 436 2797 ἀεὶ
449 2769 496 2797 καὶ
515 2770 583 2798 ἐστι.
609 2770 669 2797 Τῶν
692 2770 741 2807 μὲν
755 2772 810 2807 γὰρ
830 2771 935 2808 ἀνθρώ-

131 2825 195 2845 πων
211 2818 235 2845 εἰ
250 2817 344 2853 πατὴρ
358 2815 468 2851 λέγεται
483 2825 537 2850 τις,
558 2816 616 2844 ἀλλ’
632 2815 726 2853 ἐτέρου
741 2817 851 2852 γέγονεν
865 2818 932 2850 υἱός·

177 2910 186 2926 ¹
206 2908 257 2937 Tit.
272 2916 313 2942 ιιι,
344 2908 388 2936 10.

1092 486 1185 521 Itaque
1205 487 1228 514 is
1245 486 1309 514 tnihi
1331 487 1435 514 videtur
1450 495 1510 516 esse
1526 495 1623 516 sensus
1639 488 1786 523 Scriptura:

997 540 1093 563 sacrm,
1111 541 1164 566 quo
1179 533 1258 568 plane
1273 534 1382 561 illorum
1395 534 1527 562 adversus
1540 535 1672 569 Spiritum
1688 535 1785 570 impie-

997 583 1038 605 tas
1057 579 1221 606 validissime
1236 579 1381 607 refutatur.
1396 579 1496 608 Verutn
1516 581 1596 608 iidetn
1619 581 1657 607 illi
1678 582 1784 609 veritati

997 624 1134 651 adversari
1149 630 1275 663 pergunt,
1286 630 1313 653 ut
1329 626 1438 659 scribis,
1449 627 1565 661 nonjam
1578 635 1611 654 ex
1624 627 1782 662 Scriptnris,

995 671 1093 706 quippe
1109 673 1154 706 qui
1171 672 1238 699 nihil
1254 673 1290 700 ibi
1305 673 1456 703 inveniant,
1470 673 1516 700 sed
1530 681 1561 700 ex
1577 673 1677 707 proprii
1694 673 1783 701 cordis

995 718 1176 745 redundantia
1195 719 1251 746 hate
1275 727 1372 746 rttrsus
1395 723 1521 746 eructant
1536 727 1543 745 :
1561 719 1589 746 Si
1607 719 1724 754 Spiritus
1740 727 1782 746 res

995 768 1085 790 creata
1103 772 1155 791 non
1171 770 1221 796 est,
1245 772 1333 799 neque
1349 773 1420 791 unus
1436 773 1470 792 ex
1485 765 1600 800 angelis,
1618 765 1665 792 sed
1683 773 1715 792 ex
1730 764 1781 791 Pa-

996 814 1036 836 tre
1059 810 1201 843 procedit:
1220 811 1302 845 igitur
1325 810 1410 838 Filius
1435 819 1543 845 quoque
1569 811 1626 845 ipse
1650 811 1781 838 dicendus

640 854 688 880 καὶ
700 853 747 880 δύο
760 854 869 888 ἀδελφοί
883 856 942 882 εἰσιι

990 852 1039 879 rst,
1059 849 1225 883 proindeque
1252 849 1306 876 duo
1324 856 1388 877 sunt
1410 850 1519 883 fratres,
1547 852 1605 886 ipse
1626 853 1731 880 scilicet
1755 860 1782 881 et

991 891 1117 921 Verbum.
1145 893 1222 927 Quod
1250 895 1272 922 si
1292 894 1376 922 frater
1394 901 1436 923 est
1453 917 1461 929 ,
1480 897 1526 930 qni
1555 896 1612 924 fieri
1640 903 1728 933 potest
1755 906 1785 927 ut

988 940 1156 975 unigenitum
1183 941 1219 968 sit
1235 940 1365 971 Verbum.
1385 943 1426 969 vel
1445 947 1474 970 ut
1498 944 1617 978 :equales
1641 952 1695 972 non
1717 947 1782 978 sint,

988 986 1034 1012 sed
1052 985 1096 1013 hic
1114 992 1173 1020 post
1190 985 1309 1020 Patrem,
1332 987 1377 1014 ille
1403 993 1463 1022 post
1488 987 1587 1015 Fllllllll
1609 991 1783 1018 nominetur?

990 1030 1017 1057 Si
1033 1030 1097 1057 item
1113 1039 1145 1057 ex
1164 1030 1243 1058 Patre
1258 1036 1310 1063 est,
1327 1040 1376 1059 cur
1398 1041 1451 1059 non
1475 1039 1502 1060 et
1520 1034 1578 1069 ipse
1601 1035 1719 1070 genitus,
1736 1042 1783 1064 aut

987 1075 1073 1103 Filius
1088 1083 1159 1108 esse,
1174 1077 1219 1103 sed
1234 1078 1393 1112 simpliciter
1406 1078 1524 1114 Spiritus
1540 1086 1652 1108 sanctus
1667 1082 1783 1110 dicitur?

988 1121 1120 1157 Denique,
1137 1123 1158 1150 si
1175 1122 1234 1149 Filii
1252 1123 1359 1151 dicatur
1373 1133 1433 1152 esse
1457 1124 1577 1160 Spiritus
1594 1135 1599 1152 :
1619 1127 1699 1154 Pater
1717 1137 1782 1163 ergo

987 1175 1054 1195 avus
1070 1173 1112 1195 est
1133 1168 1251 1203 Spiritus
1270 1170 1367 1198 sancti.
1394 1170 1457 1198 Haec
1482 1173 1632 1207 turpissimi
1657 1173 1782 1201 homines

987 1214 1139 1241 cavillando
1161 1215 1310 1248 effutiunt,
1339 1216 1386 1251 qui
1411 1217 1549 1244 curiosius
1575 1218 1709 1253 profunda
1735 1219 1782 1247 Dei

987 1259 1104 1286 scrutari
1130 1265 1274 1293 conantur,
1299 1269 1360 1296 qua:
1383 1269 1463 1289 nemo
1487 1263 1563 1289 novit
1588 1263 1640 1290 nisi
1663 1263 1781 1299 Spiritus

987 1305 1044 1337 Dei,
1062 1305 1096 1332 de
1111 1314 1165 1341 quo
1188 1306 1226 1333 illi
1252 1311 1307 1334 tam
1327 1308 1409 1342 impie
1435 1308 1568 1342 sentiunt,
1590 1310 1690 1344 quibus
1713 1311 1780 1337 nihil

986 1351 1103 1386 amplius
1123 1352 1289 1386 respondere
1305 1361 1414 1388 aequum
1432 1361 1499 1382 sane
1515 1361 1604 1388 essot;
1620 1356 1666 1382 sed
1683 1363 1781 1383 secun—

985 1396 1050 1423 dum
1067 1397 1189 1431 Apostoli
1205 1403 1369 1433 praeceptum
1396 1401 1419 1432 ¹,
1437 1405 1497 1434 post
1513 1401 1668 1435 praedictam
1686 1403 1781 1428 admu-

986 1443 1129 1476 nitionem,
1141 1449 1270 1479 tanquam
1283 1445 1403 1473 haeretici
1420 1446 1522 1473 vitandi
1538 1454 1642 1474 essent:
1655 1449 1695 1475 vel
1709 1454 1782 1477 certe

987 1494 1016 1515 ut
1031 1497 1081 1517 nos
1099 1490 1279 1526 interrogant,
1299 1491 1338 1518 sic
1352 1499 1400 1519 eos
1414 1500 1428 1519 a
1446 1492 1525 1520 nobis
1540 1492 1703 1529 interrogari
1718 1503 1782 1529 ope-

793 1546 869 1572 αὖτοὶ
880 1546 942 1581 παρ’

986 1542 1021 1561 rte
1036 1535 1153 1569 pretium
1177 1536 1268 1568 fuerit,
1286 1537 1412 1572 idemque
1430 1546 1481 1566 nos
1496 1538 1530 1565 ah
1547 1539 1600 1565 illis
1617 1547 1777 1574 responsum

984 1581 1140 1616 eﬂlagitare,
1158 1584 1230 1618 quod
1257 1583 1297 1610 illi
1317 1592 1333 1611 a
1353 1585 1434 1612 nobis
1449 1585 1571 1620 exigunt.
1586 1585 1779 1620 Respondeant

984 1626 1076 1661 igitur,
1092 1631 1183 1654 utrum
1201 1628 1282 1656 Pater
1299 1636 1333 1656 ex
1356 1636 1433 1665 patre
1449 1630 1494 1660 sit.
1508 1635 1536 1657 et
1549 1638 1615 1657 num
1630 1631 1700 1658 alius
1715 1640 1777 1659 cum

985 1673 1031 1700 illo
1144 1674 1252 1709 genitus
1275 1674 1365 1708 fuerit,
1382 1675 1491 1710 sintque
1518 1683 1552 1702 ex
1579 1684 1633 1703 uno
1658 1676 1777 1709 fratres,

982 1718 1118 1754 qualeque
1134 1728 1235 1748 nomen
1253 1721 1307 1749 illis
1325 1722 1380 1749 sit?
1398 1721 1464 1754 Quis
1479 1722 1542 1749 item
1557 1730 1651 1750 eorum
1665 1728 1741 1757 pater
1752 1728 1779 1751 et

982 1772 1060 1797 avus,
1077 1765 1124 1800 qui
1138 1766 1254 1800 proavi?
1270 1767 1354 1801 Atqui
1376 1768 1467 1796 nullos
1486 1776 1547 1796 esse
1562 1769 1776 1803 respondebunt.

982 1807 1073 1841 Quare
1085 1816 1149 1844 ergo
1162 1808 1242 1837 Pater
1257 1811 1292 1838 ab
1308 1811 1361 1839 illis
1376 1812 1486 1845 dicitur,
1499 1813 1546 1847 qui
1565 1813 1636 1840 idern
1649 1821 1683 1840 ex
1695 1813 1777 1840 Patre

983 1862 1037 1881 non
1061 1854 1097 1882 sit
1121 1855 1279 1883 ortus?Vel
1299 1858 1344 1892 qui
1362 1857 1462 1885 Filium
1484 1858 1586 1886 habere
1608 1860 1707 1894 potuit,
1730 1860 1778 1894 qui

983 1901 1041 1935 ipse
1068 1901 1144 1936 prius
1169 1901 1254 1930 Filius
1271 1910 1327 1930 non
1346 1903 1398 1931 fuit
1419 1905 1542 1939 genitus?
1558 1904 1690 1939 Equidem
1722 1914 1777 1933 non

983 1953 1025 1972 me
1048 1945 1118 1981 fugit
1132 1946 1184 1973 ista
1203 1946 1343 1982 inquirere
1363 1947 1442 1975 nefas
1457 1948 1570 1975 omnino
1584 1956 1654 1975 esse.
1674 1947 1776 1975 Verum

983 1990 1055 2018 haud
1069 1991 1104 2018 ab
1118 1999 1148 2019 re
1162 1991 1248 2019 fuerit
1266 1992 1304 2019 ita
1320 1992 1499 2020 illudentibus
1516 1993 1636 2021 vicissim
1652 1994 1775 2025 illndere,

982 2039 1012 2062 ut
1036 2036 1133 2063 saltem
1152 2044 1186 2063 ex
1212 2037 1369 2072 hujusmodi
1385 2038 1503 2066 absurda
1521 2044 1548 2066 et
1562 2039 1644 2073 itnpia
1662 2039 1778 2066 interro-

981 2081 1091 2115 gatione
1117 2082 1257 2117 propriam
1281 2083 1468 2118 insipientiam
1494 2085 1634 2118 percipere
1658 2085 1775 2111 valeant.

981 2126 1036 2155 Nec
1051 2127 1124 2155 enim
1138 2127 1185 2155 illa
1205 2128 1262 2156 ullo
1278 2129 1358 2156 modo
1384 2134 1449 2157 sunt
1468 2139 1476 2157 :
1502 2129 1574 2157 absit
1589 2130 1595 2156 !
1616 2137 1704 2163 neque
1721 2129 1777 2156 haec

981 2174 1014 2201 de
1041 2174 1184 2202 divinitate
1210 2175 1346 2205 sciscitari
1370 2176 1458 2204 decet.
1487 2175 1626 2211 Siquidem
1650 2183 1705 2202 non
1735 2180 1778 2203 est

949 2219 971 2247 D
981 2219 1051 2248 Deus
1065 2220 1163 2248 similis
1176 2221 1333 2256 hominum,
1349 2227 1379 2250 ut
1399 2222 1452 2250 ista
1468 2223 1590 2250 humana
1603 2223 1638 2250 de
1654 2222 1701 2249 illo
1714 2230 1778 2257 per-

979 2266 1085 2293 contari
1097 2266 1160 2302 quis
1176 2267 1285 2295 audeat.

1082 2311 1188 2346 Itaque.
1206 2317 1235 2339 ut
1247 2312 1304 2347 jam
1319 2313 1424 2347 monui,
1442 2313 1583 2341 silentium
1604 2313 1632 2340 in
1644 2314 1688 2341 his
1702 2321 1778 2348 qua?-

980 2356 1116 2385 stionibus
1140 2364 1261 2391 servare,
1284 2363 1311 2386 et
1339 2359 1498 2394 hujusmodi
1518 2360 1628 2387 illorum
1654 2360 1776 2394 argutias

980 2403 1155 2431 dissimulare
1167 2403 1256 2431 satius
1266 2408 1340 2432 certe
1357 2405 1450 2432 fuerit.
1467 2404 1665 2432 Verumtamen
1679 2413 1713 2432 tte
1729 2413 1778 2433 no-

981 2453 1068 2476 strum
1086 2449 1225 2476 silentium
1242 2449 1355 2484 majoris
1379 2450 1447 2485 ipsis
1471 2451 1517 2478 fiat
1540 2451 1716 2485 impudentiae
1732 2459 1779 2480 oc-

981 2494 1078 2527 casio,
1106 2494 1164 2521 hmc
1189 2494 1242 2522 illis
1265 2502 1398 2530 reponere
1422 2504 1478 2523 non
1503 2498 1649 2531 gravabor.
1675 2495 1780 2532 Nempe

981 2539 1213 2575 quemadmodum
1233 2540 1325 2569 Patris
1348 2547 1453 2576 patrem
1484 2542 1577 2570 dicere
1598 2551 1653 2571 non
1682 2552 1782 2578 possu-

982 2594 1055 2618 mus,
1070 2586 1106 2613 ita
1120 2593 1171 2614 nec
1184 2586 1245 2614 Filii
1262 2587 1385 2615 fratrem.
1401 2581 1524 2623 Namque
1541 2589 1641 2622 Patris,
1660 2595 1691 2617 ut
1701 2595 1782 2617 antea

982 2632 1086 2659 dictum
1099 2634 1152 2662 est.
1172 2631 1244 2660 alius
1266 2633 1337 2661 Deus
1352 2633 1445 2662 nullus
1462 2634 1514 2662 fuit
1527 2643 1535 2662 :
1549 2643 1601 2663 nec
1616 2635 1689 2664 ullus
1701 2634 1784 2662 simi--

981 2678 1045 2706 liter
1062 2680 1134 2708 alius
1156 2683 1200 2707 est
1220 2679 1313 2707 ﬁlius:
1328 2681 1486 2716 unigenitus
1507 2681 1581 2708 enim
1595 2684 1649 2708 est.
1661 2678 1781 2707 Proinde

981 2729 1009 2753 et
1025 2726 1102 2755 solus
1116 2731 1144 2754 et
1157 2733 1230 2754 unus
1243 2725 1334 2759 Pater,
1349 2726 1436 2754 solius
1453 2731 1481 2754 et
1499 2726 1582 2754 unius
1596 2725 1659 2756 Filii
1674 2728 1718 2752 est
1727 2723 1781 2753 Pn-
1829 2741 1831 2743 -

982 2775 1033 2803 ter,
1050 2776 1133 2806 atque
1146 2770 1215 2798 adeo
1234 2771 1270 2809 iu
1282 2771 1342 2799 sola
1353 2771 1497 2799 divinitate
1508 2777 1616 2804 semper
1626 2773 1666 2799 ret
1682 2773 1729 2800 est
1750 2774 1780 2798 et

983 2817 1034 2844 fuit
1047 2816 1127 2845 Pater
1147 2825 1180 2846 ac
1200 2817 1298 2845 Filius.
1327 2815 1395 2845 Nam
1416 2816 1524 2845 tametsi
1547 2816 1619 2844 inter
1648 2815 1776 2843 homines

1992 2984 2010 3018 :2-

1993 3023 2009 3056 ἰ.

1990 3058 2010 3110 ‘2

2007 3121 2010 3130 λ
