4064 6388
458 318 562 380 707

461 530 701 589 Tametsi
737 534 990 589 similiter
1020 534 1161 589 ﬁlius
1188 534 1312 603 quis
1339 534 1558 612 dicitur,
1593 543 1776 590 tamen
1802 535 1944 591 idem
1972 538 2050 592 al-

463 623 633 677 terius
679 631 762 678 est
805 633 978 693 pater.
1012 622 1168 678 Unde
1214 639 1320 678 non
1368 626 1590 695 proprie
1634 626 1687 678 in
1733 625 2050 683 hominibus

459 713 633 780 patris
663 721 716 768 et
745 713 840 767 ﬁlii
867 728 1065 768 nomen
1095 723 1368 769 servatur.
1400 713 1492 770 Sic
1517 715 1798 770 Abraham
1827 719 1919 786 qui
1949 717 2051 774 fuit

461 804 606 858 ﬁlius
636 803 850 870 Tharw,
882 806 1022 860 idem
1057 805 1159 860 fuit
1192 815 1347 876 pater
1381 807 1552 864 Isaac.
1600 807 1868 864 Similiter
1897 807 2050 866 Isaac

460 897 550 962 qui
580 895 724 949 ﬁlius
756 905 874 950 erat
903 896 1160 963 Abrahae,
1197 899 1300 952 fuit
1344 907 1496 968 pater
1524 898 1716 966 Jacob,
1749 917 1924 971 eaque
1967 912 2051 956 est

461 989 713 1040 humanae
755 996 966 1043 natura:
1009 991 1274 1045 conditio.
1310 990 1446 1047 Nam
1496 994 1598 1048 sibi
1643 995 1875 1051 invicem
1923 1007 2051 1052 sunt

459 1087 662 1145 partes,
701 1085 755 1132 et
803 1081 1056 1151 quisquis
1102 1083 1364 1153 gignitur,
1407 1088 1579 1155 patris
1611 1097 1820 1160 partem
1862 1089 2048 1157 habet,

457 1179 596 1225 utet
627 1169 742 1241 ipse
767 1173 994 1229 alterius
1021 1176 1117 1230 ﬁat
1141 1187 1314 1245 pater.
1347 1177 1413 1234 At
1443 1195 1552 1235 non
1585 1183 1656 1236 ita
1689 1199 1745 1238 se
1773 1198 1861 1238 res
1889 1183 2054 1239 habet

457 1261 512 1314 in
560 1261 865 1320 divinitate.
909 1264 1022 1322 Nec
1054 1267 1199 1322 enim
1233 1268 1514 1324 hominum
1545 1273 1740 1327 similis
1769 1283 1852 1329 est
1883 1275 2049 1338 Deus,

459 1368 560 1409 nec
583 1355 815 1411 divisam
845 1357 1008 1413 habet
1054 1368 1330 1415 naturam.
1359 1361 1702 1434 Quapropter
1745 1381 1921 1436 neque
1963 1368 2051 1422 sui

457 1443 736 1502 divisione
776 1448 951 1503 ﬁlium
997 1459 1242 1520 generat,
1285 1461 1344 1506 ut
1379 1461 1434 1508 et
1466 1455 1584 1524 ipse
1628 1455 1855 1511 alterius
1898 1467 2052 1527 pater

399 1540 403 1544 '
455 1537 572 1604 Itlat,
601 1555 725 1593 cum
754 1557 932 1611 neque
958 1543 1074 1612 ipse
1107 1546 1176 1599 sit
1205 1560 1270 1600 ex
1301 1555 1478 1616 patre,
1517 1563 1693 1618 neque
1725 1548 1896 1605 Filius
1925 1566 2052 1620 pars

453 1631 532 1685 sit
569 1629 766 1688 Patris.
797 1633 984 1705 itaque
1009 1633 1181 1693 Filius
1208 1654 1315 1698 non
1352 1649 1596 1709 generat,
1635 1651 1696 1695 ut
1742 1643 1861 1712 ipse
1897 1643 2052 1713 geni-

461 1734 547 1777 tus
579 1734 683 1786 est,
722 1726 816 1779 sed
853 1737 999 1783 totus
1027 1738 1110 1784 est
1145 1731 1314 1786 totius
1346 1732 1525 1802 imago
1548 1743 1604 1788 et
1633 1733 1892 1804 splendor
1919 1751 1932 1786 :
1969 1745 2052 1789 at-

448 1830 561 1884 que
596 1816 648 1869 in
685 1819 801 1873 sola
850 1820 1141 1892 divinitate
1185 1821 1352 1878 Pater
1398 1827 1618 1895 pr0prie
1658 1838 1744 1882 est
1785 1825 1967 1892 Pater,
1999 1837 2053 1883 et
2083 1804 2121 1857 Β

458 1906 628 1963 Filius
678 1912 895 1981 proprie
942 1924 1026 1967 est
1066 1913 1242 1970 Filius
1283 1935 1296 1970 :
1336 1918 1427 1986 qui
1481 1918 1643 1973 Pater
1689 1936 1905 1989 semper
1951 1920 2053 1976 fuit

455 2000 634 2065 Pater,
667 2013 721 2057 et
749 2003 920 2059 Filius
951 2008 1159 2075 pariter
1189 2024 1404 2080 semper
1429 2012 1531 2066 fuit
1556 2011 1748 2067 Filius.
1781 2013 2052 2080 Quemad-

457 2097 674 2149 modum
712 2097 840 2150 item
874 2115 1157 2170 nunquam
1192 2101 1354 2156 Pater
1387 2103 1605 2159 iuturus
1638 2116 1721 2160 est
1746 2105 1934 2168 Filius,
1970 2108 2051 2163 sic

455 2202 734 2256 nunquam
766 2188 939 2245 Filius
975 2190 1194 2249 iuturus
1224 2205 1306 2248 est
1339 2194 1519 2250 Pater.
1559 2197 1623 2252 Et
1661 2207 1721 2252 ut
1766 2215 2047 2270 nunquam

453 2278 615 2334 Pater
641 2282 853 2337 desinet
889 2284 1042 2340 solus
1075 2301 1200 2342 esse
1231 2285 1393 2343 Pater
1420 2308 1433 2344 :
1464 2291 1536 2344 ita
1569 2290 1742 2346 Filius
1770 2308 2048 2364 nunquam

451 2371 666 2426 desinet
700 2387 822 2427 esse
869 2375 1020 2430 solus
1066 2375 1260 2433 Filius.
1304 2377 1476 2436 Nemo
1524 2383 1690 2452 igitur
1725 2383 1829 2438 nisi
1869 2395 2051 2440 mente

436 2471 642 2532 ‘captus
686 2465 885 2520 dixerit
909 2467 996 2522 vel
1027 2470 1355 2540 cogitaverit
1388 2472 1610 2530 fratrem
1653 2491 1774 2538 esse
1803 2476 1968 2540 Filio,
1998 2487 2051 2533 et

449 2568 648 2608 nomen
679 2556 763 2609 avi
804 2553 954 2612 Patri
990 2563 1306 2616 convenire.
1346 2561 1486 2619 Hinc
1516 2566 1663 2620 enim
1694 2584 1962 2638 nusquam
1994 2570 2046 2624 in

449 2642 754 2714 Scripturis
787 2650 958 2704 sacris
991 2648 1232 2719 Spiritus
1284 2653 1429 2723 ﬁlius
1481 2658 1661 2712 dictus
1700 2668 1806 2721 est.
1841 2676 1908 2715 ne
1941 2659 2046 2715 ira-

450 2743 533 2788 ter
562 2750 684 2792 esse
723 2737 1134 2794 existimaretur
1177 2760 1190 2796 :
1241 2744 1317 2796 uti
1356 2761 1456 2800 nec
1486 2746 1632 2802 lilius
1665 2747 1812 2813 Filii,
1845 2767 1913 2804 ne
1942 2750 2050 2806 Pa-

451 2833 532 2881 ter
559 2841 697 2883 avus
727 2829 1062 2886 crederetur.
1101 2830 1208 2888 Sed
1254 2833 1452 2902 Filius,
1510 2837 1690 2894 Patris
1734 2849 1818 2896 est
1866 2843 2047 2910 ﬁlius;

957 3029 1044 3084 Ea:
1072 3034 1251 3086 eadem
1291 3033 1537 3104 epistola.

539 3162 682 3220 Fons
728 3176 783 3221 et
839 3168 929 3223 lux
988 3171 1190 3225 dicitur
1246 3171 1426 3225 Pater.
1483 3171 1568 3226 Me
1627 3175 1790 3234 enim,
1839 3169 2038 3238 inquit,

465 3257 789 3326 reliquerunt
810 3261 1008 3329 fontem
1030 3279 1180 3332 aqua:
1195 3263 1322 3319 vivit:
1338 3263 1376 3317 ί.
1399 3265 1463 3318 Et
1481 3281 1700 3319 rursum
1725 3266 1779 3318 in
1799 3261 2038 3326 Baruch,

465 3349 608 3414 Quid
645 3362 746 3416 est,
782 3353 980 3422 inquit,
1023 3353 1218 3422 Israel,
1249 3362 1392 3428 quod
1423 3361 1476 3412 in
1514 3369 1661 3413 terra
1699 3360 2039 3412 inimicorum

462 3438 562 3490 es?
596 3437 880 3508 Reliquisti
916 3442 1111 3510 fontem
1161 3447 1454 3515 sapientiae.
1489 3446 1552 3502 Et
1583 3447 1841 3514 Joannes,
1878 3447 2039 3511 Deus,

459 3524 666 3595 inquit,
708 3539 885 3582 noster
917 3531 1010 3584 tua:
1026 3543 1104 3586 est
1129 3536 1170 3587 ’.
1197 3534 1303 3588 Sed
1336 3534 1510 3592 Filius
1544 3538 1728 3598 etiam,
1763 3554 1874 3606 quo
1902 3536 2038 3591 fonti

459 3620 812 3688 respondeat,
872 3621 1069 3680 ﬂuvius
1120 3627 1344 3684 dicitur.
1409 3627 1651 3695 Fluvios,
1705 3629 1902 3700 inquit,
1943 3629 2041 3684 Dei

461 3711 692 3778 repletus
722 3722 798 3768 est
819 3717 972 3786 aquis
994 3717 1035 3773 ³.
1059 3717 1324 3785 Splendor
1345 3733 1549 3778 autem.
1581 3739 1690 3792 quo
1714 3725 2038 3793 respondeat

460 3799 592 3853 luci.
624 3801 728 3865 Qui
758 3819 877 3856 cum
907 3808 996 3873 sit,
1052 3808 1230 3878 inquit
1273 3810 1498 3875 Paulus,
1534 3813 1783 3880 splendor
1820 3814 2030 3883 giarite,

455 3898 506 3940 et
534 3889 706 3957 ﬁgura
729 3894 1042 3950 substantia:
1061 3898 1175 3963 ejus
1193 3899 1236 3952 ⁵.
1264 3899 1402 3954 Cum
1435 3902 1597 3972 igitur
1626 3901 1784 3957 Pater
1815 3903 1887 3957 sit
1921 3904 2034 3968 lux,

459 3976 636 4034 Filius
676 3993 860 4038 autem
910 3989 1170 4056 splendor
1202 3991 1373 4060 ipsius
1409 3992 1618 4061 (eadem
1665 3993 1811 4048 enim
1847 3994 1916 4049 de
1950 3995 2037 4050 his

463 4071 666 4137 smpins
702 4074 886 4129 dicere
937 4092 1042 4130 non
1076 4083 1411 4150 gravantur).
1449 4085 1573 4138 licet
1605 4085 1766 4139 etiam
1799 4087 1851 4140 in
1896 4083 2035 4142 Filio

461 4159 651 4216 videre
684 4161 974 4231 Spiritum,
1025 4168 1080 4223 in
1126 4186 1234 4238 quo
1268 4174 1660 4230 illuminamur.
1699 4173 1767 4228 Ut
1807 4176 1914 4238 det,
1951 4178 2036 4230 in-

461 4251 606 4317 quit,
634 4256 775 4308 vobis
825 4255 1082 4324 Spiritum
1141 4265 1439 4332 sapientior,
1494 4280 1544 4322 et
1604 4271 1946 4324 reuelationis
1977 4270 2032 4322 in

456 4342 756 4409 cognitione
783 4346 950 4415 ipsius
1007 4351 1338 4410 illumina'tos
1376 4358 1556 4412 oculos
1587 4361 1762 4415 cordis
1785 4359 1829 4414 ⁸.
1861 4361 2035 4415 Porro

1682 309 1887 369 EUTH
1902 311 2066 371 ΥΜΙΙ
2106 304 2473 373 ΖῘῦΛΒΕΝῙ

458 451 611 509 pater
638 439 838 512 aliquis
865 441 1086 506 dicitur,
1119 451 1299 497 tamen
1323 441 1464 496 idem
1489 439 1713 496 alterius
1746 441 1889 498 [ilius
1922 442 2045 500 fuit.

2151 417 2250 496 κσπ
2297 443 2346 496 εἰ
2389 443 2505 508 υἱὸς
2551 443 2803 514 λέγεται,
2849 444 2962 499 ἀλλ’
2998 445 3186 518 ἐτέρου
3236 447 3429 517 γέγονε

3637 315 3745 381 708

3632 469 3745 506 πα-

2149 537 2292 608 τήρ·
2336 535 2477 591 ὥστε
2522 537 2610 591 ἐπ’
2651 536 2955 612 ἀνθρώπων
3005 539 3078 611 μὴ
3124 537 3395 604 σώζεσθαι
3440 542 3644 613 κυρίως
3675 544 3744 597 τὸ

2150 628 2356 698 πατρὸς
2408 629 2503 682 καὶ
2556 628 2674 683 υἱοῦ
2717 629 2907 700 ὄνομα.
2969 629 3221 702 ’Λϐραὰμ
3267 631 3443 700 γοῦν,
3503 633 3744 697 υίὸς,ὣν

2148 718 2242 772 τοῦ
2277 719 2514 793 Θάρρου,
2554 722 2736 794 πατὴρ
2769 721 2961 790 γέγονε
2993 721 3088 776 τοῦ
3132 723 3337 777 Ἰσαάκ·
3390 723 3484 776 καὶ
3533 726 3741 791 Ἰσαὰκ,

2149 811 2265 874 υἱὸς
2310 810 2387 864 ὣν
2427 813 2521 866 τοῦ
2567 814 2848 886 Ἀϐραὰμ,
2900 813 3081 886 πατὴρ
3127 815 3319 884 γέγονε
3362 815 3457 869 τοῦ
3500 816 3695 871 Ἰακώϐ
3723 835 3740 849 ο

2149 903 2245 956 καὶ
2273 903 2463 958 τοῦτον
2493 905 2586 959 τὸν
2618 908 2819 978 τρόπον
2848 908 2881 980 ἡ
2919 906 3082 977 φύσις
3116 908 3222 962 τῶν
3257 907 3560 977 ἀνθρώπων
3588 909 3698 980 ἔχει
3723 926 3739 939 ·

2158 994 2299 1066 μέρη
2335 996 2444 1068 γάρ
2489 998 2628 1051 εἰσιν
2671 997 2950 1068 ἀλλήλων·
3000 1000 3094 1052 καὶ
3132 998 3363 1064 ἕκαστος
3402 999 3746 1072 γεννώμενος

2155 1085 2387 1156 ἔχειτοῦ
2435 1089 2639 1158 πατρὸς
2676 1090 2861 1162 μέρος,
2899 1089 2988 1144 ἵνα
3022 1091 3115 1144 καὶ
3147 1091 3310 1156 αὐτὸς
3353 1093 3542 1162 ἐτέρου
3576 1093 3742 1164 γένη-

2149 1195 2238 1232 ται
2275 1182 2481 1252 πατήρ.
2528 1182 2652 1234 Ἐπὶ
2681 1181 2737 1235 δὲ
2775 1183 2876 1254 τῆς
2915 1182 3166 1254 θεότητος
3211 1184 3310 1236 οὐκ
3353 1183 3501 1237 ἐστιν
3545 1185 3740 1248 οὕτως.

2155 1272 2230 1324 Οὐ
2261 1271 2372 1344 γὰρ
2402 1272 2479 1336 ὼς
2510 1271 2796 1345 ἄνθρωπος
2829 1276 2856 1327 6
2888 1274 3041 1338 Θεὸς,
3070 1265 3192 1328 οὐδὲ
3227 1275 3593 1347 μεριζομένην
3627 1277 3744 1348 ἔχει

2151 1365 2352 1434 φύσιν·
2391 1367 2471 1419 διὸ
2666 1368 2787 1421 οὐδὲ
2832 1371 2998 1440 γεννᾷ
3029 1369 3162 1423 Υἱὸν
3211 1368 3604 1440 μεριζόμενος,
3656 1371 3746 1424 ἵνα

2152 1458 2247 1511 καὶ
2287 1459 2451 1523 αὐτὸς
2486 1459 2711 1530 γένηται
2755 1461 2947 1532 Πατὴρ
2993 1461 3204 1532 ἐτέρου,
3241 1461 3364 1513 ἐπεὶ
3413 1461 3535 1532 μηδ’
3579 1462 3746 1526 αὑτός

2152 1549 2300 1602 ἐστιν
2333 1551 2397 1602 ὲκ
2435 1551 2648 1623 Πατρός
2671 1569 2683 1582 ·
2718 1550 2841 1606 οὔτε
2875 1554 2902 1606 6
2933 1553 3061 1616 Υἱὸς
3083 1553 3140 1606 δὲ
3177 1553 3340 1626 μέρος
3372 1555 3490 1608 ἐστὶ
3511 1553 3604 1607 τοῦ
3630 1555 3748 1609 Πα-

2153 1640 2280 1712 τρός
2301 1658 2313 1671 ’
2347 1641 2427 1694 διὸ
2461 1646 2555 1696 καὶ
2765 1643 2887 1698 οὐδὲ
2936 1646 3099 1716 γεννᾷ
3123 1687 3138 1708 ,
3189 1643 3379 1718 ὥσπερ
3419 1647 3744 1718 γεγέννηται

2155 1735 2337 1799 αὐτὸς,
2374 1736 2510 1790 ἀλλὰ
2535 1737 2654 1800 ὅλος
2690 1737 2836 1791 ἐστὶν
2867 1737 2990 1790 ὅλου
3025 1736 3188 1790 εἰκὼν
3217 1739 3312 1792 καὶ
3356 1738 3699 1809 ἀπαύγασμα
3723 1755 3737 1768 ·

2157 1828 2250 1881 καὶ
2280 1829 2372 1881 ἐπὶ
2405 1828 2505 1898 τῆς
2538 1827 2790 1898 θεότητος
2841 1829 3009 1900 μόνης
3067 1831 3095 1882 6
3146 1830 3336 1901 Πατὴρ
3389 1830 3592 1901 κυρίως
3623 1829 3744 1882 ἐστὶ

2156 1921 2349 1992 Πατήρ
2376 1937 2389 1951 ⁸
2427 1923 2520 1974 καὶ
2549 1924 2577 1975 ὁ
2603 1921 2750 1988 Υἱὸς,
2780 1921 2984 1994 κυρίως
3011 1921 3138 1985 Υἱός
3168 1923 3344 1975 ἐστιν·
3382 1922 3477 1974 καὶ
3505 1921 3596 1975 ἐπὶ
3622 1922 3745 1974 τού-

2157 2028 2263 2063 των
2314 2011 2512 2083 ἓστηκε
2553 2013 2615 2064 τὸ
2656 2013 2847 2082 Πατὴρ
2884 2015 2969 2065 ἀεὶ
2999 2013 3210 2084 Πατὴρ,
3244 2013 3337 2066 καὶ
3367 2012 3430 2064 τὸ
3619 2010 3745 2064 Υἱὸς

2155 2103 2242 2154 ἀεὶ
2274 2102 2422 2166 Υἱός.
2454 2104 2563 2157 Kal
2589 2103 2780 2175 ὥσπερ
2809 2106 2910 2157 οὐκ
2935 2103 3000 2157 ἂν
3031 2104 3116 2169 εἴη
3150 2105 3277 2158 ποτὲ
3311 2107 3339 2158 6
3372 2104 3563 2177 Πατὴρ
3593 2104 3742 2170 Υἱὸς,

2157 2197 2331 2262 οὕτως
2362 2199 2460 2251 οὐκ
2493 2199 2558 2252 ἄν
2588 2216 2719 2252 ποτε
2741 2200 2952 2267 γένοιτο
2975 2198 3004 2251 6
3029 2199 3156 2263 Υἱὸς
3183 2200 3393 2270 Πατήρ.
3425 2201 3536 2253 Καὶ
3559 2199 3744 2270 ὥσπρ

2157 2290 2218 2342 οὐ
2246 2289 2511 2344 παύσεταί
2543 2308 2672 2343 ποτε
2716 2294 2743 2344 6
2776 2292 2969 2364 Πατὴρ
3014 2291 3173 2362 μόνος
3214 2290 3289 2344 ὢν
3337 2293 3549 2364 Πατὴρ,
3573 2290 3744 2355 οὕτως

2154 2381 2216 2434 οὐ
2243 2382 2512 2436 παύσεταί
2540 2401 2666 2436 ποτε
2689 2384 2716 2436 6
2751 2383 2879 2447 Υἱὸς
2910 2385 3070 2456 μόνος
3100 2383 3176 2438 ὢν
3221 2385 3369 2450 Υἱός.
3408 2387 3592 2440 Μανία
3636 2385 3743 2456 ἄρα

2155 2474 2259 2530 κᾶν
2287 2476 2426 2540 ὅλως
2457 2477 2810 2549 ἐνθυμεῖσθαι
2844 2482 2938 2533 καὶ
2961 2479 3142 2548 λέγειν
3175 2480 3270 2535 ἐπὶ
3303 2481 3399 2552 μὲν
3429 2481 3561 2534 Υίοῦ
3590 2481 3744 2535 ἀδελ-

2157 2569 2276 2637 φὸν,
2313 2569 2406 2622 ἐπὶ
2439 2570 2495 2624 δὲ
2529 2570 2741 2643 Πατρὸς
2767 2573 2829 2624 τὸ
2851 2571 3077 2625 πάππου
3248 2573 3437 2643 ὅνομα.
3469 2574 3606 2626 Οὐδὲ
3634 2572 3746 2643 γὰρ

2154 2659 2451 2732 ὠνομάσθη
2481 2661 2539 2714 ἐν
2573 2664 2690 2725 ταῖς
2725 2662 2969 2733 Γραφαῖς
3013 2663 3129 2726 υίὸς
3157 2663 3219 2717 τὸ
3258 2663 3504 2736 Πνεῦμα,
3544 2665 3631 2717 ἵνα
3668 2665 3745 2736 μὴ

2154 2750 2383 2820 ἀδελφὸς
2417 2753 2645 2826 νυμισθῇ
2679 2771 2691 2784 ·
2725 2755 2845 2808 οὐδὲ
2878 2755 2994 2820 υίὸς
3025 2755 3120 2809 τοῦ
3161 2755 3315 2821 Υἱοῦ,
3351 2755 3437 2808 ἵνα
3474 2757 3548 2827 μὴ
3597 2757 3744 2809 πάπ-

2153 2859 2253 2908 πος
2287 2847 2458 2898 νοοῖτο
2637 2849 2665 2900 6
2698 2847 2891 2919 Πατήρ
2913 2864 2925 2876 ·
2963 2848 3077 2902 ἀλλ’
3121 2851 3148 2902 6
3201 2848 3351 2914 Υἱὸς,
3386 2847 3480 2901 τοῦ
3534 2847 3745 2918 Πατρὸς

2522 3023 2622 3076 Ἕκ
2655 3023 2764 3090 τῆς
2793 3023 2982 3091 αὐτῆς
3007 3025 3359 3095 επιστολῆς.

2211 3158 2393 3230 Πηγὴ,
2430 3159 2529 3213 καὶ
2561 3159 2680 3226 φῶς
2709 3161 2930 3229 λέγεται
2955 3165 2984 3216 6
3013 3165 3226 3234 Πατήρ.
3281 3165 3420 3233 Ἐμὲ
3451 3165 3584 3234 γὰρ,
3615 3183 3726 3234 φη-

2143 3251 2248 3317 σὶν,
2279 3252 2679 3320 ἐγκατέλιπον
2697 3255 2906 3324 πηγὴν
2933 3256 3156 3323 ὕδατος
3185 3254 3426 3323 ζῶντος.
3463 3259 3573 3311 Καὶ
3615 3260 3693 3312 πά
3713 3292 3724 3300 -

2140 3343 2223 3396 λιν
2253 3345 2309 3396 ὲν
2340 3343 2419 3415 τῷ
2452 3344 2694 3415 Βαρούχο
2740 3347 2802 3401 Τί
2834 3349 3004 3402 ἐστιν
3042 3349 3308 3416 Ἰσραὴλ,
3336 3348 3429 3402 ὅτι
3455 3349 3526 3402 ἐν
3547 3348 3623 3417 τῇ
3647 3349 3728 3418 ri}

2139 3436 2262 3492 τῶν
2301 3439 2534 3508 ἐχθρῶν
2586 3441 2679 3508 si;
2727 3443 3142 3511 Ἐγκατέλιπες
3198 3443 3315 3510 τὴν
3359 3444 3564 3512 πηγὴν
3612 3443 3729 3510 τῆς

2139 3533 2384 3601 σοφίας.
2441 3535 2552 3588 Καὶ
2592 3534 2736 3588 κατὰ
2785 3537 2878 3588 τὸν
2925 3535 3204 3606 Ἰωάννην,
3253 3538 3316 3589 '0
3369 3537 3516 3604 Θεὸς
3556 3538 3730 3606 ἡμῶν

2137 3624 2263 3693 φῶς
2297 3628 2450 3683 ἐστι.
2484 3627 2720 3696 Λέγεται
2755 3628 2811 3680 δὲ
2843 3629 2938 3681 καὶ
2972 3630 3000 3682 6
3027 3628 3176 3694 Υῑδς,
3197 3631 3276 3693 ὡς
3310 3631 3412 3700 μὲν
3437 3631 3576 3702 πρὸς
3608 3631 3718 3702 τὴν

2137 3721 2322 3788 πηγὴν
2357 3720 2622 3789 ποταμός.
2656 3715 2722 3774 Ὅ
2750 3722 3017 3790 ποταμὸς
3060 3723 3191 3792 γὰρ,
3228 3723 3392 3794 φησὶ,
3419 3725 3528 3779 τοῦ
3575 3727 3726 3780 Θεοῦ

2139 3813 2460 3880 ἐπληρώθη
2507 3813 2767 3877 ὑδάτων,
2802 3813 2943 3883 πρὸς
2985 3816 3044 3867 δὲ
3097 3814 3162 3867 τὸ
3205 3815 3322 3884 φῶς
3349 3817 3714 3886 ἀπαύγασμα.

2136 3903 2390 3972 λέγοντος
2425 3905 2521 3958 τοῦ
2574 3905 2813 3971 Παύλου,
2847 3906 2905 3967 ὅς
2935 3905 3012 3959 ὣν
3036 3905 3382 3978 ἀπαύγασμα
3409 3909 3509 3976 τῆς
3533 3908 3712 3976 δόξης,

2135 3996 2233 4048 καὶ
2264 3996 2553 4067 χαρακτὴρ
2602 3999 2704 4068 τῆς
2753 3999 3112 4063 ὑποστάσεως
3148 3999 3335 4054 αὐτοῦ.
3387 3999 3490 4052 Τοῦ
3529 3999 3712 4051 τοίνυν

2139 4087 2350 4156 Πατρὸς
2393 4089 2572 4154 φωτὸς
2605 4089 2780 4154 ὄντος,
2843 4091 2940 4142 τοῦ
2975 4091 3032 4143 δὲ
3087 4092 3218 4145 Υίοῦ
3277 4091 3715 4158 ἁπανγάσματος

2136 4178 2331 4231 αὐτοῦ’
2366 4180 2432 4232 τὰ
2460 4179 2601 4233 αὐτὰ
2635 4181 2745 4250 γὰρ
2794 4182 2926 4253 περὶ
2959 4183 3168 4237 τούτων
3205 4183 3302 4238 οὐκ
3343 4183 3599 4252 ὀκνητέον
3621 4183 3718 4235 λέ-

2137 4285 2256 4336 γειν
2314 4271 2618 4336 πολλάκις·
2676 4275 2889 4339 ἔξεστιν
2947 4279 3081 4348 ὁρᾷν
3136 4279 3232 4332 καὶ
3285 4279 3344 4332 ἐν
3395 4277 3474 4348 τῷ
3504 4275 3618 4346 Υίῷ
3660 4279 3725 4329 τὸ

2138 4361 2384 4433 Πνεῦμα,
2413 4367 2472 4417 ὲν
2501 4361 2544 4435 ᾧ
2599 4369 2973 4439 φωτιζόμεοαγ.
3031 4373 3157 4426 Ἵνα
3203 4372 3335 4444 γὰρ,
3397 4371 3572 4442 φησί,
3599 4371 3722 4440 δῴη

459 4445 586 4484 cum
629 4432 1003 4493 illuminamur
1026 4442 1254 4510 Spiritu,
1281 4445 1534 4502 Christus
1565 4459 1667 4512 est,
1704 4451 1796 4518 qui
1829 4451 1882 4503 in
1911 4454 2029 4520 ipso

2145 4432 2294 4522 ὑμῖν
2325 4432 2569 4526 Πνεῦμα
2612 4432 2842 4530 σοφίας
2865 4462 2965 4515 καὶ
2991 4432 3438 4534 ἀποκαλύψεως
3467 4432 3568 4518 ’ἐν’
3595 4432 3726 4517 ἐδτι-ζ

457 4521 750 4581 illuminat.
776 4530 912 4584 Erat
934 4533 1102 4598 enim,
1131 4537 1324 4606 inquit,
1344 4539 1442 4594 lux
1456 4557 1595 4604 vera,
1627 4559 1744 4612 qua:
1768 4544 2036 4598 illuminat

455 4628 667 4668 omnem
705 4621 971 4674 hominem
996 4627 1294 4683 ,uenientern
1335 4631 1388 4682 in
1430 4632 1740 4687 mundum“.
1763 4633 2031 4690 Praeterea

455 4719 588 4759 cum
642 4707 801 4764 Pater
845 4711 918 4766 sit
947 4711 1090 4778 fons,
1121 4715 1295 4773 Filius
1335 4728 1512 4775 autem
1546 4721 1746 4777 ﬂuvius
1791 4723 2030 4789 dicatur,

454 4798 835 4881 nos‘dicimur
873 4803 1138 4872 Spiritum
1178 4804 1412 4878 bibere};
1438 4813 1700 4880 scriptum
1729 4816 1872 4870 enim
1904 4825 1987 4870 est
2016 4834 2029 4870 :

449 4887 726 4952 «Quoniam
745 4907 923 4948 omnes
951 4913 1044 4950 nos
1066 4915 1172 4953 uno
1195 4899 1401 4970 Spiritu
1423 4906 1597 4972 potati
1618 4921 1798 4962 sumus
1817 4908 1860 4963 ⁷.
1891 4909 2036 4964 Cum

450 4989 644 5034 autem
677 4996 929 5051 potamur
981 4989 1211 5059 Spiritu,
1248 4992 1528 5048 Christum
1571 4996 1826 5053 bibimus.
1877 4997 2035 5053 Bibcd

452 5073 586 5127 bant
621 5076 783 5167 enin},
814 5079 1014 5148 inquit,
1047 5095 1112 5155 ea!
1141 5087 1472 5154 consequenti
1517 5103 1606 5141 eos
1651 5098 1800 5156 petra
1820 5131 1835 5155 ,
1879 5102 2034 5160 petra

449 5173 641 5218 autem
665 5178 782 5222 erat
823 5169 1065 5227 Christus
1087 5173 1132 5228 ⁸.
1157 5173 1244 5230 Ad
1277 5176 1392 5232 haec
1431 5192 1552 5234 cum
1585 5177 1833 5235 Christus
1866 5197 2032 5240 verus
2064 5208 2073 5218 ο

459 5256 540 5313 sit
568 5257 766 5326 Filius,
794 5277 896 5319 nos
929 5265 1194 5335 Spiritum
1219 5270 1572 5340 accipientes,
1599 5272 1865 5328 eﬁicimur
1903 5276 2022 5331 ﬁlii.

462 5347 590 5405 Non
620 5355 764 5407 enim
801 5359 1100 5427 accepistis,
1147 5361 1345 5431 inquit,
1387 5363 1648 5434 Spiritum
1683 5370 1952 5423 servitutis
1977 5373 2032 5423 in

447 5443 730 5515 timore-nt,
770 5449 862 5503 sed
905 5454 1190 5521 accepistis
1233 5456 1505 5522 Spiritum
1539 5459 1838 5529 adoptionis
1877 5463 2022 5532 ﬁlio-

447 5547 576 5588 rum
595 5538 640 5592 ’.
675 5539 823 5594 Cum)
877 5553 1058 5599 autem
1103 5561 1198 5614 per
1264 5547 1526 5618 Spiritum
1582 5553 1925 5626 adoptemur,
1975 5557 2031 5611 in

529 5692 548 5722 ¹
573 5691 773 5748 Jercm.
809 5713 872 5762 ιι,
908 5699 994 5753 15.
1075 5703 1094 5733 ³
1122 5701 1332 5759 Bnruch
1370 5721 1455 5771 Ill,
1481 5707 1568 5773 iO,
1603 5709 1692 5764 12.
1773 5713 1790 5742 ³
1821 5711 1841 5766 l
1873 5711 2030 5768 Joan.
2073 5735 2112 5781 ι,
2138 5717 2192 5774 5.

533 5797 550 5815 .
625 5764 644 5794 ⁷
673 5762 835 5823 Joan.
869 5786 907 5836 ι,
954 5776 1008 5826 9.
1084 5771 1106 5803 ⁸
1137 5771 1301 5830 lCor.
1337 5791 1435 5841 χιι,
1463 5779 1551 5836 15.
1648 5783 1668 5814 ⁰
1705 5782 1724 5836 i
1761 5783 1886 5841 Cor.
1926 5800 1981 5841 ι.
2011 5788 2068 5840 4.

1805 5797 1886 5840 or.
1926 5800 1981 5854 ι,
2011 5797 2068 5840 4.

459 5756 550 5815 17.
625 5764 644 5794 ⁷
673 5756 907 5836 σιοιιιι.ἰ,
954 5776 1008 5826 9.
1084 5771 1106 5803 ⁸
1137 5756 1551 5846 [Centauri—3i.

2139 4547 2356 4615 γνώσει
2393 4551 2580 4605 αὑτοῦ
2625 4559 3124 4623 πεφωτισμένους
3168 4559 3312 4623 τοὺς
3368 4558 3724 4628 ὀφθαλμοὺς

2139 4638 2252 4707 τῆς
2282 4642 2549 4709 καρδίας.
2587 4641 2678 4712 Τῷ
2712 4645 2774 4698 δὲ
2799 4647 3082 4718 Πνεῦματι
3110 4650 3504 4720 φωτιζομένων
3535 4651 3722 4720 ἡμῶν,

2139 4733 2427 4802 ὁΧριστός
2484 4737 2635 4789 ἐστιν
2683 4741 2711 4792 6
2745 4742 2803 4792 ἐν
2857 4743 3009 4809 αὐτῷ
3067 4743 3341 4811 φωτίζων.
3405 4738 3526 4798 ἿΙν
3587 4746 3720 4813 γὰρ,

2139 4825 2297 4894 φησὶ,
2338 4829 2402 4880 τὸ
2432 4827 2559 4897 φῶς
2586 4831 2653 4883 τὸ
2691 4832 3005 4900 ἀληθινὸν,
3040 4836 3071 4889 ὃ
3108 4835 3338 4904 φωτίζει
3371 4836 3572 4889 πάντα
3612 4837 3726 4890 ἀν-

2138 4919 2376 4982 θρωπον
2423 4920 2755 4990 ἐρχόμενον
2807 4927 2892 4992 είς
2917 4926 3024 4980 τὸν
3052 4931 3304 4996 κόσμον.
3344 4929 3514 4982 Πάλιν
3539 4947 3599 4982 τε
3624 4927 3726 4982 τοῦ

2139 5009 2352 5079 Πατρὺς
2384 5011 2540 5077 ὄντος
2573 5017 2779 5086 πηγῆς,
2817 5021 2911 5071 τοῦ
2943 5019 3000 5072 δὲ
3039 5020 3169 5073 Υξοῦ
3201 5020 3451 5091 ποταμοῦ
3486 5021 3726 5092 λεγομέ-

2137 5117 2252 5163 νου,
2290 5102 2471 5158 πίνειν
2499 5107 2774 5176 λεγόμεθα
2829 5113 2889 5164 τὸ
2947 5113 3194 5182 Πνεῦμα.
3230 5114 3553 5186 Γέγραπται
3585 5115 3718 5184 γὰρ,

2135 5195 2266 5247 Ὀτι
2297 5195 2472 5264 ἡμεῖς
2493 5199 2722 5265 πάντες
2745 5201 2816 5254 ἐν
2839 5203 3086 5274 Πνεῦμα
3103 5205 3542 5276 ἐποτίσθημεν,
3567 5209 3625 5259 τὸ
3656 5208 3717 5260 δὲ

2132 5285 2357 5357 Πνεῦμα
2390 5289 2742 5362 ποτιζόμενοι
2775 5297 2866 5347 τδν
2912 5296 3149 5366 Χριστὸν
3171 5297 3424 5368 πίνομεν.
3460 5301 3721 5354 Ἐπινον

2130 5379 2239 5446 γὰρ
2269 5377 2338 5432 ἐκ
2367 5383 2784 5454 πνευματικῆς
2809 5388 3277 5454 ἀκολουθούσης
3309 5389 3553 5456 πέτρας,
3583 5390 3620 5456 ἡ
3649 5388 3720 5441 δὲ

2137 5468 2326 5537 πέτρα
2345 5465 2425 5541 ἦν
2448 5475 2482 5527 ὀ
2513 5475 2794 5542 Χριστός.
2829 5476 2937 5529 Καὶ
2969 5477 3136 5530 πάλιν
3155 5478 3250 5531 τοῦ
3287 5480 3527 5548 Χριστοῦ
3557 5478 3719 5542 ὄντος

2139 5562 2400 5630 ἀληθινοῦ
2442 5565 2591 5634 Υίοῦ,
2640 5569 2803 5638 ἡμεῖς
2830 5569 2890 5622 τὸ
2924 5569 3151 5639 Πνεῦμα
3183 5569 3556 5640 λαμϐάνοντες
3605 5573 3722 5623 υἷο-

2289 5719 2312 5751 ⁸
2343 5717 2488 5776 Psal.
2524 5737 2673 5789 an,
2709 5722 2795 5778 10.
2888 5727 2908 5757 ⁵
2939 5725 3103 5780 llcbr.
3143 5742 3182 5792 t,
3217 5728 3270 5782 3.
3373 5727 3393 5758 °
3428 5727 3630 5798 Ephes.
3661 5743 3702 5789 ι.
