4064 6388
331 297 434 364 713

1305 293 1672 355 PANOPLIA
1717 287 2171 349 DOGMATICA.
2216 310 2284 320 -·-
2314 285 2464 345 ΤΙΤ.
2497 282 2631 343 XII.

3504 270 3609 335 7H

338 420 436 484 τῆς
466 416 767 485 σφραγῖδος
800 414 931 482 πρὸ.
956 413 1023 464 τὰ
1049 412 1310 481 χριόμενα
1345 413 1436 462 καὶ
1465 407 1917 477 σφραγιζόμενα;

2037 405 2288 472 unguenti
2323 413 2376 457 et
2397 403 2556 472 sigilli
2598 415 2720 455 esse
2767 407 2945 469 potest
2998 415 3122 454 cum
3178 399 3263 452 his
3302 397 3465 452 rebus
3489 411 3612 465 qua:

337 508 550 564 Οὐκοῦν
587 511 680 563 καὶ
732 507 870 560 κατὰ
927 505 1083 558 τοῦτο
1129 505 1230 556 οὐκ
1284 505 1349 556 ἂν
1393 501 1477 571 εἴη
1526 501 1632 553 τῶν
1670 499 1915 552 πάντῶν.

338 603 411 655 Οὐ
476 601 582 668 γὰρ
642 600 822 667 ἂνεῖη
889 599 919 666 ἡ
991 601 1226 666 σφραγὶς
1305 597 1366 646 ἐκ
1438 592 1548 644 τῶν
1625 591 1922 661 σφραγιξο·

341 696 536 762 μένων,
558 693 679 744 οὐδὲ
710 691 772 742 τὸ
804 691 1012 758 χρίσμα
1040 691 1105 741 ὲκ
1136 688 1245 739 τῶν
1279 686 1608 756 χρωμένων·
1641 683 1754 736 ἀλλ’
1790 683 1952 738 ίδιόν,

337 790 454 840 ἐστι
483 785 644 838 τοῦτο
674 784 769 837 τοῦ
799 784 1048 852 χρίοντος
1080 785 1173 832 καὶ
1198 780 1598 848 σφραγίζοντος
1626 775 1824 842 Λόγου.
1848 774 1921 825 Τὸ

344 881 444 949 μὲν
468 879 576 949 γὰρ
597 877 807 946 χρίσμα
832 877 931 942 τὴν
953 875 1183 927 εὐωδίαν
1211 876 1303 926 καὶ
1334 871 1506 937 πνοὴν
1526 868 1620 922 τοῦ
1646 867 1925 938 χρίοντοος

344 975 458 1041 ἔχει
481 1013 496 1034 ,
531 974 622 1024 xui.
654 972 702 1022 οἱ
747 969 1022 1038 χριόμενοι
1063 967 1253 1018 τούτου
1297 962 1806 1033 μεταλαμϐάνοντες
1831 959 1923 1011 λέ-

345 1077 503 1126 γιυσι
523 1073 538 1087 ⁸
591 1076 607 1108 ι
639 1055 878 1125 Χριστοῦ
909 1055 1108 1107 εὐωδία
1134 1053 1297 1119 ἐσμέν
1323 1069 1336 1084 θ
1367 1071 1384 1102 ι
1416 1052 1446 1119 ἡ
1473 1049 1527 1102 δὲ
1561 1049 1801 1118 σφραγὶς
1827 1047 1926 1115 τὴν

357 1151 574 1222 μορφὴν
603 1148 844 1219 Χριστοῦ
887 1146 980 1200 τοῦ
1036 1143 1428 1214 σφραγίζοντος
1477 1141 1612 1211 ἔχει,
1656 1141 1752 1192 καὶ
1790 1138 1925 1190 ταύ-

343 1259 442 1312 της
474 1241 524 1292 οἱ
574 1239 1004 1307 σφραγιζὸμενοι
1053 1236 1361 1304 μετέχουσι,
1397 1230 1767 1302 μορφούμενοι
1803 1229 1924 1281 κατ’

343 1335 535 1403 εῦτὴν,
570 1333 818 1400 λέγοντος
852 1330 944 1382 τοῦ
977 1329 1307 1380 Ἀποστόλου
1337 1343 1349 1356 ·
1384 1345 1401 1376 ι
1450 1327 1652 1378 Τεκνία
1684 1340 1810 1392 μου,
1831 1319 1928 1382 οὒς

345 1425 508 1476 ’πάλιν
539 1423 733 1483 ὠδίνω,
776 1422 934 1490 ἄχρις
960 1413 1018 1472 οὗ
1055 1416 1320 1486 μορφωθῇ
1353 1416 1588 1484 Χριστὸς
1620 1415 1678 1466 ὲν
1713 1414 1861 1482 ὑμῖν.
1903 1429 1923 1462 ι

348 1513 506 1564 Hii-rm
575 1512 629 1562 δὲ
691 1507 1150 1578 σφραγιζὸμενοι,
1217 1505 1448 1566 εἰκότως
1513 1503 1607 1555 καὶ
1681 1498 1930 1554 κοινωνοὶ

349 1606 498 1666 (είας
548 1603 761 1672 φύσεως
805 1598 1102 1668 γινόμεθα,
1153 1597 1227 1659 ὡς
1277 1590 1435 1648 εἶπεν
1483 1596 1510 1646 6
1558 1593 1784 1663 Πέτρος,
1835 1591 1932 1644 καὶ

348 1697 489 1750 οὕτω
550 1697 766 1764 μετέχει
825 1695 977 1746 πᾶσα
1037 1695 1066 1758 ἡ
1121 1690 1299 1752 κτίσις
1347 1686 1442 1740 τοῦ
1505 1687 1683 1754 Λόγου
1741 1687 1799 1738 ὲν
1856 1683 1935 1754 τῷ
1969 1729 2008 1782 Β

351 1788 623 1857 Πνιιύματι
650 1786 846 1857 [Ματρί
875 1787 957 1838 ed.
997 1781 1253 1853 Mofdav.]

540 1872 648 1923 Καὶ
681 1867 767 1920 διὰ
800 1867 893 1920 τοῦ
930 1864 1244 1935 Πνεύματος
1268 1861 1538 1934 λεγόμεθα
1578 1861 1778 1923 πάντες
1802 1861 1934 1930 μέτ-

343 1979 456 2036 οχοι
505 1959 600 2013 τοῦ
631 1957 786 2012 Θεοῦ·
843 1975 860 2007 ι
900 1958 1012 2009 Οὐκ
1060 1942 1259 2017 οἴδατε,
1321 1956 1428 2024 γάρ
1459 1971 1640 2024 φησιν,
1695 1954 1775 2006 ὅτι
1810 1952 1935 2015 ναὸς

343 2055 477 2109 Θεοῦ
506 2055 653 2116 ἐστε,
685 2052 778 2106 καὶ
802 2052 863 2104 τὸ
899 2051 1120 2119 Πνεῦμα
1142 2047 1236 2101 τοῦ
1262 2047 1395 2100 Θεοῦ
1425 2048 1482 2100 ὲν
1511 2049 1638 2117 ὑμῖν
1663 2049 1834 2111 οἰκεῖ;
1870 2047 1937 2100 Εἴ

346 2166 424 2212 τις
447 2149 537 2201 τὸν
565 2147 689 2200 ναὸν
716 2145 807 2198 τοῦ
861 2143 993 2196 Θεοῦ
1024 2141 1252 2212 φθείρει,
1287 2139 1476 2210 φθερεῖ
1521 2139 1709 2192 τοῦτον
1730 2141 1757 2191 6
1780 2139 1930 2201 Θεός.

355 2241 412 2294 Ὀ
457 2237 566 2309 γὰρ
599 2237 723 2298 ναὸς
771 2235 863 2287 τοῦ
930 2232 1065 2286 Θεοῦ
1126 2232 1279 2300 ἅγιός
1332 2232 1500 2294 ἐστιν,
1555 2230 1750 2293 οἵτινές
1806 2233 1926 2283 ὲστε

344 2332 555 2401 ὑμεῖς.»
587 2330 649 2382 Εἰ
684 2328 887 2398 κτίσμα
923 2326 978 2378 δὲ
1010 2320 1076 2394 ἦν
1124 2324 1184 2376 τὸ
1226 2322 1449 2393 Πνεῦμα
1507 2323 1568 2374 τὸ
1623 2322 1800 2390 διγιον,
1835 2323 1934 2374 ουκ

343 2427 408 2480 ἄν
440 2442 526 2486 τις
555 2425 612 2475 ὲν
646 2422 793 2492 αὐτῷ
830 2419 1090 2492 μετουσία
1145 2417 1237 2470 τοῦ
1266 2416 1401 2470 Θεοῦ
1437 2416 1646 2484 γένοιτο
1763 2415 1890 2482 ἡμῖν
1919 2432 1930 2444 ·

345 2516 460 2568 ἀλλ’
493 2515 527 2586 ἢ
561 2516 668 2584 ἄρα
705 2515 959 2584 κτίσματι
1013 2512 1109 2582 μὲν
1145 2507 1549 2580 συνηπτόμεθα,
1581 2507 1852 2578 ἀλλότριοι
1878 2507 1934 2559 δὲ

342 2610 444 2679 τῆς
477 2607 628 2670 θείας
661 2605 875 2675 φύσεως
934 2602 1244 2673 ἐγινόμεθα,
1313 2601 1386 2664 ὡς
1442 2600 1582 2654 κατὰ
1628 2599 1792 2670 μηδὲν
1835 2600 1933 2650 αῦ-

340 2701 441 2770 τῆς
585 2697 924 2768 μετέχοντες.
984 2695 1099 2748 Νῦν
1157 2695 1233 2756 δὲ,
1270 2695 1357 2747 ὅτε
1416 2691 1687 2763 λεγόμεθα
1722 2692 1934 2761 μέτοχοι

341 2789 583 2861 Χριστοῦ
643 2791 737 2843 καὶ
797 2790 1011 2860 μέτοχοι
1067 2786 1222 2850 Θεοῦ,
1274 2786 1549 2839 δείκνυται
1599 2785 1658 2836 τὸ
1719 2784 1776 2835 ἐν
1807 2785 1938 2852 ἡμῖν

342 2882 556 2954 χρίσμα
591 2881 684 2932 καὶ
718 2881 749 2950 ἡ
813 2879 1050 2951 σφραγὶς
1101 2878 1174 2948 μὴ
1224 2871 1360 2929 οὖσα
1393 2876 1491 2944 τῆς
1524 2872 1633 2926 τῶν
1694 2871 1938 2942 γενητῶν

344 2972 585 3041 φύσεως,
610 2971 744 3025 ἀλλὰ
775 2972 870 3040 τῆς
1006 2969 1096 3023 τοῦ
1124 2968 1379 3032 Υῐοῦ,διὰ
1397 2966 1488 3019 τοῦ
1514 2969 1569 3018 ἐν
1592 2966 1740 3034 αὐτῷ
1773 2964 1943 3016 Ilvati-

2030 506 2306 567 unguutur
2333 505 2388 549 et
2420 493 2744 564 signantur?
2771 490 2968 562 Nequit
3003 491 3229 561 proinde
3258 489 3374 544 fieri
3401 499 3461 544 ut
3497 489 3614 558 ipse
3699 502 3708 510 ‘

2030 590 2170 643 inter
2187 603 2273 642 res
2287 600 2476 640 omnes
2489 597 2823 639 numeretur.
2844 583 2950 638 Nec
2966 585 3108 637 enim
3124 583 3322 653 aliquis
3337 597 3402 636 ex
3423 582 3613 649 hisqui

2029 680 2336 747 signantur,
2365 676 2605 746 sigillum
2631 676 2747 744 ipse
2774 674 3038 728 dicendus
3069 675 3141 728 sit
3174 691 3188 726 :
3224 689 3328 729 nec
3360 673 3615 727 similiter

2029 770 2228 839 aliquis
2250 784 2316 823 ex
2348 769 2431 822 bis
2470 784 2562 836 qui
2606 777 2904 837 tinguntur,
2933 774 3269 829 unguentum
3314 767 3454 818 idem
3487 773 3613 818 erit.

2033 861 2136 916 Sed
2168 861 2220 916 id
2257 859 2537 929 preprium
2571 869 2654 912 est
2710 859 2960 928 ungentis
3009 870 3064 911 et
3109 858 3378 926 signantis
3427 854 3613 910 Verbi.

2036 950 2375 1021 Unguentum
2403 949 2621 1018 quidem
2658 948 2910 1017 ungentis
2955 947 3275 1001 suavitatem
3313 957 3365 999 et
3390 947 3614 1000 odorem

2031 1044 2247 1108 retinet,
2268 1042 2422 1110 cujus
2453 1041 2745 1110 participes
2770 1039 2898 1094 facti
2929 1041 3017 1109 qui
3053 1049 3353 1108 unguntur,
3378 1041 3610 1094 dicunt:

2039 1152 2056 1184 ι
2091 1132 2294 1186 Christi
2329 1132 2506 1185 bonus
2542 1132 2676 1185 odor
2708 1145 2903 1184 sumus
2961 1133 2994 1181 '.
3033 1149 3049 1180 ι
3093 1128 3342 1199 Sigillum
3377 1145 3506 1183 vero
3541 1130 3618 1182 si-

2033 1225 2250 1295 gnantis
2276 1223 2478 1277 Christi
2513 1225 2744 1291 ctligiem
2787 1231 2987 1284 servat,
3015 1223 3170 1290 cujus
3203 1224 3296 1290 qui
3337 1223 3620 1291 signantur

2031 1318 2324 1388 participes
2351 1317 2550 1382 effecti,
2577 1319 2642 1371 ad
2675 1333 2793 1370 eam
2821 1316 3256 1381 conformantur,
3295 1329 3353 1371 ut
3381 1319 3457 1372 ait
3476 1319 3624 1387 Apo-

2033 1410 2210 1465 stolus
2242 1427 2254 1461 :
2303 1428 2320 1460 ι
2361 1407 2539 1464 Filioli
2577 1411 2704 1472 mei,
2735 1426 2875 1479 quos
2911 1411 3104 1462 iterum
3155 1411 3416 1478 partui-io,
3450 1411 3623 1464 donec

2033 1499 2300 1554 formetur
2347 1499 2598 1554 Christus
2638 1500 2691 1552 in
2744 1499 2898 1554 vobis
2958 1498 2999 1552 ‘.
3042 1517 3060 1548 ι
3111 1497 3222 1552 lioc
3249 1507 3427 1552 autem
3462 1499 3624 1551 minio

2033 1593 2253 1662 signati,
2286 1592 2675 1646 convenienter
2714 1591 2914 1644 divina:
2947 1600 3156 1644 naturae
3190 1600 3474 1645 consortes
3505 1591 3624 1644 red-

2033 1687 2235 1753 dimur,
2265 1688 2343 1740 uti
2374 1687 2531 1739 docet
2562 1683 2757 1740 Petrus
2811 1678 2830 1707 ³
2866 1703 2878 1736 :
2918 1692 3081 1753 atque
3127 1685 3199 1761 ita
3242 1684 3508 1736 universm
3540 1699 3626 1737 res

2035 1789 2229 1834 creatae
2254 1777 2416 1832 Verbi
2448 1778 2500 1830 in
2537 1775 2741 1845 Spiritu
2772 1775 2910 1829 fiunt
2937 1776 3247 1844 participes.

2221 1870 2424 1924 Omnes
2457 1870 2710 1923 similiter
2759 1885 2853 1937 per
2888 1869 3153 1938 Spiritum
3204 1871 3294 1923 Dei
3337 1873 3629 1940 participes

2034 1963 2289 2017 dicimur.
2329 1981 2345 2011 ι
2382 1959 2636 2023 Nescitis,
2661 1961 2858 2029 inquit,
2891 1961 3017 2029 quia
3056 1964 3313 2030 templum
3349 1963 3438 2016 Dei
3468 1965 3626 2028 estis,

2034 2061 2088 2106 et
2106 2051 2342 2122 Spiritus
2368 2052 2463 2106 Dei
2490 2052 2702 2105 habitat
2728 2051 2780 2104 in
2808 2052 3001 2106 vobis?
3028 2051 3083 2106 Si
3108 2054 3231 2122 quis
3251 2054 3508 2123 templum
3532 2053 3626 2108 Dei

2033 2145 2340 2211 violaverit,
2365 2143 2643 2213 disperdet
2674 2141 2824 2196 illum
2852 2142 3017 2199 Deus.
3047 2142 3330 2213 Templum
3358 2147 3501 2199 enim
3533 2145 3625 2200 Dei

2035 2245 2285 2290 sanctum
2318 2243 2421 2297 est,
2449 2235 2592 2303 quod
2617 2235 2748 2289 estis
2776 2251 2873 2290 vos
2920 2237 2963 2290 ⁸.
2994 2254 3010 2287 ι
3046 2235 3148 2290 Sed
3184 2238 3225 2289 si
3247 2236 3480 2306 Spiritus
3499 2254 3627 2292 san-

2037 2335 2155 2379 ctus
2183 2341 2269 2380 res
2301 2333 2484 2380 creata
2509 2336 2652 2380 esset
2679 2365 2693 2389 ,
2728 2327 2873 2381 nulla
2905 2343 3036 2383 sane
3081 2329 3170 2382 Dei
3199 2331 3626 2385 cominunicatio

2037 2419 2194 2474 nobis
2232 2419 2284 2472 in
2323 2419 2442 2486 ipso
2464 2429 2640 2483 esset;
2676 2421 2768 2474 sed
2800 2422 2875 2474 rei
2909 2429 3107 2474 creata:
3138 2422 3625 2491 coniungeremur,

2037 2519 2090 2563 et
2110 2510 2308 2565 divinae
2332 2521 2540 2566 naturae
2555 2513 2715 2567 alieni
2734 2528 3004 2579 essemus,
3025 2523 3210 2583 utpote
3230 2517 3376 2570 nulla
3397 2517 3449 2570 in
3479 2526 3630 2586 parte

2039 2600 2158 2668 ejus
2189 2599 2316 2654 facti
2354 2603 2670 2671 participes.
2703 2601 2859 2658 Nunc
2898 2621 3024 2659 vero
3050 2621 3173 2661 cum
3216 2607 3420 2662 Christi
3449 2618 3500 2663 ct
3537 2608 3630 2664 Dei

2040 2691 2331 2760 participes
2357 2693 2626 2758 dicamur,
2656 2695 2841 2763 utique
2867 2705 3074 2750 constat
3109 2707 3444 2767 unguentum
3473 2710 3524 2754 et
3557 2703 3633 2756 si-

2043 2784 2256 2853 gillum,
2287 2785 2431 2853 quod
2465 2785 2518 2839 in
2551 2787 2709 2843 nobis
2743 2797 2844 2852 est,
2881 2803 2988 2842 non
3023 2790 3090 2843 ad
3121 2805 3304 2846 rerum
3340 2791 3628 2854 factarum,

2043 2877 2136 2931 sed
2167 2878 2233 2930 ad
2277 2876 2395 2930 Filii
2436 2887 2684 2933 naturam
2731 2882 3021 2949 pertinere,
3056 2883 3144 2951 qni
3190 2897 3289 2936 nos
3319 2899 3414 2953 per
3460 2885 3633 2953 Spiri-

2045 2975 2183 3034 tum,
2209 2969 2302 3038 qui
2334 2971 2385 3022 in
2420 2973 2536 3039 ipso
2579 2980 2681 3037 est,
2721 2970 2867 3025 Patri
2903 2973 3206 3044 eonjnngit.
3258 2974 3493 3044 ldipsum
3534 2993 3632 3032 nos

349 3082 518 3134 ματος
555 3065 915 3126 συνάπτοντος
971 3065 1117 3133 ἡμᾶς
1181 3061 1258 3132 τῷ
1314 3059 1509 3131 Πατρί.
1569 3058 1741 3112 Τοῦτο
1775 3058 1936 3130 γὰρό

2043 3056 2308 3124 Joannes,
2331 3059 2404 3111 uti
2435 3073 2599 3127 supra
2629 3059 2832 3113 dictum
2858 3061 3065 3123 est.,his
3091 3061 3270 3116 verbis
3292 3061 3485 3116 docet:
3524 3082 3542 3112 ε
3576 3063 3631 3116 In

359 3157 636 3227 Ἰωάννης,
672 3157 747 3219 ὡς
779 3158 834 3208 ὲν
887 3158 998 3218 τοῖς
1054 3154 1364 3225 ἔμπροσθεν
1394 3153 1626 3222 εἴρηται,
1677 3152 1942 3205 διδάσκων

349 3248 603 3320 ἔγραψεν·
644 3266 660 3298 ι
713 3248 798 3300 Ἐν
855 3248 1026 3317 τούτῳ
1060 3245 1422 3316 γινώσκομεν,
1459 3246 1540 3298 ὃτι
1583 3247 1640 3296 ὲν
1688 3244 1766 3314 τῷ
1825 3243 1943 3314 Θεῷ

355 3343 602 3411 μένομεν,
632 3342 723 3394 καὶ
754 3341 916 3403 αὐτὸς
947 3342 1006 3392 ὲν
1057 3341 1210 3409 ἡμῖν,
1257 3340 1338 3390 ὅτι
1388 3339 1452 3389 ὲκ
1489 3335 1582 3388 τοῦ
1625 3336 1944 3405 Πνεῦματος

353 3432 514 3486 αὑτοῦ
545 3433 707 3496 αὐτὸς
739 3432 937 3486 ἔδωκεν
959 3434 1112 3502 ἡμῖν.
1154 3451 1171 3483 ›
1209 3431 1268 3482 Ei
1330 3430 1387 3487 δὲ
1416 3431 1480 3498 τῇ
1513 3427 1604 3479 τοῦ
1627 3428 1945 3497 Πνεῦματος

364 3525 611 3595 μετουσίᾳ
632 3523 897 3594 γινόμεθα
942 3522 1186 3575 κοινωνοὶ
1244 3519 1395 3582 θείας
1437 3520 1672 3588 φύσεως,
1715 3518 1944 3589 μαίνοιτ’

371 3613 427 3664 ἀν
448 3629 524 3674 τις
546 3614 720 3683 λέγων
755 3615 814 3666 τὸ
846 3612 1067 3680 Πνεῦμα
1090 3615 1186 3682 τῆς
1214 3610 1435 3681 κτιστῆς
1467 3610 1701 3677 φύσεως,
1746 3611 1838 3664 καὶ
1869 3609 1946 3679 μὴ

375 3704 464 3775 τῆς
486 3705 566 3759 τοῦ
597 3705 754 3760 Θεοῦ.
779 3705 876 3758 Διὰ
901 3704 1056 3758 τοῦτο
1091 3705 1199 3775 γὰρ
1229 3707 1324 3759 καὶ
1358 3706 1414 3756 ἐν
1441 3700 1520 3767 οἷς
1543 3704 1771 3772 γίνεται,
1795 3697 1937 3754 οὗτοι

358 3791 718 3848 θεοποιοῦνται
758 3814 772 3827 ο
919 3797 961 3848 εἰ
995 3795 1050 3848 δὲ
1079 3795 1330 3858 θεοποιεῖ,
1370 3797 1465 3848 οὐκ
1497 3793 1814 3864 ἀμφίϐολον,
1856 3792 1934 3847 ὅτι

351 3886 380 3956 ἡ
415 3886 601 3939 τούτου
633 3887 792 3954 φύσις
827 3887 961 3941 Θεοῦ
991 3889 1122 3942 ἐστι.
1153 3888 1260 3941 Καὶ
1287 3888 1366 3940 ἔτι
1399 3887 1455 3938 δὲ

348 3995 440 4048 ρον
463 3980 543 4042 εἰς
567 3980 846 4050 ἀναίρεσιν
897 3981 996 4052 τῆς
1035 3980 1299 4052 αἱρέσεως
1333 3978 1534 4049 ταύτης
1590 3981 1645 4030 εν
1703 3977 1779 4047 τῷ
1811 3978 1937 4029 ἑκα-

339 4071 522 4143 τοστῷ
555 4072 723 4146 τρίτῳ
767 4073 968 4144 ψαλμῴ
989 4074 1194 4145 ᾄδεται,
1243 4075 1318 4137 ὡς
1352 4072 1658 4144 ἔμπροσθεν
1690 4072 1933 4142 εἴπομεν·

345 4182 364 4213 ¢
414 4164 750 4228 Ἀντανελεῖς
772 4165 832 4218 τὸ
864 4165 1078 4236 πνεῦμα
1113 4165 1313 4231 αὐτῶν,
1344 4165 1438 4218 καὶ
1477 4164 1809 4233 ὲκλείψουσι,
1846 4163 1938 4216 καὶ

337 4259 425 4319 εἰς
452 4257 542 4310 τὸν
575 4256 703 4326 χοῦν
734 4258 912 4312 αὐτῶν
964 4257 1400 4328 ἐπιστρέφουσιν.
1450 4254 1856 4321 Ἑξαποστελεῖς
1880 4255 1937 4307 τὸ

337 4347 576 4418 Πνεῦμα
610 4367 724 4412 σου,
777 4351 868 4403 καὶ
913 4350 1319 4420 κτισθήσονται,
1373 4349 1467 4401 καὶ
1519 4349 1850 4410 ἀνακαινιεῖς
1879 4347 1941 4399 τὸ

334 4440 636 4512 πρόσωπον
666 4443 765 4512 τῆς
800 4443 957 4512 γῆς.»
1001 4443 1056 4495 ὐ
1087 4441 1143 4494 δὲ
1178 4440 1388 4502 Παῦλος
1423 4440 1621 4508 γράφει

337 4533 481 4585 «Aid:
508 4533 731 4604 λουτροῦ
763 4533 1182 4602 παλιγγενεσίας
1212 4534 1306 4586 καὶ
1333 4529 1747 4601 ἀνακαινώσεως
1771 4530 1940 4581 Πνεὺ-

334 4640 516 4695 ματος
539 4624 714 4690 ἁγίου,
738 4618 798 4676 οὗ
830 4625 1042 4695 ἐξέχεεν
1068 4625 1152 4692 ἐφ’
1193 4625 1340 4694 ἡμᾶς
1369 4622 1640 4684 πλουσίως
1697 4621 1779 4674 διὰ
1830 4622 1936 4692 ’1η-

332 4713 443 4767 eo?)
476 4715 766 4785 Χριστοῦ.»
806 4716 868 4767 Ei
902 4715 958 4767 δὲ
986 4717 1013 4767 ὁ
1045 4715 1235 4786 Πατὴρ
1255 4713 1342 4766 διὰ
1361 4713 1454 4766 τοῦ
1493 4713 1665 4782 Λόγου
1699 4715 1756 4765 ἐν
1779 4710 1940 4765 Πνεῦ-

823 4808 995 4871 κτίζει
1059 4808 1127 4860 τὰ
1177 4806 1372 4870 πάντα,
1433 4807 1526 4858 καὶ
1579 4803 1934 4868 ἀνακαινίζειο

820 4899 852 4969 ἦ
916 4897 1206 4967 συγγένεια
1252 4897 1329 4967 τῷ
1387 4896 1624 4962 κτίζοντι
1684 4897 1820 4966 πρὸς
1871 4897 1940 4949 τὰ

1629 3885 1936 3957 φανερώτε-

333 4825 481 4880 μσιτι
513 4809 651 4880 ἁγίῳ

330 4898 476 4954 ποία
504 4900 757 4970 ὁμοιότης

331 4991 657 5062 animum;
699 4993 769 5044 Ἢ
803 4993 939 5054 ὅλως
979 4992 1096 5054 πῶς
1139 4992 1334 5062 ἂνεῖη,
1397 4993 1456 5042 ἐν
1602 4989 1843 5053 κτίζεται
1873 4991 1939 5043 τὰ

327 5086 541 5146 πάντα,
567 5084 806 5154 κτίσμα;
855 5083 1166 5135 Ἀκολουθεί
1219 5082 1326 5154 γὰρ
1370 5085 1434 5153 τῇ
1471 5081 1695 5152 τοιαύτῃ
1726 5081 1935 5150 δυσ-φη·-

334 5177 447 5247 μίᾳ
486 5179 579 5228 καὶ
610 5179 642 5246 ἡ
676 5179 754 5239 είς
777 5177 865 5228 τὸν
912 5177 1036 5228 Υἰον
1099 5175 1417 5247 βλασφημία
1475 5190 1487 5203 ⁸
1641 5176 1781 5227 ὥστε
1813 5177 1939 5236 τους

328 5271 600 5336 λέγοντας
629 5270 690 5321 τὸ
725 5267 949 5340 Πνεῦμα
985 5270 1188 5339 κτίσμα
1241 5273 1434 5333 εἰπεῖν,
1463 5270 1545 5323 ὅτι
1570 5269 1662 5322 καὶ
1686 5267 1712 5319 6
1745 5267 1937 5334 Λόγος,

328 5363 401 5416 δι’
432 5357 490 5414 οὗ
520 5361 588 5414 τὰ
616 5362 793 5415 πάντα
819 5361 1084 5426 κτίζεται,
1143 5363 1351 5431 κτίσμα
1407 5362 1572 5414 ἐστίν.
1629 5359 1805 5413 Εἰκὼν
1846 5358 1938 5410 τοῦ

330 5453 473 5508 Υίοῦ
499 5455 716 5518 λέγεται
743 5456 836 5507 καὶ
869 5455 982 5507 ἔστι
1013 5457 1070 5507 τὸ
1102 5454 1348 5521 Πνεῦμα·
1387 5475 1404 5505 ι
1427 5453 1534 5517 Οὓς
1573 5475 1589 5505 ι
1627 5452 1736 5521 γὰρ
1776 5469 1939 5521 «προ-

412 5633 426 5661 ¹
464 5629 652 5685 llCor.
686 5646 742 5692 ιι,
780 5629 866 5682 15.
931 5629 950 5657 ²
977 5627 1156 5682 Galat.
1187 5643 1260 5693 tv,
1307 5628 1391 5682 19.
1443 5630 1461 5660 ³
1495 5626 1533 5681 ll
1569 5631 1716 5683 Petr.
1751 5629 1869 5696 1,4.
1932 5627 1936 5654 ¹

2037 5626 2148 5682 Sor.
2177 5641 2255 5695 ιιι,
2301 5626 2388 5691 16,
2419 5626 2502 5682 l7.

327 5700 428 5758 50.
498 5718 507 5734 '
549 5700 659 5755 Tit.
698 5718 776 5763 ιιι,
803 5701 853 5754 5.

667 5801 937 5861 Pareat.
983 5800 1102 5859 Gtt.
1147 5797 1410 5860 CXXX.

1747 4436 1890 4503 Τίτῳ
1921 4455 1932 4468 ·
1969 4434 2010 4488 D

2050 3150 2152 3204 hoc
2169 3152 2551 3220 Cognoscimns
2569 3153 2695 3220 quia
2715 3153 2765 3205 in
2789 3152 2898 3207 Deo
2933 3170 3237 3221 manemus,
3257 3155 3436 3224 etipse
3452 3156 3502 3208 in
3536 3171 3636 3209 no-

2060 3242 2179 3308 bis;
2208 3244 2466 3312 quoniam
2496 3245 2560 3299 de
2576 3246 2778 3315 Spiritu
2800 3262 2900 3301 suo
2925 3247 3244 3302 deditnobis
3284 3254 3356 3302 ⁵.)
3383 3249 3438 3302 Si
3471 3265 3633 3318 porro

2046 3333 2285 3403 Spiritus
2325 3336 2826 3393 communicatione
2869 3339 3067 3392 divinae
3103 3350 3310 3394 naturae
3344 3351 3634 3394 consortes

2042 3425 2330 3489 efﬁcimur.
2356 3443 2516 3480 nemo
2556 3437 2704 3480 certe
2737 3428 2840 3483 nisi
2875 3430 3101 3483 insanus
3134 3430 3332 3484 dixerit
3362 3430 3628 3500 Spiritum

2045 3533 2153 3570 non
2189 3517 2306 3583 Dei,
2337 3521 2428 3573 sed
2459 3532 2655 3574 creatae
2686 3535 2806 3574 esse
2837 3531 3064 3574 natura}.
3095 3521 3204 3575 Nec
3232 3522 3376 3576 enim
3431 3524 3532 3576 alia
3566 3524 3634 3576 de

2045 3622 2210 3662 causa
2244 3609 2299 3662 hi
2326 3610 2378 3663 in
2411 3611 2612 3680 quibus
2648 3612 2736 3664 ille
2763 3620 2868 3676 est,
2897 3613 2971 3666 dii
3016 3614 3341 3668 efﬁciuntur.
3391 3614 3547 3680 Quod
3587 3617 3632 3668 si

2039 3711 2169 3762 deos
2212 3709 2394 3770 efﬁcit,
2438 3707 2664 3761 dubium
2713 3723 2819 3760 non
2855 3717 2959 3770 est,
2993 3709 3124 3776 quin
3165 3709 3280 3777 ejus
3306 3718 3500 3762 natura
3538 3713 3629 3762 Dei

2040 3802 2126 3852 sit.
2163 3797 2318 3863 Quod
2370 3799 2497 3853 item
2552 3800 2852 3854 centesimo
2902 3802 3060 3854 tertio
3115 3802 3325 3870 psalmo
3374 3803 3622 3862 habetur,

2038 3890 2243 3943 clarius
2269 3889 2447 3943 adhuc
2474 3901 2856 3959 argumentum
2889 3892 2951 3944 ad
2983 3894 3183 3946 hancce
3205 3892 3455 3947 Ineresim
3474 3911 3626 3949 ever-

2039 3982 2255 4036 tendam
2296 3982 2454 4036 nobis
2479 3982 2810 4051 suppeditat,
2839 3995 2896 4037 ut
2925 3985 3034 4053 jam
3064 3985 3380 4039 monuimus
3407 4004 3420 4038 :
3457 4005 3473 4035 ι
3510 3987 3588 4038 An
3609 4016 3624 4028 ο

2039 4073 2068 4126 f-.
2090 4090 2178 4128 res
2214 4074 2466 4143 spiritum
2506 4089 2717 4138 eorum,
2937 4085 2989 4128 ct
3027 4075 3298 4141 deficient,
3326 4085 3378 4131 et
3420 4078 3470 4130 in
3501 4079 3624 4146 pul-

2036 4182 2218 4220 verem
2247 4181 2406 4220 suum
2435 4176 2793 4220 revertentur.
2830 4167 3054 4222 Emittes
3080 4168 3340 4238 Spiritum
3365 4179 3536 4233 tuum,
3572 4180 3626 4222 et

2036 4258 2392 4320 creabantur,
2421 4267 2473 4312 et
2509 4259 2798 4313 rcnovabis
2830 4257 3021 4314 faciem
3056 4270 3210 4315 terra:
3260 4265 3300 4312 ⁸.
3327 4280 3344 4312 ι
3393 4260 3455 4314 Et
3488 4249 3624 4314 Pau-

2039 4351 2122 4404 lus
2149 4351 2262 4404 hwc
2288 4349 2409 4404 Tito
2444 4351 2632 4405 scribit
2659 4370 2670 4404 :
2709 4370 2726 4400 ι
2755 4349 2858 4405 Per
2887 4351 3164 4405 lavacrum
3193 4352 3625 4421 regenerationis

2037 4454 2089 4498 ct
2125 4443 2495 4498 renovationis
2528 4442 2764 4512 Spiritus
2793 4445 2992 4508 sancti,
3029 4461 3189 4511 quem
3227 4443 3418 4498 effudit
3443 4445 3494 4496 in
3526 4459 3626 4497 nos

2037 4537 2251 4592 abunde
2269 4553 2362 4604 per
2381 4534 2568 4590 Jesum
2588 4537 2866 4590 Christum
2917 4541 2956 4587 ⁷.
2987 4557 3003 4587 ι
3030 4535 3084 4588 Si
3129 4536 3294 4604 igitur
3322 4535 3479 4589 Pater
3506 4539 3626 4588 oni-

2039 4629 2127 4682 nia
2180 4643 2274 4696 per
2310 4626 2545 4680 Verbum
2603 4627 2654 4680 in
2693 4625 2896 4695 Spiritu
2948 4635 3100 4680 creat
3128 4638 3182 4680 ct
3205 4637 3427 4679 renovat
3461 4645 3472 4677 :
3505 4641 3627 4694 quae

2038 4719 2341 4774 similitudo
2374 4729 2469 4773 aut
2496 4719 2751 4788 cognatio
2781 4719 3021 4772 creantis
3045 4734 3168 4773 cum
3203 4719 3366 4772 rebus
3389 4719 3626 4773 creatis?

2038 4807 2133 4863 Vel
2179 4810 2270 4878 qui
2306 4809 2531 4863 omnino
2605 4808 2721 4862 fieri
2768 4818 2934 4876 queat
2986 4815 3044 4861 ut
3087 4809 3175 4864 ille
3209 4825 3295 4863 res
3341 4811 3411 4864 sit
3441 4823 3624 4866 creata

2039 4906 2090 4956 in
2123 4921 2230 4972 quo
2265 4902 2451 4956 omnia
2488 4902 2790 4957 creantur?
2819 4902 2962 4956 Sane
2989 4919 3112 4956 cum
3154 4903 3320 4971 impia
3350 4905 3451 4959 hac
3497 4920 3626 4958 seu-

2038 4998 2202 5050 tentia
2229 4996 2315 5049 illa
2347 4995 2583 5048 colueret
2622 5010 2744 5063 quae
2778 4991 2901 5047 Filii
2940 4993 3280 5048 divinitatem
3319 4995 3625 5067 impugnat,

2038 5094 2110 5141 ita
2150 5086 2318 5154 utqui
2349 5085 2614 5154 Spiritum
2649 5102 2760 5139 rem
2797 5094 3037 5139 creatam
3068 5101 3188 5141 esse
3215 5087 3622 5154 contenderim,

2036 5179 2255 5232 eosdem
2283 5177 2439 5232 fateri
2485 5193 2705 5232 necesse
2737 5179 2806 5231 sit
2841 5175 3099 5243 Verbum,
3137 5195 3229 5248 per
3260 5182 3404 5249 quod
3443 5183 3625 5234 omnia

2035 5283 2314 5336 creantur,
2347 5289 2458 5338 rem
2489 5287 2707 5342 quoque
2749 5283 2985 5326 creatam
3025 5289 3167 5328 esse.
3206 5274 3414 5328 AdJam
3451 5272 3626 5340 Spiri-

2035 5369 2147 5413 tum
2188 5360 2479 5430 imaginem
2509 5359 2628 5413 Filii
2657 5369 2710 5413 et
2735 5361 3064 5416 dieietesse.
3096 5362 3252 5426 Nam,
3277 5381 3294 5411 ι
3317 5361 3465 5424 Quos
3490 5376 3627 5428 prai-

2033 5457 2192 5509 seii-it
2216 5463 2267 5509 et
2293 5456 2697 5524 praedestinavit
2721 5456 3034 5509 confer-mes
3074 5457 3185 5507 fieri
3217 5453 3468 5519 imaginis
3501 5451 3623 5506 Filii

2573 5626 2594 5659 ⁵
2623 5625 2638 5679 l
2665 5624 2824 5682 Joan.
2857 5640 2930 5692 tv,
2991 5624 3074 5677 15.
3159 5624 3178 5656 ⁸
3221 5622 3364 5677 Psal.
3398 5635 3428 5675 (ς
3454 5636 3511 5687 ιι,
3540 5621 3628 5683 20,

3181 5790 3258 5848 23
