4064 6382
351 246 475 308 4715

1626 250 1942 314 EU'I‘HYM
1955 251 2011 313 II
2048 252 2412 314 ZIGABENI

3542 255 3650 321 7i6

324 357 348 461 ξ
369 384 458 439 sui
493 382 509 413 ⁸
524 401 571 438 ,ι
588 381 776 455 Itaque
804 396 927 439 cum
952 383 1055 453 ipsi
1080 381 1349 438 fateantur
1363 382 1561 439 Filium
1579 400 1693 441 rem
1715 397 1953 443 creatam

2058 388 2200 455 έγνω
2253 384 2350 439 καὶ
2401 383 2677 456 προώρισε
2732 384 3089 457 συμμόρφους
3149 384 3250 456 τῆς
3298 385 3509 451 εἰκόνος
3557 386 3653 441 τοῦ

340 462 481 532 ἱιιοιι
508 490 652 544 esse,
694 491 796 532 nec
823 476 986 532 etiam
1012 477 1132 546 ejus
1153 476 1334 546 imago
1361 491 1450 533 res
1472 486 1656 534 creata
1679 482 1954 536 censenda

368 575 475 624 est.
494 567 686 635 Qualis
706 567 849 621 enim
873 566 1267 638 fuerit'imago,
1287 569 1449 623 talem
1473 583 1699 626 necesse
1721 581 1806 627 est
1829 586 1954 627 eum

356 674 495 716 Iesse
526 660 685 730 cujus
722 660 902 729 imago
932 658 1120 714 fuerit.
1157 657 1315 715 Unde
1347 662 1807 730 quemadmodum
1831 664 1957 734 jure

346 753 570 807 *merito
599 768 663 807 ac
689 753 1075 808 convenienter
1108 751 1350 808 Verbum
1386 769 1475 809 res
1504 764 1687 811 creata
1712 772 1837 813 esse
1861 773 1957 812 ne-

368 855 550 914 gatur,
578 846 703 915 quia
724 855 809 905 est
832 848 1014 916 imago
1043 846 1223 903 Patris
1250 867 1263 903 :
1295 848 1369 902 ita
1395 848 1491 919 qui
1515 848 1779 920 Spiritum
1814 853 1956 907 inter

340 953 460 994 'res
502 948 712 993 creatas
759 940 1027 996 collocare
1067 956 1176 995 non
1225 941 1579 1009 dubitaverit,
1623 958 1730 998 non
1775 954 1956 1015 potest

364 1032 501 1100 quin
528 1030 729 1086 Filium
772 1046 901 1088 cum
964 1032 1160 1089 iisdem
1198 1044 1565 1090 annumeret:
1616 1051 1682 1090 ae
1726 1038 1955 1107 proinde

362 1122 434 1176 ad
475 1121 652 1192 ipsum
700 1121 914 1177 Patrem
949 1123 1182 1179 refertur
1205 1125 1471 1196 quidquid
1498 1126 1663 1196 impie
1698 1128 1765 1182 de
1788 1128 1953 1198 hujus

364 1215 605 1286 imagine
635 1216 873 1271 senserit
897 1216 1188 1272 dixeritve.

548 1372 736 1443 Itaque
757 1373 1107 1430 manifestum
1129 1384 1212 1431 est
1234 1374 1501 1447 Spiritum
1527 1377 1697 1433 alium
1725 1379 1950 1433 omnino

340 1490 349 1498 π
362 1480 491 1523 esse
514 1483 548 1522 a
573 1468 738 1524 rebus
765 1469 984 1533 creatis,
1010 1484 1251 1540 eumque
1279 1472 1625 1527 ostendimus
1663 1474 1948 1543 proprium

364 1557 489 1613 Filii
519 1574 661 1627 esse,
688 1575 797 1615 non
824 1570 1006 1616 autem
1029 1577 1061 1617 a
1093 1561 1204 1617 Deo
1231 1562 1491 1621 alienum.
1529 1563 1776 1637 Namque
1802 1567 1952 1636 quod

364 1651 437 1707 ad
472 1652 679 1708 hancce
698 1661 916 1709 acutam
945 1653 1164 1708 illorum
1187 1654 1672 1726 interrogationem
1704 1669 1946 1730 spectat:

348 1744 428 1798 'Si
463 1742 701 1813 Spiritus
734 1761 799 1800 ex
832 1744 942 1801 Deo
982 1760 1087 1812 est,
1112 1762 1285 1818 quare
1315 1766 1423 1804 non
1462 1751 1577 1819 ipse
1601 1764 1823 1821 quoque
1859 1750 1950 1806 Fi~

2056 1733 2273 1837 λέγεται
2300 1769 2395 1822 καὶ
2437 1768 2571 1822 αὐτὴ
2624 1769 2753 1834 Υίός
2796 1788 2812 1836 ;

343 1838 477 1893 :lius
500 1836 748 1893 dicitur?
790 1837 962 1904 Hanc,
1006 1840 1229 1910 inquam
1249 1882 1263 1908 ,
1288 1843 1751 1912 quaestiunculam
1781 1845 1952 1898 auda-

352 1943 486 1984 cem
520 1938 574 1984 et
602 1931 949 1985 temerariam
994 1946 1117 1988 esse
1154 1948 1320 2001 supra
1362 1932 1473 2001 jam
1515 1943 1798 1990 ostensum
1829 1945 1951 2001 est;

365 2021 463 2078 sed
497 2022 639 2077 idem
683 2022 1042 2078 nihilominus
1065 2039 1260 2080 rursus
1287 2025 1577 2080 ostendere
1605 2040 1716 2080 non
1753 2041 1948 2097 grava-

360 2114 570 2171 bimur.
622 2114 864 2170 Tametsi
912 2115 1061 2169 enim
1088 2114 1325 2185 Spiritus
1358 2117 1413 2171 in
1450 2114 1749 2187 Scripturis
1780 2117 1949 2176 Filius

364 2221 477 2263 non
504 2206 723 2270 dicitur,
752 2207 846 2261 sed
897 2206 1134 2275 Spiritus
1168 2205 1263 2261 Dei
1285 2248 1298 2270 ,
1334 2216 1515 2262 tamen
1558 2210 1613 2263 in
1662 2210 1785 2279 ipso
1819 2211 1948 2277 Deo,

364 2308 419 2352 vt
446 2314 512 2353 ex
538 2298 655 2365 ipso
687 2297 796 2353 Deo
834 2313 955 2353 esse
992 2298 1172 2355 dictus
1203 2307 1305 2367 est,
1339 2301 1414 2355 ttti
1453 2303 1678 2375 scripsit
1718 2303 1951 2374 Aposto-

366 2391 452 2446 lus
483 2389 528 2443 ¹.
557 2389 731 2444 Porro
775 2390 819 2444 si
854 2389 1025 2444 Filius
1054 2391 1181 2460 quia
1205 2400 1291 2448 est
1344 2406 1409 2445 ex
1466 2391 1645 2460 Patre,
1689 2397 1947 2466 preprius

363 2480 571 2536 ideirco
598 2480 840 2550 ejusdem
876 2483 1201 2539 substantiae
1227 2491 1349 2550 est;
1380 2500 1606 2542 necesse
1636 2497 1719 2543 est
1748 2488 1948 2543 simili-

365 2583 447 2630 ter
513 2571 776 2644 Spiritum
824 2575 919 2645 qui
950 2590 1017 2632 ex
1048 2575 1162 2632 Deo
1189 2592 1316 2634 esse
1370 2580 1594 2645 dicitur,
1656 2581 1943 2651 proprium

356 2681 585 2738 quoque
636 2664 760 2721 Filii
812 2682 935 2722 esse
999 2671 1296 2725 secundant
1360 2672 1751 2729 substantiam.
1789 2674 1950 2731 Certe

365 2758 836 2828 quemadmodum
860 2757 1129 2816 Dominus
1164 2771 1249 2817 est
1285 2761 1481 2829 Filius,
1518 2764 1591 2819 ita
1650 2767 1764 2833 ipse
1819 2766 1948 2836 Spi-

366 2850 509 2907 ri'us
576 2849 805 2919 spiritus
832 2851 1149 2922 adoptionis
1193 2853 1377 2909 dictus
1409 2864 1515 2910 est.
1563 2875 1583 2908 ι
1621 2855 1741 2911 Non
1800 2861 1946 2913 enim

355 2940 661 3010 accepistis
700 2939 963 3010 Spiritum
1006 2944 1294 3001 servitutis
1333 2945 1532 3000 iterum
1588 2948 1639 3001 iu
1668 2950 1944 3016 timorem,

366 3031 468 3087 sed
512 3033 808 3102 accepistis
872 3034 1138 3105 Spiritum
1216 3037 1529 3106 adoptionis
1558 3039 1623 3105 ’ς
1664 3060 1683 3093 ι
1733 3052 1787 3096 et
1841 3042 1945 3097 ite-

368 3138 493 3179 rum
529 3140 545 3180 :
582 3144 603 3177 ι
646 3125 792 3181 Misit
816 3125 961 3182 Deus
989 3128 1261 3199 Spiritum
1302 3129 1424 3186 Filii
1456 3134 1544 3187 sui
1583 3133 1636 3189 in
1658 3133 1824 3191 corda
1858 3151 1947 3192 ve-
1980 3167 2023 3225 α

366 3224 505 3285 stra,
526 3217 852 3274 clamantem
880 3238 893 3274 :
921 3221 1098 3287 Abba,
1123 3222 1304 3279 Pater.
1331 3224 1353 3255 ⁸
1383 3246 1401 3277 ι
1432 3225 1630 3282 Petrus
1658 3227 1785 3283 item
1815 3230 1953 3285 scri-

373 3308 501 3364 bit:
539 3329 558 3361 ι
593 3311 645 3367 ei
672 3313 1085 3382 exprobramini
1120 3318 1176 3369 in
1217 3317 1443 3372 nomine
1496 3318 1729 3387 Christi,
1782 3320 1952 3386 beati,

369 3402 629 3470 quoniam
659 3404 846 3475 gloriae
876 3416 929 3461 et
962 3406 1177 3463 virtutis
1196 3418 1251 3464 et
1270 3408 1361 3464 Dei
1396 3408 1637 3480 Spiritus
1658 3428 1824 3484 super
1857 3428 1955 3469 vos

372 3497 641 3563 requievit
670 3496 712 3562 ⁵,
744 3517 762 3550 ι
801 3496 917 3566 Ipse
942 3510 1125 3553 autem
1145 3500 1411 3557 Dominus
1446 3502 1713 3573 Spiritum
1750 3508 1953 3561 verita-

367 3586 441 3642 tis
472 3585 735 3656 Spiritum
773 3598 827 3645 et
864 3589 1208 3647 Paraeletum
1245 3609 1368 3649 esse
1419 3607 1605 3666 aperte
1649 3598 1881 3653 testatur
1909 3599 1951 3653 ⁸.

368 3679 447 3734 Ex
469 3680 669 3748 quibus
702 3692 845 3752 patet
866 3684 1159 3753 perfectam
1180 3686 1236 3740 in
1265 3686 1355 3742 illo
1376 3702 1500 3743 esse
1527 3688 1870 3745 Trinitatem.
1897 3692 1954 3747 lu

369 3771 463 3827 illo
489 3773 911 3844 itaqueVerbutn
935 3793 1020 3832 res
1045 3788 1256 3833 creatas
1277 3780 1570 3851 gloriﬁcat,
1592 3781 1957 3852 hominesque

368 3866 500 3919 deos
519 3875 573 3920 et
602 3865 747 3921 lilios
767 3867 1009 3923 elﬁciens
1041 3871 1182 3924 Patri
1209 3872 1452 3927 adducit.
1473 3873 1638 3943 Atqui
1669 3874 1715 3931 is
1740 3875 1834 3943 qui
1862 3890 1953 3929 res

370 3965 583 4012 creatas
613 3973 737 4013 eum
769 3958 944 4015 Verbo
972 3962 1279 4036 coniungit,
1318 3964 1436 4032 ipse
1462 3974 1612 4019 certe
1642 3981 1727 4019 res
1763 3977 1947 4021 creata

366 4063 614 4105 essenon
640 4061 841 4120 potest.
860 4053 961 4119 Qui
987 4055 1115 4108 item
1135 4070 1223 4109 res
1243 4067 1458 4111 creatas
1477 4056 1617 4113 ﬁlios
1636 4057 1821 4125 eilicit,
1846 4074 1954 4115 non

368 4150 550 4209 petcst
578 4155 608 4194 a
636 4140 774 4198 Filio
804 4144 1019 4199 alienus
1047 4158 1189 4200 esse.
1217 4146 1469 4216 Alioquin
1500 4149 1665 4202 alium
1693 4148 1953 4220 Spiritum

369 4244 614 4297 quaerere
636 4246 864 4288 necesse
882 4244 1048 4299 esset,
1066 4245 1120 4288 ut
1138 4236 1242 4290 iste
1262 4236 1315 4290 in
1348 4237 1443 4292 illo
1474 4254 1596 4292 eum
1623 4238 1798 4296 Verbo
1825 4258 1957 4297 ceu-

363 4324 517 4391 jungi
551 4333 755 4393 posset.
800 4324 995 4381 Verum
1033 4327 1084 4380 id
1126 4330 1518 4398 perabsurdum
1548 4342 1652 4388 est.
1706 4333 1958 4406 Quapro-

371 4423 490 4485 pter
520 4418 800 4472 latendum
818 4429 906 4474 est
931 4434 1041 4476 non
1073 4437 1136 4475 ex
1160 4423 1326 4479 rebus
1344 4424 1500 4482 factis
1525 4441 1645 4482 esse
1665 4425 1953 4495 Spiritum,

2060 477 2191 532 Υίοῦ
2219 476 2408 531 αὐτοῦ.
2448 492 2468 527 t
2609 476 2819 532 Οὐκοῦν
2846 478 2937 532 τοῦ
2966 477 3097 532 Υίοῦ
3130 480 3224 533 καὶ
3253 479 3373 533 κατ’
3412 480 3653 544 ἐκείνους

2054 569 2490 641 ὁμολογουμένου
2531 570 2605 642 μὴ
2639 565 2781 623 εἶναι
2802 571 3120 640 κτίσματος,
3155 571 3257 624 οῦκ
3292 570 3358 624 ἂν
3411 570 3496 642 εῖη
3527 572 3651 624 οὐδὲ

2055 667 2088 734 ὴ
2128 662 2320 716 τούτου
2344 661 2506 717 εἰκὼν
2532 663 2758 733 κτίσμα.
2801 663 2991 717 Ὀποία
3032 663 3141 734 γὰρ
3176 662 3243 717 ἂν
3292 663 3376 734 εἴη
3404 665 3438 735 ή
3464 662 3649 729 εἰκὼν,

2055 754 2296 810 τοιοῦτον
2334 757 2548 826 ἀνάγκη
2604 756 2834 820 καὶτὸν,
2882 749 2943 809 οῦ
2977 758 3125 813 ἐστιν
3183 756 3216 825 ὴ
3270 753 3452 817 εἰκὼν,
3486 750 3647 807 εἶναι.

2059 847 2218 901 Ὅθεν
2246 848 2475 913 εἰκότως
2501 848 2594 903 καὶ
2654 849 2975 917 πρεπόντως
3006 850 3036 901 ὁ
3072 849 3246 918 Λόγος
3307 848 3650 918 ὁμολογεῖται

2056 940 2133 1011 μὴ
2164 939 2240 993 ὢν
2275 942 2501 1013 κτίσμα,
2548 941 2713 997 εἰκὼν
2769 942 2862 995 τοῦ
2908 942 3126 1014 Πατρός
3172 942 3453 1013 ῦπαρκων·
3486 941 3515 991 ὁ
3542 940 3652 1011 ἄρα

2053 1036 2165 1096 τοῖς
2196 1032 2462 1103 κτίσμασι
2517 1032 2870 1105 συναριθμῶν
2924 1035 2985 1087 τὺ
3034 1033 3259 1105 Πνεῦμα
3436 1032 3652 1094 πάντως

2055 1142 2157 1178 που
2186 1125 2279 1179 καὶ
2309 1125 2401 1180 τὸν
2425 1126 2552 1179 Υίὸν
2581 1129 2637 1181 ὲν
2667 1127 2878 1191 τούτοις
2908 1126 3325 1197 συναριθμήσει,
3350 1124 3652 1196 δυσφημῶν

2056 1218 2113 1269 ὲν
2144 1216 2320 1288 τούτῳ
2348 1219 2442 1272 καὶ
2469 1219 2560 1272 τὸν
2592 1220 2813 1290 Πατέρα
2844 1219 2931 1272 διὰ
2955 1220 3053 1289 τὴν
3078 1221 3158 1281 εἰς
3191 1218 3289 1289 τὴν
3318 1218 3500 1272 είκόνα
3528 1216 3652 1271 τοὺ-

2054 1325 2147 1361 τον
2322 1309 2651 1380 δυσφημίαν.

2258 1399 2420 1453 Ἀλλο
2446 1400 2554 1471 ἄρα
2586 1400 2695 1453 τῶν
2718 1401 3034 1471 κτισμάτων
3058 1402 3176 1454 ἐστὶ
3204 1402 3265 1453 τὸ
3293 1399 3535 1471 Πνεῦμα,
3555 1401 3651 1461 καὶ

2056 1492 2326 1546 δέδεικται
2351 1492 2550 1564 μᾶλλον
2585 1494 2715 1547 ἴδιον
2738 1490 2878 1547 εἶναι
2913 1493 3007 1547 τοῦ
3069 1495 3220 1559 Υίοῦ,
3281 1495 3376 1548 καὶ
3403 1494 3463 1546 οὐ
3498 1493 3653 1560 ξένον

2060 1584 2154 1638 τοῦ
2178 1584 2335 1638 θεοῦ.
2372 1586 2483 1638 Καὶ
2542 1586 2650 1658 γὰρ
2680 1588 2902 1640 κάκεῖνο
2957 1586 3019 1639 τὸ
3071 1586 3234 1655 σοφὸν
3295 1585 3475 1640 αὐτῶν
3509 1584 3649 1657 ἐρώ-

2052 1691 2225 1747 τημα’
2261 1677 2324 1729 Εἰ
2358 1678 2422 1730 ὲκ
2477 1676 2571 1732 τοῦ
2611 1677 2749 1731 Θεοῦ
2783 1680 2900 1731 ἐστι
2965 1678 3026 1731 τὸ
3065 1677 3309 1749 Πνεῦμα,
3367 1677 3456 1731 διὰ
3484 1677 3535 1730 τί
3573 1677 3651 1748 μὴ

2994 1769 3271 1823 Δέδεικται
3306 1769 3404 1840 μὲν
3450 1770 3508 1823 ἐν
3536 1773 3653 1833 τοῖς

2056 1860 2368 1933 ἔμπροσθεν
2402 1860 2500 1934 ἤδη
2531 1862 2803 1933 προπετὲς
2835 1865 2931 1917 καὶ
2966 1863 3262 1935 τολμηρὸν,
3295 1863 3567 1916 δείκνυται
3592 1863 3653 1917 δὲ

2056 1952 2150 2004 καὶ
2181 1948 2276 2004 νῦν
2308 1951 2461 2005 οὐδὲν
2492 1946 2675 2024 ἦττον.
2724 1952 2787 2005 Et
2822 1953 2931 2024 γὰρ
2978 1954 3073 2006 καὶ
3104 1955 3178 2024 μὴ
3207 1952 3335 2017 Υἱὸς
3370 1952 3563 2024 ἐλέχθη
3591 1953 3653 2005 έν

2054 2045 2175 2104 ταῖς
2202 2042 2469 2114 Γραφαίς,
2498 2042 2635 2097 ἀλλά
2666 2043 2891 2114 Πνεῦμα
2938 2044 3032 2097 τοῦ
3068 2044 3203 2098 Θεοῦ
3254 2081 3269 2104 ,
3401 2047 3461 2098 ἐν
3502 2044 3652 2116 αὐτῷ

2053 2132 2133 2203 τῷ
2156 2132 2276 2203 Θεῷ
2309 2135 2404 2188 καὶ¹
2434 2134 2494 2199 ἐξ
2514 2135 2683 2188 αὐτοῦ
2714 2134 2807 2189 τοῦ
2863 2137 2998 2191 Θεοῦ
3047 2136 3283 2208 εἴρηται,
3319 2136 3394 2200 ὡς
3426 2141 3453 2191 ό
3488 2137 3650 2192 Ἀπό-

2060 2225 2242 2287 στολος
2268 2224 2526 2297 ἔγραψεν.
2563 2226 2626 2279 Εἰ
2655 2228 2711 2280 δὲ
2740 2227 2769 2279 ὁ
2793 2227 2943 2293 Υἱδς,
2996 2228 3184 2301 ἐπειδὴ
3221 2232 3286 2283 ὲκ
3316 2229 3410 2282 τοῦ
3441 2229 3653 2301 Πατρός

2060 2317 2229 2380 ἐστιν,
2266 2314 2394 2379 ίδιος
2420 2316 2521 2384 τῆς
2548 2316 2736 2381 οὐσίας
2765 2317 2930 2371 αὑτοῦ
2964 2320 3112 2373 ἐστιν
3156 2357 3171 2381 ,
3311 2322 3526 2391 ἀνάγκη
3555 2321 3653 2375 καὶ

2054 2403 2117 2455 τὸ
2147 2400 2390 2471 Πνεῦμα,
2417 2400 2481 2453 ἐκ
2512 2400 2608 2453 τοῦ
2641 2400 2779 2454 Θεοῦ
2806 2402 3124 2472 λεγόμενον,
3169 2406 3304 2459 ἴδιον
3338 2404 3481 2464 εἶναι
3518 2412 3644 2464 κατ’

2055 2497 2244 2551 οὐσίαν
2271 2498 2366 2553 τοῦ
2384 2495 2538 2553 Υίοῦ.
2578 2496 2795 2569 Ἀμέλει
2813 2498 2909 2553 τοῦ
2937 2500 3146 2570 Κυρίου
3165 2501 3317 2568 ὄντος
3337 2503 3492 2569 Υἱοῦ,
3508 2495 3644 2560 αὐτὸ

2058 2591 2119 2643 τὸ
2145 2592 2367 2661 Πνεῦμα
2384 2593 2602 2664 εἴρηται
2622 2593 2847 2662 Πνεῦμα
2870 2594 3166 2659 υἱοθεσίας.
3209 2616 3227 2648 ι
3270 2600 3346 2652 Οὐ
3379 2601 3487 2670 γὰρ
3509 2601 3635 2654 ἑλά-

2055 2682 2183 2737 6ετε
2218 2684 2435 2754 πνεῦμα
2468 2686 2714 2750 δουλείας
2742 2687 2913 2741 πάλιν
2935 2690 3015 2752 εἰς
3054 2690 3240 2757 φόϐον·
3272 2692 3390 2744 ἀλλ’
3412 2693 3640 2747 ἐλάϐετε

2058 2771 2285 2840 Πνεῦμα
2341 2772 2640 2836 υἱοθεσίαςο
2687 2792 2706 2826 ι
2777 2780 2872 2829 καὶ
2902 2772 3079 2840 αὖθιςο
3145 2778 3559 2844 Ἐξαπέστειλεν
3609 2786 3641 2838 ό

2055 2863 2188 2929 Θεὸς
2229 2866 2291 2919 τὸ
2326 2865 2554 2934 Πνεῦμα
2596 2865 2692 2921 τοῦ
2727 2866 2860 2922 Υίοῦ
2921 2871 3090 2925 αὑτοῦ
3133 2875 3215 2937 είς
3261 2873 3360 2937 τὰς
3412 2877 3642 2946 καρδίας

2057 2955 2233 3024 ὑμῶν,
2285 2957 2510 3026 κράζον·
2588 2958 2782 3023 ’Λ66ἄ,
2831 2961 2860 3013 ό
2907 2961 3124 3033 Πατήρ.
3160 2982 3178 3015 ι
3246 2966 3307 3017 '0
3338 2965 3393 3018 δὲ
3427 2966 3641 3036 Πέτρος

2054 3044 2315 3117 ἔγραφεν·
2359 3069 2379 3101 ι
2417 3048 2475 3102 Εἰ
2501 3052 2828 3117 ὀνειδίζεσθε
2860 3058 2917 3108 ὲν
2945 3055 3169 3125 ὀνόματι
3215 3058 3476 3128 Χριστοῦ,
3536 3076 3645 3129 μα-

2054 3137 2262 3208 κάριοι·
2292 3141 2374 3193 ὅτι
2412 3141 2473 3194 τὸ
2506 3142 2605 3213 τῆς
2640 3143 2799 3211 δόξης
2834 3144 2926 3199 καὶ
2982 3145 3266 3215 δυνάμεως
3306 3146 3402 3199 καὶ
3457 3148 3517 3200 τὸ
3544 3148 3639 3201 τοῦ

2053 3229 2194 3284 Θεοῦ
2225 3232 2451 3303 Πνεῦμα
2482 3232 2569 3302 ἐφ’
2596 3235 2745 3304 ὑμᾶς
2773 3235 3215 3291 ἀναπέπαυται.)
3262 3237 3320 3291 '0
3353 3239 3406 3291 δὲ
3437 3238 3644 3309 Κύριος

2056 3326 2251 3394 εἴρηκε
2281 3325 2507 3396 Πνεῦμα
2531 3327 2632 3398 τῆς
2658 3328 2920 3398 ἀληθείας
2966 3330 3057 3383 καὶ
3096 3330 3457 3401 Παράκλητον
3498 3327 3642 3385 εἶναι

2056 3416 2119 3468 τὸ
2151 3416 2399 3484 Πνεῦμα·
2444 3419 2504 3482 ἐξ
2531 3412 2889 3475 οῦδείκνυται
2914 3423 3132 3476 τελείαν
3175 3418 3318 3476 εἶναι
3370 3427 3429 3477 ἐν
3462 3426 3641 3494 τούτῳ

2056 3514 2162 3578 τὴν
2217 3510 2445 3580 Τριάδα.
2500 3511 2593 3565 Ἐν
2646 3514 2821 3584 τούτῳ
2850 3513 2902 3582 γ’
2941 3513 3036 3569 οὖν
3068 3517 3298 3585 όΛόγος
3349 3516 3452 3587 τὴν
3522 3521 3644 3573 κτί-

2062 3622 2146 3658 σιν
2178 3604 2416 3670 δοξάζει,
2455 3604 2721 3659 θεοποιῶν
2748 3606 2806 3660 δὲ
2838 3608 2932 3661 καὶ
2966 3610 3226 3663 υίοποιῶν
3255 3613 3530 3681 προσάγει
3560 3614 3638 3685 τῷ

2060 3698 2256 3769 Πατρί.
2290 3698 2363 3750 Τὸ
2395 3698 2451 3751 δὲ
2476 3700 2748 3753 συνάπτον
2782 3699 2861 3771 τῷ
2892 3701 3055 3772 Λόγῳ
3086 3703 3183 3773 τὴν
3221 3705 3400 3759 κτίσιν
3436 3708 3536 3760 οὐκ
3575 3707 3643 3761 ἃν

2058 3790 2142 3852 εἴη
2185 3791 2318 3843 αὐτὸ
2352 3792 2461 3844 τῶν
2490 3794 2831 3862 κτισμάτων*
2887 3796 2983 3848 xui.
3038 3797 3098 3849 τὸ
3142 3798 3418 3853 υίοποιοῦν
3452 3800 3508 3854 δὲ
3543 3802 3640 3871 τὴν

2059 3881 2257 3945 κτίσιν,
2282 3884 2384 3937 οὐκ
2411 3885 2477 3937 ἂν
2504 3884 2588 3957 εἴη
2615 3886 2765 3953 ξένον
2796 3887 2890 3941 τοῦ
2924 3887 3080 3943 Υἰοῦ·
3118 3892 3242 3945 ἐπεὶ
3278 3893 3464 3963 ζητεῖν
3516 3895 3630 3947 ἓτε-

2061 3986 2152 4041 ρον
2181 3974 2396 4044 ἀνάγκη
2436 3970 2682 4044 Πνεῦμα,
2710 3978 2794 4032 ῐνα
2822 3981 2920 4034 καὶ
2944 3980 3104 4035 τοῦτο
3131 3985 3188 4034 ἐν
3234 3985 3426 4055 ἐκείνῳ
3474 4001 3633 4038 cava-

2058 4065 2166 4135 φυῇ
2194 4066 2271 4135 τῷ
2298 4068 2479 4137 Λόγῳ.
2513 4069 2659 4122 Ἀλλ’
2681 4069 2883 4125 ἄτοπον
2908 4071 3087 4128 τοῦτο.
3115 4076 3228 4129 Οὐκ
3272 4076 3378 4147 ἄρα
3409 4077 3514 4130 τῶν
3540 4093 3629 4144 γε·

2059 4160 2237 4228 νητῶν
2274 4160 2476 4213 ὲστιτδ
2510 4157 2757 4232 Πνεῦμα,
2821 4164 2939 4217 ἀλλ’
2961 4165 3092 4220 ίδιον
3144 4168 3245 4238 τῆς
3278 4168 3371 4222 τοῦ
3417 4167 3631 4239 Πατρός

2059 4249 2333 4319 θεότητος,
2360 4254 2417 4304 ἐν
2443 4244 2488 4320 ᾧ
2522 4255 2614 4306 καὶ
2647 4255 2712 4307 τὰ
2749 4256 2954 4327 γενητὰ
2988 4259 3015 4310 ό
3049 4259 3218 4327 Λόγος
3250 4262 3510 4316 θεοποιεῖ.
3543 4260 3638 4314 Ἐν

2057 4336 2102 4411 ᾧ
2131 4343 2186 4397 δὲ
2214 4342 2540 4400 θεοποιεῖται
2573 4347 2631 4416 ἠέ
2661 4350 2859 4414 κτὶσις,
2916 4351 3015 4403 οὐκ
3043 4351 3111 4405 ἂν
3169 4356 3252 4424 εἴη
3293 4355 3450 4419 ἐκτὸς
3509 4355 3644 4409 αὐτὸ

2059 4436 2156 4503 τῆς
2200 4434 2295 4490 τοῦ
2322 4438 2530 4508 Πατρός
2565 4440 2842 4510 Οεότητος.

369 4513 463 4568 sed
484 4512 790 4566 divinitatis
815 4511 995 4569 Patris
1025 4517 1300 4585 proprium
1342 4533 1485 4583 esse,
1517 4520 1571 4574 in
1599 4533 1711 4590 quo
1751 4531 1805 4577 et
1838 4523 2013 4594 ipsum
2058 4525 2293 4583 Verbqu
2334 4547 2422 4588 res
2459 4532 2632 4589 factas
2668 4536 2864 4592 divina
2889 4547 3096 4595 natura:
3128 4553 3413 4601 consortes
3441 4548 3640 4603 reddit.

366 4606 529 4675 Atqui
557 4606 605 4663 is
629 4606 685 4660 iu
723 4624 832 4677 quo
873 4620 1069 4665 natura
1100 4622 1286 4667 creata
1314 4614 1618 4672 divinitatis
1650 4617 1708 4672 lit
1739 4624 2037 4693 particeps,
2069 4634 2224 4680 extra
2270 4624 2447 4682 Patris
2478 4630 2815 4688 divinitatem
2852 4637 2966 4709 ipse
2995 4652 3120 4695 esse
3154 4655 3262 4694 non
3291 4655 3490 4712 potest.

436 4700 704 4757 Caeterum
738 4709 832 4758 ex‘
869 4705 956 4761 his
1005 4722 1224 4777 quoque
1265 4713 1545 4781 percipere
1591 4713 1721 4769 licet
1777 4717 1950 4786 Spiri—
1978 4723 2032 4781 D

370 4806 480 4849 tum
505 4796 671 4851 rebus
702 4799 903 4853 creatis
966 4800 1638 4877 superiorem'aliumque
1691 4822 1721 4861 a
1785 4810 1947 4864 rebus

371 4888 528 4943 factis
549 4903 692 4943 esse.
721 4887 924 4958 Nempe
958 4891 1316 4951 immutabilis
1340 4906 1399 4951 et
1424 4900 1706 4955 varietatis
1741 4917 1940 4971 expers

367 4990 452 5034 est
476 4976 716 5047 Spiritus
763 4991 1030 5037 sanctus:
1091 5002 1109 5034 ι
1141 4983 1378 5054 Spiritus
1440 5001 1691 5057 sanctus,
1744 4993 1944 5063 inquit,

368 5068 669 5138 disciplina:
695 5066 867 5138 fugiet
890 5069 1097 5135 dolum,
1127 5086 1182 5130 et
1207 5079 1427 5132 auferet
1454 5094 1515 5134 se
1545 5096 1575 5134 a
1604 5082 1950 5151 COgitationi-

369 5166 470 5216 bus
496 5177 618 5230 quae
646 5172 777 5215 sunt
808 5163 1222 5221 sineintellectu
1249 5169 1327 5220 ⁷.»
1358 5172 1422 5225 Et
1441 5173 1638 5228 Petrus
1663 5175 1740 5228 ait
1776 5194 1790 5230 :
1830 5197 1846 5228 ι
1886 5179 1945 5232 in

372 5254 887 5323 incorruptibilitate
915 5259 1084 5326 quieti
1117 5270 1173 5316 et
1203 5263 1435 5319 modesti
1494 5265 1761 5335 Spit-itus.
1795 5270 1847 5320 ⁸»
1885 5272 1948 5326 Et

372 5348 566 5401 iterum
600 5348 652 5399 in
687 5347 965 5417 Sapientia
991 5351 1184 5421 legitur
1212 5370 1223 5405 :
1266 5372 1284 5404 t
1323 5352 1474 5412 Tuus
1506 5361 1652 5411 enim
1683 5362 1945 5417 incorru-

379 5450 503 5508 ptus
530 5439 769 5509 Spiritus
799 5453 884 5497 est
926 5443 978 5496 in
1039 5447 1383 5505 υιιιηίὺυε⁹.›
1425 5449 1554 5504 Item
1610 5456 1654 5505 si
1694 5472 1712 5505 t
1783 5472 1944 5512 nemo

443 5577 942 5676 ἒῆξὶἶοιηκέιηὶξεὶὰ
980 5578 1177 5676 Cor.
1199 5597 1262 5676 ξι,
1302 5584 1469 5676 1⁵213
1492 5586 1648 5676 Rom.
1689 5605 1804 5676 vm,
1853 5590 1932 5647 i5.

2056 5595 2211 5655 ἰδίει.
2266 5617 2339 5668 vt,
2372 5602 2430 5658 6.
2508 5605 2530 5636 ⁸
2568 5606 2760 5664 chtr.
2801 5627 2872 5676 vr,

374 5638 392 5668 '
429 5644 553 5716 Sap.
582 5664 618 5714 ι,
663 5650 739 5704 l5.
806 5638 833 5681 "
862 5650 1046 5705 lPetr.
1082 5667 1162 5720 ιιι,
1190 5638 1262 5708 4.’
1317 5656 1337 5689 ⁸
1374 5638 1653 5728 *sapfiii‘,

2131 4721 2335 4775 Ὅτιδὲ
2375 4724 2487 4777 ἄνω
2518 4726 2613 4796 τῆς
2651 4730 2887 4795 κτίσεώς
2922 4734 3041 4786 ἐστι
3100 4736 3163 4788 τὸ
3225 4737 3473 4810 Πνεῦμα,
3545 4742 3647 4794 καὶ

2056 4814 2185 4868 ἄλλο
2218 4814 2316 4883 μὲν
2351 4818 2504 4886 παρὰ
2528 4818 2625 4887 τὴν
2687 4820 2795 4874 τῶν
2849 4827 3096 4897 γενητῶν
3140 4829 3328 4898 φύσιν,
3400 4831 3533 4887 ἴδιον
3583 4834 3647 4888 δὲ

2059 4908 2157 4975 τῆς
2182 4908 2457 4980 θεότητος,
2483 4913 2667 4978 ἔξεστι
2700 4918 2794 4969 καὶ
2847 4920 2911 4971 ὲκ
2946 4919 3139 4974 τούτου
3172 4924 3352 4984 πάλιν,
3384 4928 3645 4983 συνιδεῖν.

2063 5002 2367 5071 ’Λτρεπτον
2399 5008 2491 5057 καὶ
2527 5007 2887 5063 ἀναλλοίωτόν
2914 5012 3031 5065 ἔστι
3064 5013 3123 5066 τὸ
3139 5016 3367 5085 Πνεῦμα
3389 5019 3645 5085 τὺᾶγιον·

2063 5113 2081 5143 t
2116 5094 2303 5161 ’Λγιον
2384 5099 2523 5186 γὰρ,
2569 5098 2725 5173 φησι,
2781 5104 3004 5173 Πνεῦμα
3062 5109 3315 5174 παιδείας
3376 5111 3644 5181 φεύξεται

2058 5187 2231 5252 δόλον,
2251 5190 2347 5243 καὶ
2377 5193 2830 5275 ἀπαναστήσεται
2864 5198 2973 5250 ἀπὸ
3002 5199 3282 5271 λογισμῶν
3305 5204 3643 5258 ἀσυνέτων.»

2056 5281 2214 5335 Καὶὸ
2248 5281 2348 5354 μὲν
2372 5285 2585 5357 Πέτρος
2632 5290 2821 5358 φησίν·
2881 5308 2899 5341 r
2946 5290 3035 5344 Ἐν
3092 5294 3172 5358 τῷ
3223 5296 3490 5369 ἀφθάρτῳ
3541 5298 3642 5351 τοῦ

2056 5374 2255 5440 πραέος
2277 5381 2365 5427 καὶ
2393 5378 2621 5447 ἡσυχίου
2652 5379 3025 5451 Πνεῦματος»
3063 5387 3159 5438 καὶ
3195 5389 3353 5442 πάλιν
3372 5391 3432 5443 ἐν
3446 5394 3512 5462 τῇ
3539 5392 3643 5445 Σο-

2052 5465 2171 5537 φὶᾳ·
2202 5468 2306 5519 «Τὸ
2326 5470 2434 5539 γὰρ
2453 5471 2732 5540 ἄφοαρτόν
2747 5489 2840 5526 σου
2865 5475 3085 5546 Πνεῦμά
3098 5478 3308 5536 ἐστινέν
3321 5485 3478 5537 πᾶσι·
3495 5504 3514 5537 ι
3540 5488 3643 5540 καὶ

2939 5611 3027 5665 Η.
3096 5614 3115 5644 ⁸
3154 5613 3314 5671 Joan.
3371 5634 3481 5689 ιιν,
3546 5622 3638 5677 19.
