4064 6396
391 289 492 357 ’ῖΠ

400 431 449 481 εἰ
489 447 506 478 ι
541 427 716 490 οὐδεὶς
743 421 851 479 οἶδε
885 424 953 478 τὰ
986 424 1078 478 τοῦ
1124 425 1257 478 Θεοῦ
1291 461 1306 485 ,

392 520 486 574 τοῦ
518 520 655 573 Θεοῦ
681 521 739 572 τὸ
771 523 827 573 ἐν
858 519 1059 589 αὐτῷ’»
1100 520 1200 571 οὐκ
1229 518 1342 571 ἔστι
1371 518 1426 570 δὲ
1451 515 1602 588 παρὰ
1629 515 1706 584 τῷ
1735 513 1876 584 Θεῷ,
1911 513 1986 575 ὼς

391 609 544 666 εἶπεν
559 614 587 664 ὁ
613 612 886 675 Ἰάκωϐος,
909 631 925 661 ι
949 611 1320 682 παραλλαγὴῆ
1341 611 1547 682 τροπῆς
1573 607 1888 677 ἁποσκίασμ
1903 623 1944 660 ι·
1962 627 1979 656 ι

391 707 453 758 ὲν
489 703 566 774 τῷ
593 702 711 774 Θεῴ
739 702 798 757 ὃν
828 703 890 756 τὸ
949 703 1174 772 Πνεῦμα
1225 701 1285 754 τὸ
1330 704 1503 770 ἅγιον,
1547 701 1770 763 εἰκότως
1798 700 1862 751 ἂν
1899 700 1983 768 εἴη

391 798 658 869 ἄτρεπτον
681 797 777 848 καὶ
804 792 1220 865 ἀπαράλλακτον
1244 795 1336 846 καὶ
1361 792 1651 863 ἄῃθαρτον.
1696 789 1760 841 Ἠ
1791 788 1847 840 δὲ
1871 787 1981 839 τῶν

389 889 634 960 γενητῶν
668 887 888 941 καὶτῶν
914 888 1143 940 κτιστῶν
1195 885 1351 955 φύσις
1383 886 1500 939 ἐστὶ
1526 883 1756 957 τρεπτὴ,
1790 884 1884 936 ἆτε
1915 880 1979 952 δὴ

391 981 590 1048 ἔξωθεν
761 975 895 1032 οὖσα
925 981 1023 1049 τῆς
1047 979 1140 1032 τοῦ
1165 979 1299 1032 Θεοῦ
1328 978 1534 1040 οὐσίας,
1572 978 1665 1029 καὶ
1687 970 1755 1038 ’ἐξ
1785 975 1885 1027 οὐκ
1902 973 1984 1025 ὅν-

390 1091 499 1124 των
531 1073 828 1124 ύποστᾶσα·
868 1091 884 1122 ι
915 1072 1023 1133 πᾶς
1055 1090 1070 1122 ι
1111 1070 1207 1139 μὲν
1239 1070 1346 1141 γὰρ
1386 1088 1403 1120 ι
1437 1069 1741 1140 ἄνθρωπος,
1770 1084 1790 1118 ι
1823 1066 1979 1134 φησι,

395 1183 411 1208 ι
447 1160 736 1230 ψεύστης.»
772 1161 902 1224 Καὶ,
969 1179 988 1210 ι
1038 1161 1238 1224 πάντες
1269 1162 1535 1231 ἥμαρτον,
1561 1161 1655 1213 καὶ
1689 1160 1980 1231 ὑστεροῦν-

389 1269 478 1303 ται
513 1252 612 1321 τῆς
637 1250 795 1321 δόξης
826 1251 922 1303 τοῦ
954 1250 1112 1303 Θεοῦ.
1160 1251 1452 1320 Ἀγγέλους
1486 1251 1542 1303 δὲ
1748 1253 1875 1314 τοὺς
1906 1252 1979 1322 μὴ

389 1343 733 1413 τηρήσαντας
767 1342 865 1413 τὴν
894 1343 1102 1396 ἑαυτῶν
1160 1345 1355 1414 ἀρχὴν,
1389 1344 1501 1397 ἀλλ’
1532 1344 1893 1407 ἀπολιπόντας
1922 1345 1983 1397 τὸ

392 1436 522 1487 ἴδιον
555 1436 891 1504 οἰκητήριον,
927 1436 1007 1498 εἰς
1035 1436 1214 1506 κρίσιν
1247 1435 1488 1506 μεγάλης
1515 1435 1727 1505 ἡμέρας
1765 1435 1982 1506 δεσμοῖς

392 1526 583 1589 ἀϊδίοις
609 1525 715 1580 ὑπὸ
741 1524 904 1594 ζόφον
933 1527 1254 1598 τετήρηκεν.
1293 1546 1310 1576 ι
1353 1527 1442 1578 Ἐν
1476 1526 1532 1579 δὲ
1558 1526 1635 1596 τῷ
1674 1525 1814 1579 Ἰὼϐ
1857 1546 1874 1576 ι
1916 1528 1981 1580 Εἰ

391 1615 532 1667 κατὰ
561 1614 731 1683 ἁγίων
747 1614 994 1684 ἀγγέλων
1167 1614 1332 1668 αὐτοῦ
1357 1616 1418 1668 οὐ
1440 1615 1706 1680 πιστεύει,
1741 1615 1884 1670 κατὰ
1923 1616 1981 1670 δὲ

393 1705 640 1773 ἀγγέλων
702 1705 866 1759 αὑτοῦ
915 1706 1126 1759 σκολιόν
1170 1724 1220 1758 τι
1274 1707 1584 1777 ἐπενόησεν·
1621 1706 1797 1777 ἄστρα
1829 1707 1886 1760 δὲ
1917 1709 1978 1760 ού

393 1795 610 1867 καθαρὰ
636 1794 865 1849 ἐνώπιον
893 1795 1080 1848 αὐτοῦ’
1110 1815 1128 1848 ι
1155 1797 1183 1848 ὁ
1223 1796 1279 1848 δὲ
1315 1796 1524 1860 Παῦλος
1559 1798 1781 1868 γράφει·
1821 1816 1838 1847 ι
1865 1799 1981 1850 Οὐκ

390 1885 589 1950 οἴδατε,
621 1887 704 1940 ὅτι
736 1887 1001 1956 ἀγγέλους
1057 1885 1372 1958 κρινοῦμεν,
1413 1889 1606 1958 μήτιγε
1659 1887 1922 1957 βιωτικά;
1957 1907 1974 1939 ι

404 1977 562 2030 Ἀλλὰ
586 1978 699 2049 γὰρ
732 1979 826 2031 καὶ
849 1977 1182 2048 ἠκούσαμεν,
1212 1979 1293 2032 ὅτι
1314 1981 1341 2032 ὁ
1369 1979 1612 2043 διάϐολος
1647 2021 1662 2043 ,
1788 1982 1846 2033 ὲν
1879 1981 1975 2051 μέν

393 2086 470 2138 σῳ
499 2069 604 2122 τῶν
633 2068 902 2140 χερουϐὶμ
936 2068 1031 2134 ὢν,
1063 2071 1156 2124 καὶ
1197 2071 1628 2141 ἀποσφράγισμα
1664 2070 1978 2141 ὁμοιώσεως

388 2164 701 2234 γενόμενος,
743 2163 997 2228 ἐξέπεσεν
1047 2165 1113 2217 ἐκ
1168 2162 1262 2216 τοῦ
1295 2163 1522 2235 ούρανοῦ
1565 2163 1639 2226 ὡς
1696 2165 1975 2234 ἀστραπή.

389 2256 451 2308 ΕΞ
481 2255 539 2310 δὲ
568 2255 637 2309 τὰ
674 2256 772 2327 μὲν
804 2256 1080 2326 κτίσματα
1105 2256 1360 2326 τοιαύτην
1385 2255 1498 2327 ἔχει
1531 2256 1690 2325 φύσιν
1727 2292 1742 2316 ,
1887 2257 1980 2308 καὶ

385 2347 700 2418 γέγραπται
726 2347 852 2417 περὶ
911 2347 1156 2415 ἀγγέλων
1181 2347 1425 2400 τοιαῦτα·
1465 2347 1526 2400 τὸ
1554 2346 1610 2400 δὲ
1669 2345 1893 2417 Πνεῦμα
1921 2345 1980 2398 τὸ

387 2439 521 2492 αὐτό
557 2441 674 2492 ἐστι
719 2440 812 2492 καὶ
835 2438 1212 2501 ἀναλλοίωτον,
1249 2439 1467 2510 καὶτῆς
1521 2437 1614 2492 τοῦ
1657 2437 1788 2491 Υἱοῦ
1818 2439 1978 2508 ἀτρε-

383 2525 515 2600 ψίας
575 2531 714 2594 ἐστὶ,
779 2531 934 2601 μένον
981 2530 1068 2583 ἀεὶ
1137 2532 1233 2584 σὺν
1292 2530 1439 2600 αὐτῷ
1501 2530 1789 2600 ἄτρεπτον·
1849 2529 1977 2583 ποία

379 2622 642 2692 ὁμοιότης
665 2621 743 2692 τῷ
769 2621 1024 2692 ἀτρέπτῳ
1044 2621 1178 2692 πρὸς
1207 2622 1276 2674 τὰ
1305 2622 1613 2692 τρεπόμενα
1633 2638 1647 2686 ;
1670 2622 1842 2691 Δῆλον
1869 2620 1978 2691 γὰρ

383 2714 581 2784 ἂνεῖη,
615 2714 690 2776 ὡς
721 2712 844 2766 οῦτε
871 2713 1076 2782 κτίσμα
1103 2713 1271 2776 ἐστὶν,
1309 2711 1431 2765 οῦτε
1447 2713 1584 2776 ὅλως
1609 2713 1708 2783 τῆς
1742 2712 1850 2766 τῶν
1881 2713 1976 2780 ἁγ-

383 2805 562 2874 γέλων
595 2804 782 2868 οὐσίας
812 2803 948 2868 ἐστὶ,
992 2803 1079 2856 διὰ
1129 2803 1191 2856 τὸ
1220 2804 1461 2868 ἐκείνους
1516 2800 1656 2858 εἶναι
1688 2803 1974 2875 τρεπτούς·

381 2897 499 2950 ἀλλ’
531 2895 694 2950 είκὼν
721 2894 816 2948 τοῦ
854 2894 1049 2964 Λόγου,
1089 2893 1183 2946 καὶ
1232 2893 1325 2948 τοῦ
1389 2896 1600 2966 Πατρός
1655 2896 1784 2949 ἴδιόν
1835 2897 1973 2948 ἐστι.

383 2989 557 3042 Πάλιν
597 3005 656 3041 τε
678 2989 738 3042 τὸ
772 2989 868 3060 μὲν
897 2989 1122 3060 Πνεῦμα
1151 2988 1358 3060 Κυρίου
1391 2987 1722 3058 πεπλήρωκε
1757 2986 1855 3058 τὴν
1893 2988 1974 3039 oi—

383 3081 678 3151 κουμένην.
730 3079 888 3134 Οῦτω
927 3081 1053 3152 ’γὰρ
1099 3080 1194 3134 καὶ
1251 3082 1279 3133 ό
1325 3079 1488 3134 Δαϐὶδ
1532 3079 1744 3148 ψάλλει·
1810 3099 1828 3130 ι
1861 3076 2029 3149 Ποῦε

393 3169 648 3242 πορευθῶ
673 3170 781 3223 ἀπὸ
807 3169 898 3224 τοῦ
931 3170 1247 3242 Πνεύματός
1283 3186 1411 3234 σου;
1443 3189 1461 3221 ι
1497 3170 1607 3222 Καὶ
1639 3170 1798 3224 πάλιν
1820 3170 1876 3222 ἐν
1907 3171 1973 3240 τῇ

390 3261 564 3331 ὣφίᾳ
587 3261 910 3332 γέγραπται’
973 3281 992 3314 ι
1030 3262 1104 3315 Τὸ
1144 3261 1254 3333 γὰρ
1303 3260 1577 3332 ἄφθαρτόν
1613 3277 1706 3313 σου
1749 3258 1976 3330 Πνεῦμὰ

389 3356 540 3406 ἐστιν
569 3354 629 3406 ὲν
663 3353 849 3405 πᾶσι.»
884 3351 964 3406 Τὰ
995 3353 1052 3406 δὲ
1077 3351 1279 3422 γενητὰ
1303 3352 1478 3405 πάντα
1515 3354 1574 3405 ἐν
1639 3350 1975 3423 μεμερισμέ-

389 3463 501 3507 νοις
537 3445 723 3508 τόποις
756 3445 912 3507 εξσὶν,
946 3445 1096 3515 ἥλιος
1123 3445 1244 3516 μὲν,
1291 3444 1385 3497 καὶ
1429 3442 1647 3512 σελήνη,
1692 3444 1786 3496 καὶ
1817 3442 1974 3495 ἀστέ-

398 3554 482 3605 ρες
513 3539 570 3590 ἐν
591 3535 669 3606 τῷ
703 3535 1062 3607 περεώματι,
1118 3535 1337 3605 νεφέλαι
1395 3535 1452 3588 δὲ
1487 3536 1544 3587 έν
1595 3533 1674 3604 τῷ
1700 3535 1844 3605 ἀέριο
1877 3533 1971 3587 καὶ

401 3631 506 3692 τοῖς
525 3613 843 3698 ἀνθρώποις
875 3628 1099 3697 ἔστησεν
1133 3629 1256 3699 ὅρια
1311 3626 1499 3679 ἐθνῶν·
1537 3626 1590 3678 οἵ
1635 3641 1694 3678 τε
1749 3622 1971 3692 ἄγγελοι

395 3720 805 3775 ἀποστέλλονται
839 3721 917 3783 εἰς
941 3719 1233 3781 διακονίας·
1272 3737 1290 3768 ι
1339 3717 1448 3770 Καὶ
1477 3712 1639 3787 ἦλθον
1666 3718 1714 3768 οἱ
1748 3714 1970 3782 ἄγγελοι

386 3813 728 3884 παραστῆναι
759 3809 988 3865 ἐνώπιον
1013 3808 1103 3863 τοῦ
1133 3808 1390 3880 Κυρίου,ι
1421 3807 1496 3870 ὡς
1525 3808 1582 3859 ἐν
1613 3803 1690 3876 τῷ
1732 3803 1849 3857 Ἰὼϐ
1881 3803 1970 3871 γέ-

382 3920 646 3974 γραπται·
671 3904 786 3968 καὶ,
825 3922 842 3954 ι
875 3900 1203 3971 ὲνυπνιάσθη
1233 3899 1288 3952 δὲ
1318 3896 1512 3953 Ἰακὼϐ
1546 3899 1574 3950 ὁ
1601 3895 1964 3966 πατριάρχης

382 3998 512 4058 καὶ,
575 3996 684 4050 ἰδοὺ
719 3994 920 4066 κλίμαξ
960 3991 1330 4064 ὲστηριγμένη
1377 3991 1435 4042 ὲν
1484 3991 1548 4058 τῇ
1577 3989 1670 4058 γῇ,
1714 3981 1781 4057 ἧς
1811 3987 1843 4056 ἡ
1877 4003 1968 4038 κε-

379 4086 528 4158 φαλὴ
553 4087 832 4156 ἀφικνεῖτο
855 4086 934 4148 είς
967 4084 1058 4136 τὸν
1081 4083 1332 4154 οὐρανὸν,
1388 4083 1482 4134 καὶ
1527 4083 1575 4134 οἱ
1618 4079 1839 4148 ἄγγελοι
1870 4078 1966 4131 τοῦ

376 4179 518 4232 Θεοῦ
555 4178 838 4232 ἀνέϐαινον
881 4176 975 4230 καὶ
1007 4175 1324 4230 κατέϐαινον
1356 4175 1440 4226 ἐπ’
1461 4174 1649 4242 αὐτῆς.
1689 4192 1707 4223 ι
1742 4172 1803 4224 Εἰ
1829 4170 1885 4223 δὲ
1907 4169 1967 4223 τὸ

378 4269 484 4339 μὲν
513 4266 734 4337 Πνεῦμα
762 4266 938 4319 πάντα
963 4263 1178 4334 πληροῖ,
1198 4263 1290 4314 καὶ
1323 4263 1380 4313 ὲν
1409 4259 1486 4330 τῷ
1516 4259 1674 4329 Λόγῳ
1703 4257 1964 4328 πάρεστιν

371 4363 438 4413 ὲν
471 4361 622 4424 μέσῳ
673 4357 891 4411 πάντων
960 4391 974 4412 .
1118 4358 1166 4409 οἱ
1223 4353 1281 4405 δὲ
1342 4351 1558 4420 ἄγγελοι
1615 4345 1963 4402 ἐλαττοῦνται

1369 291 1744 356 PANOPLIA
1785 279 2244 351 DOGMATICA.
2275 311 2345 322 -
2369 288 2514 349 ΤΙΤ.
2557 283 2700 349 XlI.

1452 427 1497 477 εἰ
1532 424 1605 494 μὴ
1650 422 1711 476 τὸ
1759 419 1976 491 Πνεῦμα

2071 415 2326 488 cognovit
2351 430 2471 483 qua:
2500 421 2626 468 sunt
2655 412 2770 476 Dei,
2801 413 2905 466 nisi
2943 410 3178 482 Spiritus
3220 412 3332 479 Dei,
3362 413 3454 484 qui
3477 423 3559 468 est
3596 416 3647 467 in

3544 283 3649 345 τις

2070 509 2190 576 ipso
2233 511 2248 541 ι
2278 523 2292 570 ;
2325 523 2341 554 ι
2379 519 2490 557 non
2532 512 2614 557 est
2651 511 2830 554 autem
2862 503 3003 570 apud
3037 503 3204 555 Deum
3227 541 3241 565 ,
3274 511 3334 556 ut
3362 503 3523 557 docet
3552 502 3644 557 Ja-
3717 489 3730 546 εί

2067 599 2259 659 cobus,
2294 614 2312 648 ι
2347 592 2729 650 transmutatio
2770 607 2868 647 nec
2907 593 3301 648 vicissitudinis
3349 594 3642 648 obumbra-

2067 693 2143 745 tio
2180 690 2235 742 ἐ
2267 708 2284 739 ι
2320 689 2442 758 jure
2472 702 2536 740 ac
2565 687 2758 740 merito
2785 685 3020 754 Spiritus
3049 693 3293 750 sanctus,
3324 685 3416 754 qui
3453 687 3503 738 in
3535 685 3643 740 Deo

2063 791 2166 844 est,
2194 779 2550 835 immutabilis
2573 787 2628 833 et
2655 779 3003 847 incorruptus
3037 778 3328 848 omnisque
3367 778 3645 832 vicissitu—

2063 872 2207 927 dinis
2234 885 2428 942 expers
2450 886 2574 927 esse
2596 870 2900 925 censendus
2929 879 3030 923 est.
3055 869 3124 923 At
3154 886 3336 924 rerum
3373 869 3638 924 factarqu

2063 976 2117 1020 et
2149 975 2456 1020 creatarum
2500 972 2692 1016 natura
2736 962 3012 1016 mutabilis
3060 971 3164 1027 est,
3191 970 3380 1031 utpote
3421 977 3544 1030 quae
3570 961 3641 1014 sit

2061 1066 2212 1110 extra
2247 1055 2341 1109 Dei
2365 1053 2749 1112 substantiam,
2782 1061 2834 1105 et
2860 1067 2890 1104 e
2915 1053 3086 1104 nihilo
3125 1053 3412 1106 exstiterit.
3457 1051 3641 1120 Siqui—

2059 1148 2182 1202 dem
2225 1166 2243 1199 ι
2281 1150 2460 1201 omnis
2495 1146 2680 1210 homo,
2714 1145 2910 1214 inquit,
2942 1145 3171 1198 mendax
3231 1134 3268 1197 ⁸ξ
3298 1163 3315 1195 ι
3352 1143 3436 1208 Ει,
3470 1161 3488 1193 ι
3521 1159 3640 1196 om—

2063 1253 2158 1292 nes
2183 1247 2545 1306 pcccaverunt
2569 1245 2623 1290 et
2646 1245 2803 1305 egent
2829 1235 2998 1303 gloria
3026 1234 3118 1287 Dei
3173 1231 3212 1287 ⁸.
3243 1233 3478 1304 Angelos
3513 1252 3640 1286 vero

2062 1331 2154 1400 qui
2185 1345 2292 1383 non
2317 1339 2671 1383 servaverunt
2704 1343 2863 1382 suum
2900 1326 3285 1394 principatum,
3315 1327 3406 1381 sed
3437 1326 3637 1380 dereli—

2061 1427 2299 1490 querunt
2331 1433 2488 1473 suum
2522 1416 2882 1480 domicilium,
2915 1416 2967 1468 in
2999 1416 3265 1484 judicium
3302 1414 3636 1484 magnidici,

2061 1510 2293 1566 vinculis
2319 1509 2536 1564 aeternis
2570 1508 2672 1562 sub
2694 1508 2925 1576 caligine
2953 1506 3249 1560 reservavit
3296 1505 3337 1560 ⁵.
3358 1525 3374 1556 ι
3405 1504 3472 1558 Ει
3497 1521 3598 1574 apu
3625 1507 3638 1558 l

2057 1602 2162 1658 Job
2197 1623 2207 1656 :
2252 1620 2269 1651 ι
2301 1599 2359 1654 Si
2387 1600 2589 1655 sanctis
2618 1599 2823 1668 angelis
2852 1599 2967 1652 suis
3002 1614 3110 1653 non
3143 1598 3291 1660 ﬁdit,
3321 1599 3414 1652 sed
3449 1606 3637 1651 contra

2056 1695 2280 1764 angelos
2314 1709 2539 1763 pravum
2575 1693 2702 1762 quid
2737 1692 2996 1763 cogitavit
3059 1693 3108 1756 ';
3148 1690 3316 1745 stellae
3359 1705 3488 1743 vero
3531 1705 3639 1742 non

2057 1797 2186 1841 sunt
2229 1787 2446 1840 mundae
2493 1785 2545 1838 in
2593 1794 2887 1854 conspectu
2917 1783 3036 1852 ejus
3061 1784 3081 1814 ⁷
3113 1821 3126 1835 .
3161 1802 3180 1834 ι
3217 1782 3418 1836 Paulus
3452 1795 3633 1836 autem

2057 1877 2250 1932 scribit
2284 1896 2297 1930 :
2347 1895 2364 1926 ι
2397 1875 2631 1931 Nescitis
2671 1877 2933 1945 quoniam
2977 1874 3197 1942 angelos
3226 1872 3635 1942 judicabimus?

2057 1977 2258 2039 quanto
2290 1967 2464 2037 magis
2495 1968 2773 2022 saecularia
2809 1965 2829 1995 ⁸
2854 1967 2875 2020 ?
2904 1985 2920 2017 ι
2957 1965 3096 2031 Quin
3133 1966 3296 2019 etiam
3324 1965 3633 2020 audivimus

2057 2059 2353 2124 diabolum,
2386 2058 2477 2126 qui
2512 2057 2563 2110 in
2597 2057 2777 2112 medio
2810 2056 3088 2110 cherubim
3126 2055 3328 2117 stabat,
3357 2062 3410 2108 et
3445 2054 3630 2124 signa-

2058 2149 2240 2204 culum
2267 2147 2639 2203 similitudinis
2661 2156 2800 2211 erat,
2830 2162 2860 2201 e
2895 2147 3036 2201 cmlo
3069 2145 3224 2214 quasi
3277 2144 3457 2213 fulgur
3490 2143 3634 2199 ceci-

2056 2240 2205 2296 disse
2246 2241 2290 2294 ¹⁹.
2323 2237 2378 2292 Si
2408 2253 2571 2308 porro
2595 2253 2657 2292 ea
2686 2245 2768 2291 est
2794 2252 2974 2291 rerum
3008 2245 3314 2290 crcatarum
3339 2242 3550 2294 natura,
3578 2243 3634 2287 et

2057 2331 2172 2384 haec
2197 2330 2264 2384 de
2288 2329 2494 2399 angelis
2519 2328 2717 2398 scripta
2748 2337 2871 2382 sunt
2896 2345 2912 2393 ;
2943 2327 2985 2382 si
3008 2335 3194 2381 contra
3217 2327 3454 2394 Spiritus
3489 2327 3628 2380 idem

2055 2433 2268 2488 semper
2296 2427 2350 2471 et
2381 2417 2558 2472 omnis
2584 2416 2899 2472 mutationis
2939 2431 3129 2484 expers
3171 2425 3272 2481 est,
3305 2417 3395 2484 qui
3421 2423 3474 2469 ct
3509 2414 3629 2469 Filii

2055 2509 2515 2566 immutabilitatis
2546 2509 2837 2578 particeps,
2873 2524 2995 2562 cum
3033 2511 3150 2577 ipso
3178 2525 3390 2578 semper
3430 2509 3632 2562 immu~

2056 2600 2235 2655 labilis
2253 2609 2432 2654 manet
2457 2617 2468 2652 :
2497 2613 2768 2667 quaenam,
2795 2598 3008 2659 amabo,
3037 2597 3336 2650 similitudo
3374 2596 3631 2652 immuta-

2055 2691 2178 2746 bilis
2206 2705 2330 2744 cum
2356 2689 2738 2744 mutabilibus?
2774 2686 2911 2743 Hinc
2963 2688 3106 2742 enim
3143 2688 3490 2757 perspicuum
3522 2697 3627 2748 est,

2057 2797 2230 2853 neque
2261 2797 2373 2836 rem
2401 2789 2636 2836 creatam
2670 2795 2812 2838 esse.
2851 2795 3025 2848 neque
3051 2778 3117 2832 ad
3163 2779 3476 2848 angelorum
3499 2820 3512 2840 ,
3549 2788 3630 2831 ut-

2055 2882 2179 2943 pote
2197 2873 2291 2944 qui
2312 2870 2602 2926 mutabiles
2629 2872 2759 2933 sint,
2780 2879 3029 2923 naturam
3049 2869 3338 2938 pertinere,
3357 2869 3450 2924 sed
3472 2866 3630 2922 Verbi

2055 2967 2346 3038 imaginem
2375 2974 2427 3020 et
2447 2963 2622 3018 Patris
2645 2962 2920 3031 proprium
2948 2976 3086 3016 esse.
3107 2959 3371 3014 Praeterea
3397 2959 3631 3029 Spiritus

2055 3055 2270 3112 Domini
2316 3053 2630 3109 universum
2677 3053 2864 3105 orbem
2905 3049 3144 3118 replevit.
3178 3048 3252 3100 Ita
3285 3051 3426 3100 enim
3466 3047 3630 3100 David

2054 3149 2251 3206 cecinit
2279 3168 2292 3202 :
2329 3167 2346 3199 ι
2375 3147 2496 3213 Quo
2530 3146 2620 3200 ibo
2643 3161 2674 3198 a
2699 3142 2907 3213 Spiritu
2938 3153 3029 3196 tuo
3058 3139 3130 3194 ¹⁰ἳ
3167 3161 3183 3192 ι
3229 3141 3292 3194 Et
3318 3141 3370 3193 iu
3405 3139 3635 3217 Sapien-

2057 3243 2130 3298 tia
2155 3241 2416 3310 scriptum
2443 3247 2528 3294 est
2557 3256 2569 3290 :
2606 3254 2623 3287 ι
2662 3236 2815 3291 Tuus
2843 3234 2988 3288 enim
3025 3232 3373 3301 incorruptus
3402 3229 3641 3300 Spiritus

2054 3347 2138 3390 est
2171 3335 2223 3388 in
2255 3332 2510 3387 omnibus
2540 3330 2602 3384 “.
2632 3348 2650 3379 ›
2685 3326 2846 3397 Atqui
2877 3327 3146 3380 universae
3178 3341 3264 3380 res
3297 3322 3532 3383 factaﬂn
3561 3322 3642 3374 di—

2055 3427 2188 3482 visis
2221 3425 2354 3479 locis
2383 3421 2670 3485 exsistunt,
2704 3422 2849 3477 verbi
2877 3420 3072 3491 gratia.
3100 3419 3201 3484 sol,
3233 3419 3358 3472 luna
3385 3426 3437 3471 et
3469 3424 3638 3477 astra,

2055 3517 2110 3570 in
2143 3515 2508 3577 ﬁrmamento,
2542 3527 2596 3568 et
2618 3513 2789 3568 nubes
2821 3513 2873 3566 in
2904 3527 3048 3567 aere.
3085 3509 3141 3566 In
3161 3511 3481 3575 hominibus
3498 3526 3638 3580 quo-

2055 3625 2161 3680 que
2192 3609 2474 3662 nationum
2508 3605 2768 3660 terminos
2801 3603 3088 3658 constituit
3125 3597 3182 3655 ".
3217 3601 3406 3671 Angeli
3443 3602 3640 3654 similis

2056 3711 2136 3756 ter
2180 3702 2237 3754 in
2281 3697 2587 3753 ministeria
2637 3696 2964 3748 mittuntur:
3002 3713 3019 3745 ι
3060 3693 3125 3747 Ει
3164 3702 3430 3748 venerunt
3461 3695 3636 3764 angeli

2058 3791 2149 3847 Dei
2179 3799 2238 3845 ut
2265 3789 2585 3845 assisterent
2613 3802 2793 3840 coram
2830 3785 3085 3850 Domino,
3113 3805 3128 3834 ι
3163 3785 3242 3838 ιιιί
3278 3785 3330 3838 in
3363 3783 3466 3839 Job
3499 3785 3635 3856 legi-

2055 3897 2178 3936 mus
2204 3876 2264 3932 ".
2301 3879 2386 3944 Et,
2427 3897 2445 3929 ι
2479 3877 2773 3933 somniavit
2821 3874 2988 3930 Jacob
3032 3875 3364 3944 patriarcha.
3414 3873 3479 3927 Et
3510 3891 3632 3930 ecce

2053 3974 2198 4028 scala
2224 3973 2410 4027 innixa
2437 3972 2489 4024 in
2518 3979 2682 4034 terra,
2708 3967 2865 4037 cujus
2883 3981 3142 4021 cacumen
3350 3965 3415 4019 ad
3438 3965 3633 4019 malum

2057 4065 2440 4138 perveniebat:
2469 4074 2522 4119 et
2542 4062 2716 4134 angeli
2756 4059 2847 4114 Dei
2879 4059 3242 4113 ascendebant
3264 4068 3316 4111 et
3339 4059 3635 4122 descende-

2058 4163 2190 4212 bant
2225 4171 2319 4226 per
2343 4141 2516 4224 ipsam
2540 4153 2598 4208 “.
2626 4173 2644 4206 ι
2681 4152 2734 4207 Si
2772 4153 2934 4223 igitur
2971 4151 3205 4220 Spiritus
3224 4150 3633 4219 omniaimplet,

2055 4259 2107 4304 ct
2139 4249 2191 4302 in
2216 4247 2394 4303 Verbo
2424 4261 2661 4316 praesens
2698 4245 2858 4300 estin
2892 4242 3073 4297 medio
3112 4241 3391 4307 omnium;
3422 4243 3465 4296 si
3501 4259 3634 4296 con-

2055 4351 2136 4396 tra
2181 4341 2356 4409 angeli
2401 4339 2502 4394 hac
2545 4339 2600 4393 in
2645 4355 2702 4392 re
2742 4339 2814 4390 illi
2843 4337 3063 4400 cedunt,
3101 4345 3265 4400 atque
3293 4335 3401 4388 illic
3425 4345 3634 4391 tantum

368 4437 570 4506 τούτῳ,
607 4438 704 4491 καὶ
733 4437 864 4491 ἔνθα
917 4437 1358 4500 ἀποστέλλονται,
1388 4438 1482 4489 καὶ
1531 4436 1787 4507 πάρεισιν
1814 4452 1830 4467 ⁶
1865 4439 1961 4492 οὐκ

2060 4426 2252 4480 adsunt
2285 4440 2394 4494 quo
2427 4425 2720 4479 mittuntur
2747 4444 2760 4479 :
2788 4426 3010 4480 dubium
3036 4427 3225 4496 utique
3255 4441 3361 4481 non
3391 4431 3648 4496 est,qnin

366 4528 674 4598 ἀμφίϐολον
720 4525 836 4592 οὖν,
869 4528 949 4582 ὅτι
995 4526 1121 4581 οὔτε
1171 4528 1282 4582 τῶν
1333 4529 1598 4610 γενητῶν,
1652 4528 1777 4582 οὔτε
1823 4531 1961 4594 ὅλως

365 4621 608 4689 ἄγγελός
658 4625 831 4687 ἐστιν,
862 4622 937 4685 ὡς
988 4623 1149 4688 ὑμεῖς
1199 4621 1409 4690 λέγετε,
1445 4620 1506 4674 τὸ
1558 4620 1805 4690 Πνεῦμα,
1846 4622 1963 4674 ἀλλ’

364 4712 488 4765 ἄνω
515 4711 615 4780 τῆς
643 4711 752 4766 τῶν
791 4712 1041 4782 ἀγγέλων
1076 4713 1292 4782 φύσεώς
1332 4714 1500 4769 ἐστιν.

451 4803 620 4856 Πάλιν
670 4806 776 4876 γὰρ
802 4805 898 4858 καὶ
946 4807 1010 4857 ὲκ
1043 4805 1250 4858 τούτων
1297 4805 1363 4860 ἄν
1400 4825 1483 4871 τις
1518 4807 1618 4860 ἴδοι
1652 4808 1712 4861 τὸ
1743 4809 1970 4879 Πνεῦμα

365 4894 438 4947 τὸ
467 4894 644 4962 ἆγιον,
678 4896 752 4960 ὼς
787 4895 1054 4966 μεθεκτόν
1087 4899 1204 4950 ἐστι
1235 4899 1332 4951 καὶ
1364 4900 1425 4952 οὐ
1463 4901 1691 4971 μετέχον
1716 4903 1802 4973 (τὰ
1835 4903 1976 4956 αὐτὰ

368 4986 490 5054 γὰρ
519 4986 701 5054 λέγειν
724 4989 828 5039 οὐκ
859 4987 1168 5058 ὀκνητέον).
1205 5007 1223 5040 ι
1277 4989 1563 5044 ’Λδύνατον
1591 4992 1722 5063 γὰρ,
1758 5011 1777 5043 ι
1817 4993 1972 5064 φησὶ,

377 5095 404 5129 ι
436 5080 558 5142 τοὺς
579 5079 728 5145 ἅπαξ
749 5080 1144 5149 φωτισθέντας,
1160 5083 1537 5152 γευσαμένους
1561 5101 1620 5138 τε
1642 5087 1739 5155 τῆς
1764 5086 1973 5156 δωρεᾶς

370 5169 482 5233 τῆς
505 5174 851 5241 ἐπουρανίου,
880 5174 973 5227 καὶ
1000 5175 1260 5243 μετόχους
1297 5176 1610 5246 Πνεύματος
1636 5179 1791 5247 ἁγίου
1815 5195 1974 5247 γενο-

381 5266 605 5332 μένους,
634 5267 727 5318 καὶ
768 5266 933 5319 καλὸν
961 5269 1340 5337 γευσαμένους
1369 5267 1504 5320 Θεοῦ
1537 5269 1712 5340 ῥῆμα,
1744 5290 1761 5322 ι
1790 5271 1884 5324 καὶ
1909 5271 1976 5324 τὰ

385 5355 542 5425 ἑξῆς.
575 5359 636 5410 Οί
660 5357 716 5410 δὲ
743 5358 990 5427 ἄγγελοι,
1009 5362 1191 5414 καὶτὰ
1213 5361 1350 5415 ἄλλα
1373 5363 1650 5432 κτίσματα
1680 5364 1978 5434 μετέΑοντά

387 5449 540 5502 ἐστιν
563 5452 726 5504 αὑτοῦ
757 5452 850 5505 τοῦ
876 5454 1194 5523 Πνεῦματος
1211 5470 1224 5484 ’
1259 5453 1348 5508 διὰ
1369 5454 1528 5510 τοῦτο
1550 5457 1657 5527 γὰρ
1679 5457 1852 5511 ταῦτα
1878 5457 1978 5527 μὲν

466 5609 481 5638 ¹
520 5606 691 5661 lCor.
751 5621 810 5667 ιι,
875 5605 960 5660 ii.
1049 5607 1068 5636 ’
1125 5601 1241 5657 Jac.
1287 5618 1324 5666 ι,
1373 5602 1461 5656 Π.

384 5693 516 5741 xxv,
544 5679 597 5732 5.
650 5677 670 5706 ⁸
707 5675 722 5726 |
755 5678 880 5728 L‘or.
913 5691 984 5737 vt,
1012 5676 1066 5729 5.
1142 5676 1163 5704 ⁹
1189 5674 1384 5727 Ezeeh.
1421 5688 1612 5736 xxvut,
1647 5675 1731 5725 12!.

398 5765 432 5813 ι,
484 5754 537 5802 b‘.
618 5748 660 5778 ”
691 5745 886 5800 Cenes.
923 5761 1108 5809 xxvnt,
1155 5744 1240 5797 12.
1321 5745 1362 5775 ³⁵
1390 5742 1554 5796 Hebr.
1588 5759 1657 5808 vt,
1684 5743 1735 5797 4.

1558 5601 1577 5632 ³
1609 5599 1754 5656 Psal.
1782 5617 1903 5663 ειν,
1947 5603 2036 5658 11.

1813 5673 1854 5703 ιο
1888 5674 1976 5728 ιὶεὕ

2060 5698 2311 5748 cxxxvnt,
2344 5682 2396 5734 Ἰ.
2440 5673 2508 5710 ’⁸³
2545 5679 2672 5748 Sap.
2711 5694 2805 5744 χιι,
2843 5679 2890 5731 Ι.
2954 5677 2992 5707 ¹²
3017 5678 3138 5737 Act,
3178 5689 3304 5740 xm,
3339 5674 3425 5728 ‘26.
3481 5673 3524 5702 ”
3551 5675 3652 5728 Jun

2052 4519 2290 4588 Spiritus
2334 4533 2436 4572 nec
2467 4533 2557 4573 res
2599 4516 2740 4572 facta
2792 4531 2896 4572 nec
2927 4519 3159 4589 angelus
3190 4520 3283 4585 sit,
3314 4519 3390 4572 uti
3423 4529 3638 4573 coxtten-

2058 4613 2187 4666 dere
2214 4611 2451 4677 audetis,
2483 4612 2579 4665 sed
2631 4610 2949 4678 angelorum
2984 4621 3177 4666 natura
3207 4613 3458 4679 superior
3501 4621 3648 4667 certe

2055 4703 2363 4758 censendus
2391 4712 2496 4758 est.
3205 4687 3208 4689 ’

2138 4795 2428 4851 Enimvero
2479 4811 2673 4850 rursus
2729 4811 2791 4850 ex
2846 4796 2932 4851 his
2968 4775 3090 4867 quae
3120 4795 3448 4864 subjicimus
3496 4797 3646 4850 Scli-

2071 4901 2241 4959 pturaa
2271 4889 2450 4945 verbis
2477 4890 2702 4945 evidens
2737 4889 2900 4945 luerit
2927 4890 3189 4961 Spiritum
3230 4901 3480 4947 sanctum
3513 4891 3647 4946 alios

2069 4987 2152 5038 sui
2200 4983 2494 5054 participes
2525 4981 2730 5049 facere,
2763 5000 2871 5039 non
2909 4999 3037 5040 vero
3074 4985 3388 5055 participem
3417 4986 3646 5040 aliorum

2070 5077 2182 5132 ﬁeri
2212 5082 2360 5148 (nam
2380 5076 2570 5133 eadem
2594 5087 2835 5148 repetere
2858 5094 2926 5134 ne
2964 5078 3037 5134 sit
3076 5079 3409 5150 molestum).
3429 5077 3647 5148 Nempe,

2073 5187 2090 5218 ι
2115 5169 2454 5240 impossibile
2485 5180 2567 5225 est
2593 5171 2736 5226 enim
2759 5185 2856 5226 eos
2883 5173 2975 5242 qui
2999 5172 3166 5227 semel
3185 5183 3315 5228 sunt
3338 5171 3647 5229 illuminali.

2073 5274 2434 5333 gustaverunt
2459 5263 2620 5319 etiam
2647 5265 2851 5319 donum
2878 5267 3100 5322 t'mlestc
3124 5275 3176 5322 et
3206 5267 3496 5335 participes
3522 5263 3646 5315 facti

2071 5355 2456 5425 suntSpiritus
2480 5358 2681 5421 sancti,
2702 5367 3168 5430 gustaveruntque
3191 5359 3394 5412 bonum
3419 5355 3507 5407 Dei
3534 5369 3649 5407 ver-

2070 5446 2271 5512 bum",
2287 5454 2594 5501 ietcmtera.
2609 5448 2858 5518 Atangeli
2878 5460 2930 5504 et
2947 5458 3154 5502 caetera:
3173 5462 3258 5500 res
3275 5451 3467 5499 creata:
3483 5442 3650 5512 ipsius

2112 5611 2132 5643 ⁸
2174 5611 2331 5664 Boni.
2371 5625 2452 5676 ιιι,
2500 5607 2590 5662 25.
2673 5608 2694 5640 ⁵
2728 5606 2851 5661 Jud.
2889 5609 2942 5663 6.
3040 5605 3184 5661 “Job
3213 5620 3285 5666 IV,
3330 5604 3414 5676 i8.
3552 5602 3652 5676 Joh
