4064 6392
350 282 480 346 "Ilii

1589 278 1975 342 EUTllYMIl
2015 278 2379 341 ZlGABENl

3527 281 3638 345 720

374 393 616 462 Spiritus
652 393 785 449 fiunt
816 394 1131 464 participes.
1187 392 1313 448 llaec
1358 391 1659 461 eninLipsa
1688 401 1773 446 est
1812 392 1946 445 ratio

2056 393 2347 447 ἐκπίπτειν
2390 390 2449 444 οὖ
2496 390 2757 462 μετέσχον
2801 388 3060 446 δύναταιο
3095 392 3155 445 τὸ
3204 393 3258 446 δὲ
3295 394 3516 465 Πνεῦμα
3546 398 3634 451 ἀεὶ

378 503 474 541 rur
502 488 664 542 ab-co
698 487 857 556 cujus
891 497 1021 542 sunt
1067 484 1362 555 participes
1413 484 1631 552 possint
1667 486 1940 540 excidere.

379 578 617 648 Spiritus
644 594 772 635 vero
803 581 942 634 idem
982 578 1220 648 profecto
1254 591 1471 647 semper
1505 585 1608 632 est.

905 670 991 725 Ea:
1027 671 1208 724 eadem
1235 679 1283 723 et
1308 669 1425 723 hoc.

453 764 668 828 Euntes,
703 764 910 832 inquit,
947 765 1126 816 docete
1165 778 1342 817 autne:
1378 773 1578 833 gentes,
1621 763 1952 833 baptizantes

375 874 462 910 eos
498 856 554 909 in
576 856 786 909 nomine
819 855 1019 915 Ratris.
1070 867 1119 909 et
1166 854 1318 919 Filii,
1372 866 1422 910 et
1469 855 1711 925 Spiritus
1752 858 1947 911 sancti.

376 945 619 1013 Apostoli
648 955 828 999 autem
861 946 1087 1014 profecti
1140 946 1219 1002 sic
1273 947 1598 1003 docuerunt.
1644 946 1711 1001 Et
1747 948 1859 1002 haec
1900 949 1951 1001 in

376 1054 591 1096 omnem
624 1051 848 1108 terram,
874 1058 992 1113 quae
1041 1043 1144 1097 sub
1170 1042 1311 1100 ctelo
1340 1052 1446 1108 est,
1494 1044 1835 1112 promulgata
1871 1052 1954 1097 est

378 1132 712 1202 praedicatio,
740 1134 929 1204 Itaque
960 1150 1085 1191 cuin
1116 1134 1237 1190 ﬁdei
1271 1136 1685 1191 fundamentum
1726 1136 1826 1190 hoc
1857 1136 1954 1191 ba-

378 1225 499 1278 bcat
529 1225 792 1292 Ecclesia,
818 1226 1004 1279 dicant
1049 1227 1207 1282 nobis
1250 1243 1465 1281 rursum
1509 1228 1635 1294 isti,
1671 1237 1834 1296 atque
1870 1242 1955 1281 re-

374 1319 700 1388 spondeant,
734 1320 898 1373 Estne
938 1317 1203 1385 Trinitas,
1226 1335 1292 1374 an
1321 1319 1590 1375 duaiitas?
1618 1321 1662 1375 si
1693 1319 1953 1384 dnalitas,

375 1426 497 1465 cum
528 1413 692 1467 rebus
721 1412 1024 1481 procreatis
1074 1414 1299 1481 spiritus
1331 1429 1360 1467 a
1406 1415 1558 1468 vobis
1613 1423 1949 1468 numeretur.

377 1506 476 1559 Sin
506 1505 748 1561 Trinitas
773 1517 878 1571 est,
907 1517 965 1561 nt
998 1522 1127 1562 vere
1155 1516 1239 1561 cst
1264 1548 1279 1571 ,
1314 1518 1589 1562 ostensum
1633 1518 1811 1562 autem
1847 1513 1947 1570 est,

366 1597 521 1651 hanc
564 1613 672 1652 non
718 1612 840 1654 esse
873 1600 1226 1663 distractam,
1260 1614 1436 1667 neque
1467 1598 1823 1663 dissimilem,
1860 1612 1957 1654 ne.

362 1702 533 1743 icesse
565 1700 669 1754 est,
716 1704 877 1744 unam
914 1691 1071 1759 hnjns
1113 1705 1237 1745 esse
1278 1692 1623 1746 sanctitatem
1649 1729 1665 1756 ,
1701 1701 1755 1744 et
1788 1704 1950 1744 unam

384 1779 546 1848 hujus
607 1781 966 1836 aeternitatem
992 1821 1008 1845 ,

370 1871 844 1937 Quemadmodum
901 1873 1048 1926 enim
1116 1873 1267 1936 ﬁdes,
1331 1889 1453 1942 qua:
1506 1875 1557 1927 in
1615 1873 1784 1941 ipsam
1842 1882 1953 1926 tra-

365 1963 543 2028 ditur,
604 1965 711 2019 Deo
764 1965 1063 2033 conjungit.
1118 1964 1220 2031 Qui
1268 1979 1396 2019 vero
1436 1964 1708 2019 subtrahit
1749 1964 1954 2034 aliquid

374 2072 406 2111 e
449 2055 738 2125 Trinitate,
797 2066 851 2112 et
905 2057 996 2126 qui
1050 2058 1100 2111 in
1161 2058 1277 2112 solo
1333 2058 1503 2125 patris
1557 2057 1798 2121 nomine,
1860 2063 1954 2108 aut

374 2152 431 2203 in
473 2149 590 2204 solo
648 2150 747 2205 ﬁlii
805 2152 1049 2215 nomine,
1098 2162 1191 2204 aut
1243 2153 1295 2204 in
1358 2152 1550 2220 patris,
1610 2161 1664 2203 et
1723 2148 1815 2202 ﬁlii
1858 2163 1954 2202 no-

362 2243 565 2310 mine,
632 2253 842 2300 remoto
906 2245 1095 2314 spiritu
1158 2246 1483 2315 baptizatur,
1548 2244 1679 2299 nihil
1730 2243 1948 2311 accipit.

368 2336 469 2390 sed
531 2337 709 2392 inanis
765 2346 822 2391 et
889 2330 1249 2407 imperfectus
1305 2345 1416 2391 tum
1492 2338 1628 2408 ipse,
1684 2345 1797 2391 tum
1856 2339 1952 2406 qui

370 2432 587 2485 videtur
650 2431 904 2495 tradere,
962 2439 1286 2499 permanet,
1338 2431 1611 2499 siquidem
1657 2432 1711 2485 in
1771 2427 1955 2484 Trini-

376 2529 486 2577 tate
537 2521 801 2591 perfectio
848 2534 951 2589 est,
988 2522 1062 2576 ita
1113 2522 1203 2592 qui
1244 2522 1436 2577 Filium
1474 2537 1503 2576 a
1559 2520 1718 2577 Patre
1771 2514 1952 2593 segre-

373 2624 651 2686 gat,-aut
696 2616 947 2685 spiritum
1000 2614 1231 2670 coliocat
1280 2616 1423 2669 inter
1472 2629 1561 2671 res
1613 2623 1950 2684 procreatas,

373 2723 421 2764 ts
452 2724 553 2764 nec
583 2709 773 2775 lilium,
802 2724 899 2763 nec
937 2719 1146 2779 patrem
1186 2707 1371 2770 habet.
1407 2711 1502 2763 sed
1532 2708 1731 2777 impius
1754 2717 1856 2772 est,
1900 2718 1954 2761 et

376 2799 577 2854 inﬁdeli
612 2801 868 2865 deterior,
905 2809 958 2853 et
992 2800 1209 2868 quidvis
1236 2800 1420 2868 potius
1447 2839 1461 2867 ,
1494 2813 1653 2867 quam
1689 2799 1953 2853 Christia-

372 2906 513 2954 nus,
560 2899 613 2946 et
662 2891 787 2960 jure
831 2891 885 2944 in
946 2892 1185 2961 quidem.
1240 2889 1397 2945 Sicut
1450 2892 1597 2945 enim
1654 2905 1819 2944 unum
1870 2900 1954 2945 est

372 2985 640 3052 baptisma
676 2987 729 3039 in
759 2986 948 3051 Patre,
985 2992 1039 3039 et
1078 2982 1236 3050 Filio,
1271 2993 1325 3039 ct
1357 2984 1560 3053 Spiritu
1593 2995 1783 3039 sancto
1836 2993 1950 3038 tra-

364 3076 568 3144 ditum,
623 3088 678 3131 et
712 3092 816 3131 una
847 3077 980 3134 ﬁdes
1004 3089 1087 3133 est
1125 3079 1178 3132 iu
1218 3080 1388 3147 ipsam
1426 3079 1683 3136 nimirum
1708 3080 1949 3134 Trinita-

380 3179 508 3232 tem,
539 3177 596 3223 ut
635 3173 713 3224 ait
744 3168 1181 3239 Apostolus',sio
1213 3184 1400 3226 sancta
1435 3172 1677 3229 Trinitas
1702 3188 1824 3244 quae
1859 3190 1951 3230 ea-

364 3262 485 3319 dem
508 3259 566 3316 in
591 3260 773 3331 seipsa
804 3269 976 3325 est,et
999 3276 1185 3317 secum
1215 3262 1331 3333 ipsa
1362 3265 1650 3333 conjuncta
1683 3274 1785 3323 est,
1808 3264 1944 3317 nihil

366 3352 421 3405 in
451 3365 511 3406 sc
538 3365 719 3405 rerum
749 3350 1014 3405 factarum
1045 3352 1237 3416 habet;
1276 3353 1501 3422 haecque
1520 3351 1804 3407 Trinitatis
1826 3355 1947 3408 uni-

360 3450 448 3497 tas
483 3440 759 3495 individua
785 3444 1192 3512 est,unaquein
1224 3444 1470 3498 eamdem
1492 3443 1624 3499 ﬁdes
1653 3453 1753 3497 est.
1787 3442 1943 3510 Quod

363 3534 410 3589 si
451 3534 527 3587 uti
560 3549 677 3599 vos,
706 3532 945 3603 Tropici,
989 3536 1281 3589 commenti
1317 3536 1470 3598 estis,
1510 3552 1614 3590 non
1664 3537 1735 3590 ita
1764 3552 1821 3590 se
1856 3550 1942 3590 res

362 3623 545 3687 habet,
564 3624 679 3688 sed,
709 3635 767 3678 ut
787 3626 1126 3690 somniastis,
1151 3625 1387 3697 Spiritus
1406 3637 1629 3684 sanctus
1662 3645 1747 3684 res
1762 3637 1941 3684 creata

362 3731 393 3770 a
415 3717 573 3773 vobis
612 3716 812 3773 dicitur
844 3719 996 3788 :jam
1030 3735 1136 3772 non
1176 3736 1282 3775 una
1310 3731 1393 3777 est
1433 3721 1565 3777 ﬁdes
1600 3732 1799 3783 vestra,
1834 3735 1940 3775 non

362 3824 531 3866 unum
572 3811 862 3880 baptisma,
893 3813 984 3866 sed
1021 3814 1167 3868 duo:
1199 3829 1368 3869 unum
1406 3816 1614 3870 scilicet
1645 3815 1696 3868 in
1728 3814 1940 3869 Patrem

360 3911 414 3955 et
440 3898 667 3959 Filium.
700 3904 846 3957 aliud
880 3905 933 3956 in
966 3906 1217 3975 angelum
1255 3906 1347 3976 qui
1385 3921 1473 3960 res
1497 3916 1674 3960 creata
1709 3916 1827 3970 est;
1858 3906 1941 3958 ni-

364 3992 550 4063 hilque
572 3994 684 4065 jam
725 3996 881 4051 vobis
920 3999 1135 4050 ﬁrmum
1157 4042 1173 4061 ,
1205 3998 1338 4051 nihil
1366 4013 1553 4051 verum
1587 3996 1940 4066 superfuerit.

359 4086 494 4153 Quae
534 4088 678 4140 enim
728 4089 1042 4141 communio
1084 4089 1223 4143 inter
1254 4103 1366 4143 rcm
1413 4087 1609 4143 factam
1637 4098 1689 4141 ct
1719 4087 1836 4155 ejus
1865 4087 1945 4141 ef-

358 4178 655 4234 fectorem?
702 4176 797 4232 Vel
861 4195 982 4246 quae
1035 4180 1265 4233 societas
1324 4180 1466 4231 inter
1516 4195 1600 4232 res
1654 4178 1943 4233 inferiores

356 4279 572 4324 creatas
602 4279 654 4323 ct
686 4267 922 4323 Verbum
957 4285 986 4323 a
1021 4285 1131 4339 quo
1154 4271 1427 4339 producta:
1452 4271 1614 4324 sunt?
1643 4270 1944 4326 Certe‘bea-

360 4371 449 4416 tus
482 4359 710 4428 Paulus,
746 4361 839 4430 qui
875 4360 976 4416 ista
1013 4361 1237 4416 minime
1263 4362 1568 4432 ignorabat,
1598 4376 1705 4416 non
1738 4372 1797 4417 ut
1825 4377 1941 4429 vos,

1979 3123 2024 3183 C

2057 485 2120 540 τὸ
2147 485 2280 539 αὑτό
2312 487 2474 539 ἐστιν.

2421 666 2525 721 Ἐκ
2567 667 2681 737 τῆς
2712 668 2903 736 αὐτῆς
2943 670 3039 722 καὶ
3081 669 3273 724 τοῦτο.

2135 760 2552 830 Πορευθέντες,
2615 762 2772 831 φησι,
2836 764 3258 831 μαθητεύσατε
3301 765 3501 820 πάντα
3564 767 3639 821 τὰ

2059 854 2229 922 ἔθνη,
2248 854 2643 919 βαπτίζοντες
2675 854 2896 920 αὐτοὺς
2924 857 3012 920 είς
3042 873 3110 919 τί)
3141 856 3329 924 ὄνομα
3378 857 3486 909 τοῦ
3517 862 3636 911 lla-

2060 963 2219 1015 τρθς,
2256 948 2352 1001 καί
2409 943 2517 1001 τοῦ
2566 947 2730 1012 Υίοῦ,
2770 948 2865 1001 καί
2896 948 3002 1002 τοῦ
3028 949 3203 1015 ἁγίου
3263 949 3631 1016 "religatae.

2061 1044 2121 1095 Oi
2151 1042 2207 1094 δὲ
2241 1041 2532 1095 ἀπόστολοι
2586 1042 2949 1112 πορευθέντες
2996 1041 3170 1102 οὕτως
3230 1042 3502 1108 ἐδίδαξαν,
3541 1045 3638 1095 καὶ

2058 1133 2216 1186 τοῦτό
2253 1135 2403 1187 ἐστιν
2429 1136 2506 1196 si;
2537 1135 2721 1187 πᾶσαν
2746 1135 2844 1204 τὴν
2866 1133 2959 1186 ὑπ’
2992 1134 3223 1204 οὐρανὶν
3252 1135 3313 1187 τὸ
3344 1135 3634 1205 κήρυγμα.

2061 1226 2272 1280 Οὐκοῦν
2294 1227 2484 1280 τοῦτον
2513 1228 2745 1298 ἐχούσης
2771 1228 2871 1297 τῆς
2906 1227 3234 1298 Ἐκκλησίας
3266 1228 3358 1282 τὸν
3383 1229 3637 1297 θεμέλιον

2058 1320 2156 1391 τῆς
2209 1321 2469 1384 πίστεως,
2514 1323 2825 1374 είπάτωσαν
2874 1322 3037 1375 πάλιν
3077 1323 3211 1389 ἡμῖν
3265 1323 3491 1387 ἐκεῖνοι,
3541 1324 3638 1374 καὶ

2059 1413 2572 1483 ἀποκρινάτθωσαν,
2609 1416 2777 1485 Τριάς
2806 1416 2975 1479 ἐστιν,
3023 1414 3055 1484 ἢ
3087 1414 3258 1481 δυάσς
3294 1414 3354 1467 Ei
3409 1416 3510 1485 μὲν
3540 1411 3637 1467 οὖν

2059 1508 2189 1567 δυάς
2222 1510 2358 1569 ἐστι,
2391 1508 2835 1578 συναριθμείσθω
2874 1507 3002 1577 παρ’
3036 1507 3192 1577 ὑμῶν
3219 1510 3331 1571 τοῖς
3365 1508 3636 1576 κτίσμασι

2059 1598 2122 1652 τὸ
2156 1597 2401 1668 Πνεῦμα.
2438 1598 2500 1651 Εἰ
2537 1598 2593 1651 δὲ
2623 1599 2791 1666 Τριάς
2829 1603 2996 1662 ἐστιν,
3029 1599 3218 1669 ὥσπερ
3243 1595 3338 1652 οὖν
3371 1604 3464 1652 καὶ
3495 1600 3631 1661 ἐστι,

2060 1691 2337 1744 δέδεικται
2395 1691 2451 1745 δὲ
2493 1693 2798 1763 ἀδιαίρετος
2852 1690 3012 1758 οὖσα,
3073 1694 3166 1747 καὶ
3196 1693 3296 1746 οὐκ
3355 1693 3633 1761 ἀνόμοιος,

1096 1782 1596 1851 immutabilemque
1676 1790 1946 1835 naturam.

2058 1782 2272 1852 ἀνάγκη
2307 1782 2435 1851 μίαν
2472 1778 2616 1835 εἶναι
2661 1784 2868 1855 ταύτης
2905 1785 3004 1853 τὴν
3032 1785 3323 1853 ἁγιότητα.
3361 1784 3457 1835 καὶ
3499 1784 3633 1853 μίαν

2057 1875 2262 1946 ταύτης
2290 1875 2388 1945 τὴν
2416 1876 2719 1945 ἁῖδιότητα,
2746 1878 2840 1929 καὶ
2870 1876 2969 1946 τὴν
3013 1877 3112 1946 τῆς
3146 1876 3414 1946 ἀτρεψίας
3443 1875 3631 1945 φύσιν.

2061 1968 2274 2041 Ὥσπερ
2304 1970 2467 2040 γὰρὴ
2504 1969 2588 2034 είς
2617 1968 2785 2039 αὐτὴν
2835 1969 3246 2039 παραδιδομένη
3289 1970 3473 2030 πίστις
3506 1984 3633 2020 συν-

2057 2063 2219 2114 άπτει
2248 2060 2389 2132 Θεῷ,
2423 2061 2452 2115 6
2480 2061 2537 2115 δὲ
2589 2060 2992 2131 ὑφαιρούμενός
3026 2079 3076 2115 τι
3114 2062 3214 2131 τῆς
3250 2060 3499 2130 Τριάδος,
3537 2059 3634 2111 καὶ

2058 2157 2114 2206 ἐν
2154 2153 2303 2222 μόνῳ
2349 2152 2428 2223 τῷ
2470 2151 2564 2205 τοῦ
2603 2153 2815 2223 Πατρδς
2857 2152 3088 2219 ὀνόματι
3140 2150 3562 2222 βαπτιζόμενος.
3596 2149 3629 2217 ἦ

2057 2247 2114 2299 ἐν
2153 2247 2301 2317 μόνῳ
2338 2248 2417 2317 τῷ
2449 2247 2675 2317 ὀνόματι
2723 2246 2815 2300 τοῦ
2854 2246 3009 2311 Υἰοῦ,
3057 2248 3092 2316 ἢ
3127 2246 3297 2315 χωρὶς
3327 2243 3423 2296 τοῦ
3457 2242 3632 2296 Ilvati-

2060 2356 2231 2410 ματος
2258 2342 2317 2393 ὲν
2366 2340 2567 2409 Πατρὶ,
2630 2340 2726 2393 καὶ
2772 2338 2910 2408 Υίῴ,
2952 2339 3108 2392 οὐδὲν
3163 2337 3454 2407 λαμϐάνει,
3493 2337 3632 2389 ἀλλὰ

2059 2433 2233 2497 κενὸς,
2272 2433 2368 2487 καὶ
2408 2432 2605 2504 ἀτελὴς
2657 2431 2821 2495 αὐτός
2854 2450 2935 2496 τε,
2991 2432 3086 2485 καὶ
3122 2432 3150 2484 6
3194 2429 3371 2484 δοκῶν
3426 2428 3634 2483 διδόναι

2053 2524 2324 2595 διαμένει.
2380 2526 2467 2579 Ἐν
2490 2528 2556 2596 τῇ
2606 2525 2798 2596 Τριάδι
2834 2524 2942 2595 γὰρ
2970 2522 3287 2595 ήτελείωσίς
3320 2523 3469 2573 ἐστιν
3491 2536 3504 2550 ·
3533 2518 3631 2572 οὖ-

2053 2635 2164 2681 τως
2222 2619 2251 2671 6
2307 2617 2533 2688 διαιρῶν
2592 2619 2684 2671 τὸν
2735 2617 2861 2671 Υίδν
2907 2616 3017 2670 ἀπὸ
3049 2614 3142 2669 τοῦ
3192 2612 3433 2687 Πατρὺς,
3491 2615 3523 2681 ἢ
3569 2615 3634 2665 τὸ

2056 2707 2283 2777 Πνεῦμα
2316 2709 2573 2776 κατάγων
2606 2708 2687 2771 είς
2741 2708 2809 2761 τὰ
2859 2709 3156 2778 κτίσμχτα,
3191 2704 3317 2758 οὔτε
3376 2707 3468 2758 τὸν
3502 2703 3632 2756 Υἱὸν

2053 2800 2192 2870 ἔχει,
2227 2798 2351 2854 οὔτε
2380 2801 2474 2853 τὸν
2505 2802 2745 2870 Πατέρα,
2802 2801 2916 2853 ἀλλ’
2949 2801 3094 2853 ἐστιν
3127 2798 3309 2863 ἄθεος,
3363 2797 3459 2850 καὶ
3500 2796 3635 2849 ἀπί-

2056 2907 2183 2944 στου
2212 2894 2428 2961 χείρων,
2459 2896 2553 2946 καί
2601 2893 2779 2946 πάντα
2809 2890 3033 2962 μᾶλλον,
3065 2890 3099 2960 ἢ
3146 2888 3503 2961 Χρικτιανδς,
3536 2888 3635 2940 καὶ

2052 2984 2277 3048 δικαίως
2309 3002 2391 3039 τε.
2432 2985 2703 3056 Καθάπερ
2733 2985 2843 3056 γὰρ
2889 2986 2949 3039 ἓν
2986 2985 3106 3037 ἐστι
3158 2982 3219 3035 τὸ
3253 2982 3540 3052 βάπτισμα
3571 2983 3633 3033 ίν

2058 3080 2235 3149 Πατρὶ
2270 3081 2363 3134 καὶ
2405 3068 2640 3150 Υίῷ“καὶ
2678 3078 2959 3149 Πνιύματι
3019 3077 3162 3145 ἁγίῳ
3199 3077 3500 3145 διδόμενον,
3534 3077 3633 3128 καὶ

2067 3174 2164 3241 μία
2198 3174 2380 3236 πίστις
2413 3173 2563 3227 ἐστιν
2599 3173 2680 3238 είς
2708 3171 2905 3244 αὐτὴν,
2936 3175 3011 3235 ὡς
3039 3168 3195 3226 εἶπεν
3224 3171 3254 3224 6
3285 3168 3630 3231 ’Δπόστο).ος,

2048 3263 2220 3327 οὕτως
2256 3266 2286 3333 ἡ
2325 3264 2454 3331 ἁγία
2486 3262 2677 3334 Τριὰς,
2727 3264 2761 3333 ἡ
2819 3262 2957 3333 αὑτὴ
3008 3258 3143 3317 οὖσα
3172 3264 3339 3332 ἑαυτῇ
3382 3295 3398 3319 .
3549 3261 3643 3314 καὶ

2049 3355 2298 3425 ἡνωμένη
2325 3354 2460 3424 πρὸς
2480 3355 2703 3425 ἑαυτὴν,
2730 3354 2883 3407 οὐδὲν
2923 3353 3034 3423 ἔχει
3059 3355 3113 3406 ὲν
3144 3354 3308 3422 ἑαυτῇ
3341 3351 3448 3404 τῶν
3476 3368 3644 3421 γενη-

2045 3446 2170 3498 τῶν·
2206 3446 2299 3498 καὶ
2328 3444 2465 3516 αὕτη
2495 3445 2591 3516 τῆς
2625 3444 2911 3516 Τριαδοςὴ
2950 3442 3252 3513 ἀδιαίρετος
3406 3438 3591 3504 ἑνότης
3621 3483 3637 3505 ,

2046 3537 2138 3589 καὶ
2165 3537 2261 3605 μία
2292 3539 2322 3607 ἡ
2358 3538 2437 3599 είς
2463 3536 2665 3607 ταύτην
2695 3536 2879 3599 πίστις
2916 3536 3083 3588 ἐστίν.
3145 3535 3205 3607 Et
3234 3533 3293 3587 δὲ
3339 3534 3482 3587 κατὰ
3534 3535 3639 3602 τὴν

2044 3627 2199 3698 ὑμῶν
2242 3628 2350 3681 τῶν
2391 3628 2676 3699 Τροπικῶν
2708 3627 3056 3698 ἐπεξεύρεσιν
3104 3628 3203 3697 οὐχ
3262 3624 3437 3690 οὕτως
3466 3626 3637 3689 ἐστὶν,

2043 3719 2156 3771 ἀλλ’
2188 3719 2579 3791 ὲνυπνιάσθητε
2607 3720 2812 3789 κτίσμα
3002 3719 3183 3787 λέγειν
3215 3719 3275 3771 τὸ
3309 3716 3539 3789 Πνεῦμα
3577 3718 3641 3771 τὸ

2045 3813 2217 3881 ἆγιον’
2247 3814 2428 3866 οὐκέτι
2466 3814 2564 3884 μία
2618 3814 2802 3876 πίστις
2850 3813 2997 3867 ἐστὶν
3055 3812 3232 3882 ὑμῶν,
3276 3810 3399 3864 οὐδὲ
3434 3811 3493 3865 ἓν
3537 3809 3657 3879 βάέ

2045 3922 2279 3974 πτισμα,
2304 3904 2441 3959 ἀλλὰ
2477 3905 2589 3959 δύο·
2616 3905 2673 3957 ἓν
2710 3905 2811 3975 μὲν
2846 3906 2925 3967 εἰς
2961 3903 3180 3973 Πατέρα
3220 3903 3314 3956 καὶ
3340 3902 3487 3955 Υἱόν·
3518 3901 3636 3953 ἓτε-

2047 4012 2139 4065 ρον
2177 3995 2233 4048 δὲ
2266 3997 2343 4059 εἰς
2403 3996 2631 4063 ἄγγελον
2697 3996 2902 4065 κτίσμα
2945 3994 3096 4047 ὄντα·
3141 3994 3235 4047 καὶ
3276 3994 3427 4047 οὐδὲν
3450 3990 3631 4044 λοιπὸν

2046 4087 2201 4155 ὑμῶν
2230 4088 2473 4157 ἀσφαλὲς
2507 4087 2628 4141 οὐδὲ
2680 4086 2897 4157 ἀληθές.
2929 4086 3067 4146 Ποία
3120 4086 3228 4156 γὰρ
3267 4083 3514 4137 κοινωνία
3536 4096 3628 4147 γε·

2045 4176 2191 4246 νητῷ
2230 4177 2324 4229 καὶ
2378 4176 2731 4247 δημιουργῷς
2776 4177 2848 4229 Ἦ
2917 4176 3046 4228 ποία
3118 4174 3307 4244 ἑνότης
3343 4174 3451 4234 τοῖς
3480 4171 3636 4223 κάτω

2046 4270 2308 4339 κτίσμασι
2390 4269 2483 4321 καὶ
2543 4268 2623 4337 τῷ
2680 4268 2854 4323 ταῦτα
2910 4267 3380 4338 δημιουργήσαντι
3444 4263 3636 4331 Λόγῳ;

2044 4358 2214 4412 Τοῦτο
2244 4359 2398 4423 εἰδὼς
2446 4362 2474 4413 6
2540 4360 2811 4430 μακάριος
2868 4358 3116 4422 Παῦλος,
3168 4360 3231 4412 οὐ
3294 4357 3491 4427 διαιρεῖ
3538 4355 3639 4424 τὴν

358 4452 679 4507 Trinitatem
713 4451 926 4518 dividit,
955 4451 1049 4506 sed
1073 4451 1192 4521 ejus
1224 4452 1485 4507 unitatem
1518 4454 1820 4510 luculenter
1847 4456 1944 4508 do-

2050 4451 2272 4522 Τριάδα,
2300 4451 2489 4522 ὥσπερ
2520 4453 2698 4522 ὑμεῖς,
2730 4449 2865 4504 ἀλλὰ
2912 4449 3012 4520 τὴν
3061 4450 3291 4519 ἑνότητα
3329 4448 3533 4518 ταύτης
3562 4446 3642 4499 δι-

356 4553 437 4598 cet
462 4560 586 4599 cum
616 4544 683 4598 de
717 4544 1097 4613 spiritualibus
1128 4543 1291 4598 rebus
1319 4545 1383 4597 ad
1416 4543 1727 4600 Corinthios
1753 4546 1942 4600 scribit

356 4644 410 4691 et
443 4635 627 4691 omnia
659 4635 725 4689 ad
761 4651 928 4690 unum
957 4633 1124 4688 Deum
1150 4633 1365 4689 Patrem
1395 4646 1651 4705 tanquam
1683 4636 1746 4689 ad
1780 4646 1941 4705 caput

359 4730 461 4783 hoc
489 4737 649 4798 pacto
671 4727 882 4783 reducit
908 4747 920 4782 :
954 4749 971 4779 ι
995 4727 1296 4783 Divisiones
1320 4744 1449 4782 vero
1475 4729 1771 4799 gratiarum
1792 4739 1937 4791 sunt,

354 4821 497 4874 ilem
521 4830 703 4874 autem
739 4819 973 4888 Spiritus
1007 4837 1021 4872 :
1062 4828 1116 4873 ct
1144 4814 1938 4873 divisionesministrationum

355 4920 506 4980 sunt,
535 4912 673 4966 idem
703 4920 884 4966 autem
911 4911 1172 4966 Dominus
1206 4929 1217 4963 :
1255 4922 1307 4965 et
1342 4912 1637 4966 divisiones
1670 4913 1937 4981 operatio-

353 5019 486 5059 num
530 5012 675 5067 sunt,
705 5003 843 5056 idem
876 5019 1009 5057 vero
1040 5003 1202 5066 Deus.
1237 5005 1326 5072 qui
1375 5015 1633 5071 operatur
1666 5004 1849 5057 omnia
1887 5004 1937 5055 in

354 5093 613 5148 omnibus
662 5098 704 5147 ¹.
741 5112 758 5143 ι
783 5092 914 5158 Qua:
937 5095 1081 5148 enim
1116 5094 1354 5166 Spiritus
1386 5097 1617 5165 singulis
1641 5095 1937 5156 distribuit,

353 5199 415 5237 ea
441 5198 471 5237 a
496 5180 653 5236 Patre
685 5197 777 5252 per
808 5181 1042 5237 Verbum
1072 5184 1287 5238 dantur.
1322 5185 1451 5239 Nam
1486 5185 1668 5239 omnia
1700 5199 1822 5252 qum
1841 5183 1938 5238 Pa-

355 5277 455 5332 tris
480 5285 628 5339 sunt,
654 5286 782 5356 sunt
830 5276 956 5329 item
996 5274 1118 5330 Filii
1151 5296 1162 5331 :
1207 5276 1348 5329 unde
1388 5292 1449 5330 ea
1483 5291 1604 5344 qnze
1635 5292 1664 5329 a
1695 5272 1835 5328 Filio
1884 5275 1936 5327 in

355 5370 560 5439 Spiritu
596 5370 815 5433 dantur,
850 5384 973 5423 vera
1006 5377 1132 5423 sunt
1164 5367 1344 5421 Patris
1384 5381 1633 5420 munera.
1674 5365 1939 5419 Similiter

355 5478 476 5515 (um
510 5461 752 5532 Spiritus
783 5463 833 5516 in
871 5462 1026 5516 nobis
1057 5470 1160 5527 est,
1194 5461 1451 5521 Verbum,
1483 5475 1511 5512 a
1539 5473 1646 5527 quo
1673 5458 1822 5511 illum
1848 5473 1937 5513 ac-

441 5673 456 5703 ¹
505 5675 700 5740 Ephes.
738 5694 809 5741 tr,
850 5678 903 5731 5.
936 5688 949 5701 ’
983 5682 1001 5709 ²
1035 5679 1050 5732 ι
1080 5678 1206 5735 Cor.
1250 5696 1347 5747 xu,
1376 5682 1489 5736 4-6.

2044 4544 2257 4597 δάσκιον
2287 4543 2491 4615 ἔγραψε
2536 4540 2838 4613 Κορινθίοις
2895 4541 3023 4612 περὶ
3069 4540 3176 4593 τῶν
3227 4536 3639 4609 πνευματικῶν,

2044 4639 2137 4689 καὶ
2174 4637 2240 4689 τὰ
2282 4636 2456 4689 πάντα
2490 4637 2569 4697 εἰς
2597 4634 2694 4687 ἕνα
2717 4634 2847 4687 Θεὸν
2870 4634 2962 4687 τὸν
2986 4632 3206 4704 Πατέρα
3239 4630 3641 4699 ἀνακεφαλαιοῖ

2042 4729 2238 4797 λέγων’
2268 4747 2285 4778 ι
2328 4725 2632 4798 Διαιρέσεις
2662 4726 2716 4778 δὲ
2757 4725 3116 4795 χαρισμάτων
3150 4723 3275 4784 εἰσὶ,
3308 4721 3369 4773 τὸ
3397 4721 3452 4774 δὲ
3508 4719 3643 4772 αὐτδ

2042 4817 2287 4887 Πνεῦμα·
2321 4817 2416 4869 καὶ
2454 4816 2747 4885 διαιρέσεις
2786 4816 3071 4870 διακονιῶν
3135 4816 3293 4875 εἰσιν,
3319 4815 3346 4865 6
3381 4813 3437 4865 δὲ
3472 4811 3641 4874 αὐτὸς

2041 4910 2245 4978 Κύριος
2297 4926 2310 4940 '
2447 4910 2540 4960 καὶ
2590 4909 2884 4980 διαιρέσεις
2921 4904 3489 4979 ἐνεργημάτωνεῐσὶν,
3524 4906 3551 4956 ὁ
3583 4905 3639 4957 δὲ

2040 5001 2201 5063 αὐτὸς
2231 5000 2363 5064 Θεὸς
2388 5002 2416 5052 6
2442 5000 2677 5071 ἐνεργῶν
2718 5000 2785 5053 τὰ
2829 5001 3006 5053 πάντα
3037 5002 3093 5052 ὲν
3159 5000 3340 5051 πᾶσιν.
3369 5016 3386 5048 ι
3430 4999 3496 5050 *Α
3529 4996 3640 5069 γὰρ

2039 5093 2099 5144 τὸ
2133 5092 2352 5163 Πνεῦμα
2380 5092 2593 5164 ἑκάστῳ
2621 5094 2836 5164 διαιρεῖ,
2871 5093 3043 5147 ταῦτα
3096 5092 3248 5163 παρὰ
3276 5091 3371 5144 τοῦ
3421 5092 3640 5162 Πατρδς

2039 5183 2128 5238 διὰ
2156 5183 2248 5238 τοῦ
2277 5185 2451 5255 Λόγου
2481 5188 2819 5257 χορηγείται.
2854 5186 3041 5245 Πάντα
3096 5185 3204 5257 γὰρ
3251 5184 3318 5236 τὰ
3372 5182 3468 5236 τοῦ
3524 5184 3639 5237 Πα-

2037 5277 2187 5346 τρὸς,
2224 5277 2317 5330 τοῦ
2352 5278 2481 5332 Υίοῦ
2521 5279 2658 5331 ἐστι·
2688 5278 2768 5331 διὸ
2802 5278 2896 5330 καὶ
2949 5278 3017 5331 τὰ
3050 5279 3200 5349 παρὰ
3250 5278 3343 5334 τοῦ
3404 5277 3535 5331 Υἱοῦ
3580 5278 3638 5330 ἐν

2038 5370 2316 5438 Πνεύματι
2340 5370 2595 5441 διδόμενα
2622 5371 2716 5424 τοῦ
2759 5370 2973 5439 Πατρός
2996 5372 3111 5424 ἐστι
3157 5374 3493 5446 χαρίσματα.
3527 5370 3637 5423 Καὶ

2036 5460 2130 5513 τοῦ
2160 5462 2476 5532 Πνεύματοτ·
2512 5462 2568 5515 δὲ
2595 5462 2746 5521 ίίντος
2778 5462 2834 5517 ὲν
2856 5463 3009 5531 ἡμῖν,
3043 5465 3135 5527 καὶ
3154 5465 3182 5517 6
3225 5467 3394 5536 Λόγος
3424 5469 3451 5521 ό
3480 5463 3639 5520 τοῦτο
