4064 6386
365 377 462 440 721

1305 367 1676 429 PANOPLIA
1723 367 2180 428 DOGi‘dATlCA.
2212 394 2278 405 —
2303 366 2448 431 TIT.
2489 366 2622 432 ΧΠ.

3516 365 3630 428 7.2"

365 490 538 553 διδούς
583 490 737 542 ἐστιν
792 486 851 539 ἐν
919 486 1072 555 ἡμῖν,
1129 481 1224 536 καὶ
1277 483 1335 534 ὲν
1380 481 1458 552 τῷ
1514 485 1672 552 Λόγῳ
1727 482 1872 536 ἐστὶν
1916 483 1943 534 0

2070 489 2290 558 ipimus,
2317 487 2369 540 in
2405 486 2563 540 nobis
2585 484 2747 538 etiam
2775 491 2877 546 est,
2907 490 2968 535 et—
2996 481 3049 534 in
3084 479 3262 534 Verbo
3289 485 3371 534 est
3401 493 3622 548 quoque

366 576 573 644 Πατήρο
606 573 701 626 καὶ
734 569 906 633 οὕτως
932 569 1048 622 ἐστὶ
1080 567 1162 633 τὸ,
1227 586 1246 620 ι
1300 568 1664 638 Ἐλευσόμεθα
1703 568 1816 637 ὲγὼ
1864 568 1959 622 καὶ

366 673 393 722 0
424 666 630 737 Πατὴρ,
667 664 759 718 mi.
795 661 960 734 μονὴν
988 660 1117 732 παρ’
1146 658 1297 729 αὐτῷ
1318 661 1671 731 ποιήσομεν,›
1707 659 1962 730 καθάπερ

369 760 604 831 εἴρηται.
643 755 811 809 Ἔνθα
838 755 948 827 γὰρ
999 754 1060 808 τὸ
1106 755 1242 824 φῶς,
1270 755 1386 806 ἐκεῖ
1413 754 1506 806 καὶ
1682 751 1744 806 τὸ
1782 751 1960 806 ἀπαύ-

367 866 573 919 γασμα·
631 848 724 901 καὶ
764 845 894 900 ἔνθα
919 846 981 898 τὸ
1012 846 1376 914 ἀπαύγασμα,
1419 845 1536 896 ἐκεῖ
1583 842 1677 896 καὶ
1710 844 1744 911 ή
1769 841 1959 895 τούτου

371 942 620 1012 ἐνέργεια
654 940 750 993 καὶ
780 937 1068 1008 αὐγοειδὴς
1095 935 1276 1008 χάρις.
1331 935 1443 988 Καὶ
1493 934 1654 988 τοῦτο
1691 933 1852 988 πάλιν
1879 935 1959 988 δι-

370 1036 586 1088 δάσκων
619 1035 647 1085 0
678 1030 890 1094 Παῦλος
920 1029 1158 1102 ἔγραφεν
1189 1023 1345 1093 αὖθις
1525 1027 1834 1098 Κορινθίοις
1870 1029 1962 1082 καὶ

371 1129 428 1178 ἐν
449 1129 514 1198 τῇ
537 1125 766 1196 δευτέρᾳ
791 1123 1080 1194 Ἐπιστολῇ
1127 1121 1321 1192 λέγων·
1362 1139 1380 1172 ι
1433 1121 1498 1174 Ἥ
1529 1124 1688 1192 χάρις
1726 1119 1819 1174 τοῦ
1847 1122 1962 1174 Κυ-

374 1220 491 1290 ρίου
522 1218 678 1289 ἡμῶν
715 1215 889 1287 Ἰησοῦ
943 1214 1204 1287 Χριστοῦ,
1257 1213 1407 1285 καὶή
1447 1215 1634 1285 ἀγάπη
1682 1214 1774 1267 τοῦ
1802 1214 1960 1281 Θεοῦ,

373 1313 522 1382 καὶὴ
553 1310 806 1363 κοινωνία
828 1308 922 1362 τοῦ
969 1307 1125 1377 ἁγίου
1172 1308 1512 1378 Πνεῦματος,
1552 1305 1692 1378 μετὰ
1746 1307 1963 1362 πάντων

376 1404 582 1475 ὑμῶν.»
627 1403 690 1454 Ἦ
725 1401 834 1470 γὰρ
871 1401 1128 1472 διδομένη
1153 1398 1314 1470 χάρις
1346 1397 1441 1451 καὶ
1480 1396 1660 1467 δωρεὰ
1691 1398 1750 1450 ὲν
1773 1396 1963 1468 Τριάδι

373 1499 570 1552 δίδοται
605 1496 756 1568 παρὰ
781 1496 876 1550 τοῦ
905 1495 1118 1566 Πατρδς
1141 1495 1206 1548 δι’
1224 1492 1357 1548 Υίοῦ
1394 1495 1452 1547 ἐν
1483 1491 1764 1564 Πνεῦματι
1797 1493 1960 1563 ἁγίῳ.

380 1592 587 1662 Ὠσπερ
618 1589 727 1661 γὰρ
751 1591 814 1642 ἐκ
841 1589 935 1642 τοῦ
982 1589 1193 1660 Πατρός
1252 1589 1368 1640 ἐστι
1409 1586 1476 1640 δι’
1513 1585 1642 1640 Υίοῦ
1823 1588 1856 1655 ἡ
1889 1585 1962 1640 δι-

377 1682 575 1752 δομένη
605 1681 788 1752 χάρις,
837 1678 1009 1742 οὕτως
1061 1679 1161 1732 οὐκ
1193 1678 1260 1733 ἂν
1303 1677 1514 1746 γένοιτο
1563 1675 1819 1731 κοινωνία
1867 1675 1966 1746 τῆς

2036 580 2213 643 Pater,
2240 589 2402 650 atque
2437 580 2509 633 ita
2545 578 2602 632 ﬁt
2634 577 2816 631 istud:
2857 594 2874 626 ι
2901 573 3195 629 Veniemus
3223 587 3324 642 ego
3362 580 3414 625 et
3440 569 3620 630 Pater.

2036 680 2086 726 et
2123 671 2460 725 mansionem
2493 668 2634 738 apud
2678 683 2802 722 eum
2848 665 3115 721 faciemus
3154 675 3199 727 ι,
3231 684 3249 715 ›
3297 663 3373 718 uti
3401 662 3514 732 jam
3541 662 3624 712 di-

2036 773 2180 818 ctum
2215 771 2315 817 est.
2350 760 2449 816 Ubi
2480 761 2626 816 enim
2666 761 2755 814 lux
2785 767 2888 818 est.
2909 759 3020 812 illic
3043 766 3094 812 et
3119 758 3380 826 splendor
3402 771 3624 826 quoque

2035 865 2156 909 est:
2193 855 2281 909 ubi
2310 855 2437 908 item
2476 853 2732 923 splendor
2766 862 2869 917 est,
2902 852 2972 906 ibi
3011 851 3265 906 similiter
3287 859 3339 904 et
3363 849 3483 919 ejus
3511 848 3623 901 elli-

2035 946 2234 1001 cientia
2264 954 2316 999 et
2342 944 2621 1014 splendida
2651 953 2733 997 est
2764 942 2958 1012 gratia.
2988 940 3144 1007 Quod
3176 941 3316 994 idem
3343 938 3547 993 Paulus
3568 939 3621 991 in

2037 1035 2278 1092 secunda
2310 1033 2547 1105 Epistula
2592 1033 2657 1088 ad
2689 1031 3007 1088 Corinthios
3064 1031 3150 1086 his
3200 1030 3379 1086 verbis
3428 1029 3619 1084 docet:

2044 1147 2063 1180 ι
2083 1127 2268 1184 Gratia
2288 1126 2502 1180 Domini
2522 1125 2695 1181 nostri
2711 1124 2842 1180 Jesu
2863 1123 3088 1187 Christi,
3105 1133 3160 1178 et
3177 1123 3418 1178 charitas
3438 1121 3551 1188 Dei,
3571 1130 3632 1177 et.

2040 1219 2468 1275 communicatio
2502 1218 2675 1273 sancti
2709 1215 2946 1286 Spiritus
2973 1215 3044 1270 sit
3083 1231 3204 1269 eum
3239 1214 3497 1269 ontnibus
3527 1208 3623 1268 v03-

2039 1312 2125 1367 bis
2167 1314 2208 1364 '.
2246 1329 2264 1362 ι
2290 1309 2474 1364 Gratia
2687 1307 2833 1362 enim
2859 1318 2911 1362 et
2938 1308 3140 1361 donum
3175 1307 3319 1376 quod
3351 1306 3405 1360 in
3440 1305 3623 1360 Triui-

2040 1411 2151 1457 tate
2179 1403 2359 1464 datur,
2394 1402 2555 1455 datur
2585 1417 2613 1454 a
2641 1398 2804 1454 Patre
2830 1414 2926 1469 per
2957 1397 3156 1452 Filium
3187 1399 3237 1451 in
3269 1396 3476 1467 Spiritu
3506 1413 3628 1453 san-

2041 1504 2150 1550 cto.
2186 1496 2324 1549 Nam
2353 1492 2815 1563 quemadmodum
2847 1508 2911 1547 ex
2939 1489 3101 1546 Patre
3127 1507 3222 1561 per
3249 1489 3446 1544 Filium
3466 1491 3639 1545 datur

2043 1590 2240 1660 gratia,
2269 1588 2341 1642 ita
2379 1588 2433 1641 in
2471 1587 2630 1642 nobis
2656 1585 2771 1640 ﬁeri
2802 1600 2909 1639 non
2942 1591 3123 1654 potest
3157 1583 3285 1637 doni
3315 1582 3627 1636 communi-

2023 1683 2188 1738 .catio
2217 1682 2319 1737 nisi
2347 1683 2398 1735 in
2430 1680 2634 1750 Spiritu
2661 1688 2870 1735 saneto.
2904 1677 3080 1747 Hujus
3109 1676 3378 1746 siquidem
3407 1673 3629 1745 partici-

377 1774 578 1834 δόσεως
611 1773 669 1824 ὲν
701 1773 854 1842 ἡμῖν,
904 1772 951 1823 εί
1010 1770 1084 1840 μὴ
1143 1771 1199 1822 ὲν
1242 1769 1320 1840 τῷ
1350 1765 1627 1838 Πνεύματι
1679 1765 1754 1836 τῷ
1803 1766 1962 1837 ἁγίῳ.

2065 1792 2138 1830 )CS
2171 1772 2562 1841 eiii-eti,Patris
2593 1773 2938 1838 charitatem,
2965 1771 3087 1825 Filii
3122 1771 3352 1842 gratiam
3379 1778 3430 1824 et
3457 1769 3632 1838 ipsius

380 1864 580 1917 Τούτου
642 1862 751 1933 γὰρ
802 1862 1142 1933 μετέχοντες,
1197 1860 1392 1932 ἔχομεν
1448 1859 1541 1914 τοῦ
1598 1859 1813 1930 Πατρὺς
1866 1857 1965 1928 τὴν

379 1954 623 2024 ἀγάπην,
675 1953 898 2007 καὶτοῦ
954 1953 1086 2010 Υίοῦ
1135 1953 1234 2024 τὴν
1291 1953 1473 2025 χάριν,
1532 1951 1625 2005 καὶ
1675 1950 1840 2004 αὑτοῦ
1868 1947 1963 2004 τοῦ

379 2046 692 2118 Πνεῦματος
723 2044 822 2117 τὴν
859 2046 1162 2100 κοινωνίαν.

571 2139 684 2193 Μία
715 2140 823 2211 ἄρα
862 2140 954 2193 καὶ
987 2140 1051 2191 ἐκ
1079 2139 1284 2192 τούτων
1327 2141 1359 2210 ἡ
1408 2141 1506 2210 τῆς
1539 2138 1770 2209 Τριάδος
1816 2137 1965 2208 ἐνέρ-

380 2249 504 2300 γεια
526 2230 817 2285 δείκνυται.
850 2231 924 2284 Οὐ
951 2231 1060 2302 γὰρ
1085 2231 1159 2295 ὡς
1187 2230 1317 2302 παρ’
1349 2230 1579 2284 ἑκάστου
1605 2230 1840 2300 διάφορα
1870 2227 1964 2283 καὶ

380 2323 686 2394 διῃρημένα
714 2323 781 2376 τὰ
811 2323 1063 2394 διδόμενα
1095 2323 1352 2394 σημαίνει
1379 2323 1406 2375 0
1461 2322 1781 2386 ’Λπόστολος
1804 2339 1816 2350 ·
1849 2322 1958 2375 ἀλλ’

367 2418 451 2469 ὅτι
477 2413 549 2466 τὰ
568 2410 818 2480 διδόμενα
985 2409 1039 2459 ὲν
1065 2406 1257 2478 Τριάδι
1283 2406 1506 2471 δίδοται,
1540 2407 1635 2459 καὶ
1670 2405 1738 2459 τὰ
1779 2406 1959 2459 πάντα

372 2503 440 2569 ἐξ,
463 2503 579 2566 ἑνὸς
601 2499 734 2553 Θεοῦ
765 2502 900 2553 ἐστι.
934 2497 1007 2552 Τὸ
1029 2498 1207 2551 τοίνυν
1233 2498 1306 2569 μὴ
1335 2497 1396 2552 ὃν
1419 2497 1647 2568 κτίσμα,
1685 2497 1800 2551 ἀλλ’
1823 2500 1965 2569 ἡνω-

376 2597 536 2668 μένον
563 2595 642 2664 τῷ
678 2593 808 2663 Υἱῷ,
843 2593 917 2656 ὼς
943 2593 971 2644 0
1003 2593 1128 2654 Υἱὸς
1167 2592 1375 2662 ἥνωται
1412 2590 1490 2662 τῷ
1519 2592 1714 2660 Πατρὶ,
1747 2590 1807 2643 τὸ
1837 2607 1962 2643 συν-

373 2687 726 2757 δοξαζόμενον
761 2687 937 2757 Πατρὶ
965 2684 1060 2737 καὶ
1093 2683 1228 2754 Υίῷ,
1249 2686 1341 2736 καὶ
1367 2682 1620 2751 θεολογού
1630 2700 1788 2753 μενον
1830 2685 1967 2753 μετὰ

373 2778 467 2832 τοῦ
503 2778 694 2847 Λόγου,
724 2777 977 2848 ἐνεργοῦν
1000 2795 1058 2830 τε
1086 2777 1230 2849 ἅπερ
1271 2779 1300 2830 ὀ
1335 2778 1523 2849 Πατὴρ
1566 2775 1653 2828 διὰ
1708 2774 1802 2828 τοῦ
1835 2773 1965 2827 Υἱοῦ

376 2869 691 2940 ἐργάζεται,
717 2868 832 2931 πῶς
865 2870 892 2919 ὁ
921 2868 1097 2938 λέγων
1121 2869 1327 2938 κτίσμα
1355 2869 1454 2921 οὐκ
1479 2867 1740 2939 ἄντικρυς
1771 2869 1849 2929 εἰς
1873 2867 1969 2918 αὺ-

374 2961 464 3014 τὸν
498 2961 592 3014 τὸν
623 2961 750 3014 Υίὺν
779 2961 1000 3026 ἀσεόεἴ;
1026 2959 1195 3013 Οὐδὲν
1228 2959 1338 3031 γάρ
1386 2961 1534 3013 ἐστιν
1567 2959 1595 3011 ὃ
1642 2959 1716 3030 μὴ
1746 2959 1834 3011 διὰ
1873 2955 1966 3011 τοῦ

376 3055 551 3122 Λόγου
584 3054 640 3106 ὲν
661 3051 738 3122 τῷ
763 3052 1042 3124 Πνεῦματι
1069 3053 1279 3120 γίνεται
1307 3052 1402 3104 καὶ
1434 3053 1763 3122 ἐνεργεῖται.
1797 3049 1970 3102 Τοῦτο

2047 1867 2284 1937 Spiritus
2315 1864 2867 1920 communicationem
2900 1864 3185 1918 habemus.

2246 2130 2320 2184 Ex
2350 2131 2436 2186 his
2493 2130 2658 2200 igitur
2698 2146 2804 2185 una
2854 2130 3140 2188 Trinitatis
3171 2131 3453 2185 rliicientia
3509 2145 3630 2185 esse

2048 2225 2370 2282 ostenditur.
2397 2223 2508 2280 Nec
2537 2227 2681 2279 enim
2716 2225 2927 2280 diversa
2955 2233 3008 2279 et
3029 2224 3203 2279 divisa
3234 2223 3349 2278 dari
3382 2238 3411 2278 a
3443 2223 3634 2293 singu-

2048 2321 2116 2376 lis
2141 2321 2411 2391 signiﬁcat
2435 2318 2753 2388 Apostolus,
2786 2317 2878 2373 sed
2912 2333 2974 2372 ea
2997 2334 3118 2387 quae
3140 2319 3358 2381 dantur,
3415 2317 3469 2371 in
3510 2316 3632 2370 Tri-

2064 2407 2232 2462 nitate
2265 2411 2404 2472 dari,
2445 2411 2739 2478 omniaque
2775 2427 2842 2466 ex
2881 2427 2991 2464 uno
3025 2409 3132 2463 Deo
3167 2424 3306 2462 esse.
3350 2407 3443 2461 llle
3490 2409 3654 2478 igitur

2065 2504 2269 2572 quires
2297 2512 2480 2558 creata
2533 2518 2641 2556 non
2695 2512 2798 2564 est,
2835 2504 2926 2556 sed
2961 2518 3084 2556 eum
3139 2501 3278 2554 Filio
3332 2515 3438 2554 non
3495 2513 3654 2554 secus

2065 2597 2391 2666 r0njunetus
2426 2607 2528 2657 est,
2561 2611 2625 2650 ae
2656 2595 2771 2665 ipse
2799 2595 2971 2648 Filius
3007 2610 3131 2648 cum
3173 2593 3330 2647 Patre
3357 2612 3369 2646 :
3397 2593 3491 2662 qui
3522 2593 3652 2646 item

2067 2705 2190 2744 cum
2225 2689 2383 2744 Patre
2415 2699 2467 2744 et
2497 2689 2635 2742 Filio
2657 2689 2993 2751 honoratur,
3028 2695 3080 2740 et
3110 2701 3234 2742 cum
3284 2684 3461 2740 Verbo
3511 2683 3654 2740 Deus

2068 2781 2403 2849 agnoscitur,
2461 2795 2672 2835 necnon
2702 2796 2764 2833 ea
2799 2781 2914 2848 ipsa
2943 2780 3055 2848 agit
3087 2794 3210 2848 qua:
3263 2792 3358 2846 per
3412 2775 3651 2830 Verbum

2070 2871 2228 2927 Pater
2252 2872 2450 2938 ellicit;
2485 2873 2578 2940 qui
2608 2887 2694 2926 res
2729 2878 2915 2925 creata
2941 2869 3048 2924 dici
3085 2870 3280 2939 possit,
3312 2869 3418 2924 nisi
3463 2869 3533 2923 ab
3585 2884 3656 2922 eo

2069 2966 2227 3035 plane
2259 2967 2349 3036 qui
2376 2967 2428 3019 in
2462 2966 2660 3020 Filium
2694 2967 2871 3034 ipsum
2900 2963 3100 3032 impius
3134 2961 3340 3016 fuerit?
3371 2961 3655 3031 Siquidem

2070 3059 2204 3112 nihil
2235 3074 2460 3128 prorsus
2491 3069 2592 3123 est,
2628 3059 2768 3124 quod
2799 3073 2902 3109 non
2938 3071 3032 3125 per
3058 3054 3297 3110 Verbum
3333 3055 3424 3108 ﬁat
3448 3065 3498 3109 et
3527 3071 3655 3123 aga-

377 3146 472 3197 καὶ
497 3145 554 3196 ὲν
581 3145 834 3215 Ψαλμοῖς
864 3145 1050 3216 ᾄδεται
1076 3161 1088 3174 ·
1118 3163 1136 3194 ι
1167 3143 1258 3214 Τῷ
1298 3143 1456 3214 Λόγῳ
1488 3143 1693 3213 Κυρίου
1723 3144 1772 3194 οί
1809 3144 1969 3213 οὐρα-

2071 3161 2158 3204 tur
2183 3150 2235 3203 in
2272 3151 2528 3219 Spiritu:
2577 3150 3038 3218 quemadmodum
3091 3148 3254 3202 etiam
3314 3147 3364 3200 in
3424 3146 3656 3201 Psalmis

376 3234 457 3285 voi.
501 3231 934 3303 ἐστερεώθησαν,
985 3233 1078 3286 καὶ
1126 3230 1203 3301 τῷ
1235 3231 1518 3302 Πνεύματι
1564 3231 1658 3284 τοῦ
1705 3231 1970 3300 στόματος

376 3323 543 3378 αὐτοῦ
595 3325 795 3395 πᾶσαὴ
829 3323 1058 3394 δύναμις
1079 3323 1288 3378 αὐτῶν⁹
1325 3343 1344 3376 ι
1374 3324 1472 3378 καὶ
1505 3325 1564 3376 ὲν
1592 3322 1670 3392 τῷ
1695 3321 1971 3391 ἑκατοστῷ

377 3413 800 3484 τεσσαρακοστῷ
829 3413 1042 3484 ἑϐδόμῳ
1059 3413 1287 3484 ψαλμῷ·
1321 3434 1338 3465 ι
1376 3413 1695 3466 Ἀποστελεί
1882 3411 1972 3464 τὸν

382 3506 548 3574 Λόγον
595 3505 759 3556 αὐτοῦ
789 3545 802 3568 ,
849 3505 942 3558 καὶ
970 3503 1122 3576 τήξει
1161 3506 1334 3559 αὑτόι⁸
1382 3505 1605 3558 πνεῦσει
1639 3504 1700 3556 τὸ
1748 3504 1976 3574 Πνεῦμα

390 3595 568 3660 αὑτοῦ,
602 3595 695 3648 καὶ
731 3596 990 3666 ρυήσεται
1029 3595 1216 3649 ὕδατα.
1259 3615 1275 3647 ι
1313 3597 1422 3650 Καὶ
1463 3595 1864 3666 ἐδικαιώθημεν
1893 3596 1968 3658 δὲ,

393 3685 465 3748 ὠς
492 3682 637 3738 εἶπεν
669 3686 699 3737 ὁ
737 3686 1085 3748 Ἀπόστολος,
1132 3706 1148 3735 ι
1185 3689 1242 3739 ἐν
1267 3686 1344 3757 τῷ
1375 3687 1597 3757 ὀνόματι
1637 3686 1732 3739 τοῦ
1767 3687 1970 3758 Κυρίου

385 3775 536 3845 ἡμῶν
575 3776 750 3847 Ἰησοῦ
785 3775 1044 3848 Χριστοῦ,
1082 3778 1175 3829 καὶ
1205 3779 1262 3831 ἐν
1294 3777 1374 3848 τῷ
1408 3777 1684 3848 Πνεῦματι
1719 3775 1812 3830 τοῦ
1834 3776 1970 3830 Θεοῦ

380 3866 559 3935 ἡμῶν.
608 3885 625 3916 ι
667 3867 996 3938 ’Λδιαίρετον
1017 3869 1126 3938 γάρ
1150 3871 1267 3921 ἐστι
1299 3867 1393 3922 τοῦ
1420 3869 1592 3937 Λόγου
1627 3869 1687 3922 τὸ
1726 3870 1967 3941 Πνεῦμα.

394 3959 612 4029 ’Λμέλει
656 3960 906 4027 λέγοντος
959 3961 1054 4014 τοῦ
1095 3963 1300 4034 Κυρίου
1352 3997 1366 4021 ,
1537 3983 1554 4014 ι
1609 3965 1973 4036 Ἐλευσόμεοα

381 4049 494 4118 ἐγὼ
521 4051 614 4104 καὶ
654 4054 682 4104 0
718 4052 906 4123 Πατὴρ
935 4095 949 4117 ,
992 4071 1008 4102 ι
1046 4054 1452 4125 συνεισέρχεται
1498 4055 1557 4108 τὸ
1600 4055 1824 4126 Πνεῦμα
1876 4056 1976 4108 οὐκ

381 4143 614 4215 ἄλλωςῆ
649 4144 722 4208 ὡς
744 4147 772 4197 0
803 4145 932 4208 Υἱὸς
1117 4147 1174 4198 ὲν
1208 4147 1340 4216 ἡμῖν
1373 4149 1608 4218 οἰκήσων
1631 4188 1643 4210 ,
1672 4148 1976 4219 γράφοντος

399 4237 665 4305 Ἐφεσίοις
710 4236 803 4290 τοῦ
839 4237 1089 4292 Παῦλουο
1139 4257 1156 4289 ι
1203 4237 1318 4292 Ἵνα
1344 4238 1454 4310 δῴη
1516 4241 1642 4310 ὑμῖν
1690 4239 1831 4293 κατὰ
1887 4241 1976 4294 τὸν

387 4327 617 4380 πλοῦτον
636 4329 732 4399 τῆς
767 4329 926 4400 δόξης
958 4328 1145 4391 αὐτοῦ,
1169 4329 1396 4400 δυνάμει
1436 4330 1844 4402 κραταιωθῆναι
1891 4332 1979 4385 διὰ

387 4421 480 4474 τοῦ
517 4421 829 4491 Πνεῦματος
851 4420 1017 4474 αὑτοῦ
1058 4422 1138 4484 εἰς
1177 4421 1266 4475 τὸν
1302 4421 1410 4473 ἔσω
1453 4421 1759 4492 ἄνθρωπον,
1797 4441 1980 4476 κατοι-

2072 3244 2291 3297 canitur
2321 3262 2332 3296 :
2373 3261 2390 3293 ι
2427 3241 2604 3296 Verbo
2637 3241 2852 3294 Domini
2887 3243 3008 3296 ραιιί
3041 3239 3242 3302 firmati
3273 3248 3422 3305 sunt,
3451 3250 3505 3293 et
3528 3237 3654 3309 Spio

2074 3336 2176 3387 ritu
2194 3334 2626 3403 orisejusomuis
2645 3335 2815 3388 virtus
2842 3349 3032 3388 eorum
3075 3339 3126 3400 ³;
3153 3354 3169 3384 ι
3197 3343 3251 3387 et
3278 3333 3329 3385 in
3360 3333 3658 3386 centesimo

2074 3425 2494 3496 quadragesimo
2520 3427 2752 3495 septimo
2782 3427 2994 3495 psalmo
3030 3447 3040 3477 ε
3094 3445 3111 3477 ‹
3154 3425 3376 3478 Eiuittet
3421 3422 3657 3477 Verbum

2074 3535 2260 3586 suum,
2291 3527 2347 3574 et
2377 3517 2686 3588 quuel‘aciet
2709 3535 2770 3572 ea
2791 3535 2805 3584 ;
2828 3517 3230 3587 llabitSpirilus
3253 3517 3393 3584 ejus,
3425 3526 3475 3569 el.
3496 3515 3662 3570 ﬂuent

2075 3626 2230 3678 aquae
2280 3614 2324 3667 ⁵.
2367 3628 2385 3661 ι
2419 3609 2503 3671 Εῑ,
2555 3619 2611 3663 ιιι
2643 3612 2720 3664 ait
2751 3610 3067 3678 Apostolus,
3100 3629 3118 3659 ι
3158 3609 3443 3677 justiﬁeati
3471 3624 3661 3662 sumus

2077 3703 2129 3755 in
2174 3701 2394 3756 nomine
2441 3700 2655 3755 Domini
2708 3701 2881 3754 nostri
2940 3699 3070 3754 Jesu
3119 3699 3323 3754 Christi
3369 3707 3423 3753 et
3456 3699 3510 3751 in
3549 3697 3662 3768 Spi-

2077 3795 2184 3847 ritu
2213 3792 2307 3846 Dei
2339 3792 2511 3846 nostri
2565 3793 2604 3845 ⁵.
2653 3811 2669 3843 ι
2699 3791 2948 3860 Namque
2999 3782 3236 3860 Spiritus
3270 3806 3296 3843 a
3342 3788 3518 3843 Verbo
3575 3804 3665 3844 ne-

2077 3887 2195 3955 quit
2222 3883 2408 3938 dividi.
2433 3881 2688 3938 Prol'ecto
2722 3898 2846 3936 cum
2875 3881 3130 3936 Christus
3161 3881 3260 3943 ait,
3307 3901 3323 3930 ‹
3363 3877 3665 3932 Veniemus

2077 3993 2177 4048 ego
2203 3985 2256 4031 et
2277 3975 2437 4030 Pater
2495 3979 2541 4042 ⁸,
2592 3995 2608 4026 ι
2655 3991 2763 4028 una
2807 3989 3025 4043 quoque
3060 3973 3225 4026 intrat
3276 3971 3513 4041 Spiritus
3555 3986 3663 4023 non

2078 4067 2186 4120 alio
2235 4065 2399 4120 modo
2452 4081 2616 4134 quam
2669 4064 2842 4118 Filius
2909 4063 2963 4117 in
3015 4063 3174 4118 nobis
3208 4063 3570 4126 habitaturus,
3606 4069 3665 4114 ut

2079 4157 2280 4214 Paulus
2313 4159 2380 4213 ad
2419 4157 2689 4228 Ephesios
2730 4156 2924 4213 scribit
2952 4171 2964 4207 :
2997 4175 3014 4206 ι
3062 4155 3131 4211 Ut
3158 4156 3249 4210 det
3282 4155 3438 4210 vobis
3473 4169 3666 4210 secun-

2079 4246 2209 4300 dum
2241 4247 2464 4302 divitias
2515 4247 2702 4317 gloriae
2750 4261 2884 4309 sure,
2937 4245 3139 4299 virtute
3189 4244 3538 4300 corroborari
3569 4259 3667 4313 per

2082 4334 2345 4404 Spiritum
2378 4336 2500 4404 ejus
2528 4335 2582 4388 in
2631 4336 2948 4389 interiorem
3011 4334 3283 4390 hominem
3314 4376 3328 4400 ,
3383 4334 3664 4388 Christum

2081 4424 2328 4479 habitare
2376 4426 2414 4479 ⁷.
2456 4444 2475 4476 ›
2508 4426 2682 4478 Porro
2710 4439 2836 4478 cum
2862 4422 3037 4478 Filius
3067 4423 3120 4477 in
3154 4424 3316 4478 nobis
3369 4433 3473 4486 est,
3507 4423 3669 4478 Pater

389 4517 555 4586 κῆσαι
589 4515 678 4567 τὸν
701 4515 957 4585 Χριστόν.
990 4533 1008 4565 ι
1044 4512 1150 4566 Τοῦ
1184 4513 1242 4565 δὲ
1262 4514 1390 4566 Υίοῦ
1422 4514 1480 4566 ὲν
1515 4515 1649 4583 ἡμῖν
1680 4514 1852 4576 ὄντος,
1898 4514 1970 4566 ἔτι

2082 4531 2303 4584 quoque
2335 4516 2500 4570 simul
2526 4524 2710 4580 est,ut
2732 4515 2903 4569 Filius
2935 4515 3052 4584 ipse
3074 4515 3150 4568 ita
3185 4522 3460 4569 testatur:
3501 4533 3520 4564 ι
3554 4513 3668 4582 Ego

392 4609 486 4662 καὶ
514 4609 542 4660 0
571 4607 781 4677 Πατὴρ,
805 4606 1054 4675 λέγοντος
1088 4605 1180 4658 τοῦ
1215 4605 1346 4657 Υἱοῦ
1369 4621 1381 4636 ·
1428 4625 1445 4654 ι
1502 4605 1643 4674 Ἐγὼ
1669 4608 1726 4658 ὲν
1760 4604 1838 4674 τῷ
1867 4607 1979 4658 Πα-

389 4701 500 4770 τρὶ,
536 4700 630 4752 καὶ
661 4700 690 4751 ὁ
713 4699 901 4770 Πατὴρ
935 4698 991 4749 ἐν
1022 4697 1166 4766 ἐμοί.
1211 4716 1230 4747 ι
1261 4697 1353 4749 Διὸ
1391 4697 1517 4760 καὶ,
1572 4695 1856 4766 γινομένου
1887 4695 1980 4749 τοῦ

392 4792 564 4858 Λόγου
596 4793 654 4843 ὲν
679 4791 792 4852 τοῖς
816 4789 1141 4860 προφήταις,
1174 4789 1232 4840 ἐν
1274 4788 1424 4859 αὐτῷ
1461 4787 1539 4859 τῷ
1579 4787 1859 4858 Πνεύματι
1901 4786 1983 4858 τῷ

392 4882 535 4952 ἁγίῳ
596 4880 1020 4952 προφητεύουσι.
1076 4879 1187 4950 Τῆς
1249 4881 1379 4948 γοῦν
1417 4879 1640 4950 Γραφῆς
1684 4880 1980 4951 λεγούσης,

401 4993 419 5026 ι
466 4976 575 5028 Καὶ
755 4971 974 5040 ἐγένετο
1009 4969 1178 5038 Λόγος
1212 4970 1419 5041 Κυρίου
1462 4990 1478 5021 ι
1523 4971 1658 5042 πρὸς
1694 4972 1842 5025 τόνδε
1895 4971 1984 5025 τὸν

397 5069 701 5140 προφήτην,
729 5064 999 5118 δείκνυται
1032 5060 1392 5132 προφητεύων
1424 5062 1483 5113 ὲν
1510 5061 1883 5133 τῷΠνεύματι
1907 5063 1984 5134 τῷ

396 5157 556 5226 ἁγίῳ.
605 5157 694 5209 Ἐν
741 5156 838 5227 μὲν
891 5154 1000 5225 γὰρ
1210 5151 1286 5222 τῷ
1335 5154 1582 5223 Ζαχαρία
1638 5155 1980 5227 γέγραπται·

401 5271 420 5300 ι
459 5249 604 5318 Πλὴν
631 5249 754 5312 τοὺς
786 5247 979 5313 λόγους
1010 5264 1110 5316 μου
1139 5246 1233 5298 καὶ
1270 5244 1338 5298 τὰ
1367 5245 1574 5314 νόμιμά
1612 5262 1712 5316 μου
1743 5244 1982 5316 δέχεσθε,

395 5343 494 5394 ὅσα
517 5337 626 5407 ἐγὼ
649 5336 963 5406 ἐντέλλομαι
981 5337 1039 5388 ὲν
1063 5334 1341 5405 Πνεῦματί
1364 5352 1466 5404 μου
1495 5337 1609 5398 τοῖς
1647 5335 1852 5400 δούλοις
1883 5355 1984 5408 μου

397 5435 508 5493 τοῖς
543 5431 846 5501 πρρφήταις
866 5444 878 5458 ·
917 5447 933 5478 ι
970 5429 1056 5480 ὅτε
1081 5426 1176 5480 καὶ
1208 5428 1327 5497 μετ’
1354 5425 1512 5494 ὀλίγα
1537 5428 1858 5498 αἰτιώμενος
1895 5429 1987 5484 τὸν

400 5524 528 5576 λαὸν
564 5524 717 5591 ἔλεγε
738 5539 749 5550 ·
777 5541 794 5573 ι
823 5522 932 5574 Καὶ
960 5521 1059 5591 τὴν
1094 5521 1321 5592 καρδίαν
1345 5519 1526 5573 αὐτῶν
1544 5520 1738 5585 ἔταξαν
1761 5521 1986 5592 ἀπειθῆ,

488 5690 498 5715 ¹
540 5686 693 5739 Joau.
734 5684 958 5750 Xtv,°23.
1037 5683 1058 5713 ’
1092 5682 1130 5734 ll
1159 5683 1285 5736 Cor.
1331 5696 1447 5743 xm,
1491 5683 1574 5735 15.

1656 5681 1674 5710 ³
1719 5681 1856 5735 l’sal.
1891 5698 2060 5747 xuii,
2095 5684 2127 5734 (5

2084 4608 2138 4661 in
2176 4607 2352 4670 Patre,
2382 4617 2436 4662 et
2461 4607 2620 4661 Pater
2648 4606 2701 4660 in
2729 4623 2815 4661 Ine
2863 4611 2909 4658 ⁸.
2948 4624 2967 4659 ι
3003 4604 3140 4659 Hinc
3167 4620 3291 4660 cum
3337 4603 3574 4659 Verbum
3613 4605 3668 4657 in

2085 4700 2364 4769 prophetis
2394 4698 2569 4762 adest,
2624 4698 2700 4752 illi
2735 4699 2787 4752 in
2821 4699 2941 4768 ipso
2995 4696 3203 4766 Spiritu
3248 4703 3442 4751 sancto
3478 4695 3670 4751 vatici-

2085 4801 2309 4844 nantur.
2343 4788 2499 4845 Unde
2526 4805 2649 4844 cum
2687 4789 2975 4860 Scriptura
3026 4789 3178 4853 dicit,
3212 4808 3230 4840 ι
3273 4787 3337 4842 Ει
3364 4787 3564 4843 factum
3589 4798 3672 4843 est

2092 4881 2322 4937 Verbqu
2348 4902 2365 4933 ι
2390 4883 2454 4936 ad
2481 4883 2639 4937 talem
2673 4884 3016 4952 prophetam,
3049 4882 3204 4935 illum
3231 4882 3282 4935 in
3312 4880 3518 4950 Spiritu
3545 4897 3674 4935 san-

2087 4985 2177 5031 eto
2209 4976 2499 5030 vaticinari
2529 4977 2820 5046 signiﬁcat.
2866 4975 3002 5030 Nam
3031 4977 3084 5030 in
3111 4975 3374 5030 Zacharia
3405 4977 3671 5048 scriptum

2087 5076 2173 5122 est
2201 5086 2212 5121 :
2255 5085 2272 5117 ι
2317 5065 2704 5122 Verumtamen
2738 5068 2898 5121 verba
2936 5083 3053 5121 mea
3084 5075 3140 5120 et
3163 5067 3403 5138 legitima
3439 5083 3559 5122 mea
3583 5083 3676 5121 su-

2086 5161 2298 5229 scipite,
2326 5175 2448 5228 qua)
2475 5174 2575 5228 ego
2606 5160 2809 5213 mando
2836 5161 2889 5213 in
2932 5158 3140 5229 Spiritu
3174 5174 3296 5213 meo
3327 5159 3504 5214 servis
3529 5158 3667 5212 meis

2087 5253 2372 5320 prOphetis
2401 5252 2422 5280 ⁹
2457 5293 2468 5305 .
2509 5270 2527 5301 ι
2570 5251 2741 5313 Paulo
2767 5259 2891 5320 post
2922 5251 3088 5304 etiam
3125 5249 3387 5320 populum
3424 5249 3510 5303 his
3546 5262 3670 5302 ver-

2087 5343 2170 5398 bis
2197 5344 2452 5412 objurgat
2483 5361 2495 5396 :
2527 5361 2544 5393 ι
2571 5342 2634 5397 Et
2663 5359 2759 5398 cor
2790 5359 2953 5397 suum
2977 5343 3315 5397 obstinatum
3340 5345 3671 5400 statuerunt,

2087 5451 2154 5490 ne
2185 5436 2436 5489 audirent
2470 5436 2640 5505 legem
2679 5452 2878 5495 meam.
2905 5444 2959 5489 et
3005 5435 3168 5489 verba
3205 5447 3329 5502 quae
3366 5430 3520 5484 misit
3575 5427 3676 5481 Do-

2087 5527 2272 5581 minus
2301 5527 2738 5596 omnipotensiu
2794 5524 3000 5596 Spiritu
3041 5539 3143 5580 suo
3169 5523 3222 5577 in
3261 5521 3518 5576 manibus
3545 5533 3680 5586 ιιι-ον

2229 5682 2245 5710 ⁵
2280 5681 2421 5737 Psal.
2465 5683 2799 5745 cut/11,18.
2877 5683 2896 5711 ⁵
2932 5682 2950 5734 l
2991 5684 3116 5736 Cor.
3163 5700 3234 5746 vr,
3293 5682 3374 5735 Η.
3452 5679 3471 5709 ⁸
3501 5675 3660 5731 Joan.

409 5774 522 5821 Juv,
558 5758 647 5810 ’25-
727 5755 745 5786 ⁷
775 5754 974 5826 Ephrs.
1009 5768 1062 5816 ν,
1106 5751 1188 5805 16.
1269 5752 1289 5783 ⁸
1325 5752 1481 5805 Jouu.
1520 5768 1626 5814 λιν,
1667 5751 1747 5803 l0.
1825 5753 1843 5780 °
1869 5750 2030 5805 Zach.
2061 5769 2098 5819 ι,
2133 5758 2182 5806 b'.
