4064 6392
373 372 476 434 73

1584 364 1965 433 EUTHYMII
2012 364 2052 423 Ζ
2066 366 2184 427 iGA
2199 367 2375 427 BENI

3516 368 3622 431 724

374 487 662 552 pbetarum
692 484 813 555 ejus
864 487 1132 555 priorum.
1172 505 1191 537 ι
1264 486 1462 543 Petrus
1514 488 1643 542 item
1674 487 1727 540 in
1783 484 1932 539 Actis

2051 478 2130 532 τοῦ
2165 481 2240 551 μὴ
2277 482 2587 538 εἰσακούειν
2606 482 2731 547 τοὺς
2761 482 2960 554 νόμους
2990 501 3091 554 μου
3122 484 3214 537 καὶ
3246 485 3374 549 τοὺς
3400 482 3616 553 λόγους,

374 569 449 622 ita
475 570 747 638 loquitur:
788 589 805 622 t
850 570 960 626 Viri
992 570 1211 637 fratres,
1232 573 1518 640 oportebat
1553 571 1767 641 impleri
1795 569 1943 625 Scri-

377 662 589 720 pturam
622 669 785 723 quam
810 655 1059 723 praedixit
1086 653 1323 724 Spiritus
1371 663 1598 711 sanctus
1632 657 1671 710 ¹.
1707 672 1726 707 ι
1752 656 1821 708 At
1844 655 1942 707 ab-

375 738 555 791 surda:
581 734 930 806 Tropicorum
966 736 1160 793 fabula:
1178 754 1207 793 a
1237 738 1538 809 Scripturis
1558 740 1713 794 valde
1730 740 1943 793 dissen-

379 821 542 881 tiunt,
599 822 1057 892 consentiuntque
1116 823 1341 878 omnino
1413 838 1538 878 cum
1613 823 1941 878 Arianorum

382 902 569 958 haeresi
601 920 615 956 :
643 905 785 958 unde
810 905 1109 962 verisimile
1131 907 1205 961 sit
1238 907 1361 961 illos
1403 922 1508 961 non
1531 907 1636 961 alia
1663 906 1731 961 de
1776 922 1941 961 causa

380 986 449 1038 ita
484 986 848 1054 dissimulare,
884 990 987 1045 nisi
1016 1006 1125 1062 quo
1158 990 1370 1046 facilius
1416 992 1694 1062 simplices
1728 991 1945 1060 decipe-

378 1079 512 1123 rent.
536 1069 641 1125 Sed
662 1076 851 1143 gratia:
877 1077 1110 1133 Domino
1131 1077 1414 1143 habendas,
1435 1076 1604 1147 quod,
1639 1087 1698 1130 ut
1722 1077 1941 1142 scribis,

374 1148 555 1206 ﬁctam
596 1169 752 1209 suam
811 1172 938 1212 curn
974 1159 1194 1215 Arianis
1239 1161 1643 1215 contentionem
1688 1163 1945 1230 obtegere

376 1249 483 1289 non
516 1241 816 1306 potuerint.
854 1241 1132 1313 Siquidem
1164 1254 1218 1299 et
1257 1244 1475 1299 illorum
1527 1246 1714 1300 odium
1767 1247 1822 1299 in
1886 1259 1946 1299 se

378 1319 524 1387 ipsos
556 1324 995 1393 concitaverunt,
1021 1338 1081 1382 ut
1132 1329 1225 1394 qui
1281 1329 1459 1383 solum
1510 1329 1799 1400 Spiritum,
1832 1343 1942 1383 non

373 1414 557 1459 autem
592 1406 827 1465 Verbum
860 1425 973 1465 rem
1004 1422 1243 1466 creatam
1266 1428 1391 1469 esse
1413 1414 1630 1468 dicant:
1659 1422 1715 1469 et
1734 1413 1802 1469 ab
1824 1413 1946 1469 aliis

372 1490 632 1546 otnnibus
659 1494 1045 1564 reprobantur,
1079 1497 1225 1566 quod
1258 1492 1484 1568 'liqueat
1512 1512 1640 1552 vere
1674 1511 1773 1553 eos
1834 1499 1946 1552 bel-

375 1573 486 1629 lum
525 1587 713 1632 contra
754 1593 1002 1636 sanctum
1052 1580 1319 1652 Spiritum
1350 1597 1562 1653 gerere,
1608 1596 1674 1637 ac
1713 1582 1947 1652 proinde

379 1658 527 1712 brevi
555 1658 672 1715 fore
703 1670 975 1728 mortuos,
1014 1673 1202 1734 utpote
1226 1664 1433 1734 Spiritu
1467 1679 1666 1720 vacuos
1692 1672 1747 1720 et
1771 1664 1945 1721 desti-

377 1751 541 1797 tutos.
567 1741 770 1815 Nempe
793 1748 920 1818 quia
945 1757 1073 1803 sunt
1105 1749 1368 1805 animales
1405 1750 1677 1814 homines,
1709 1764 1817 1805 non
1848 1764 1945 1819 po-

2044 562 2137 626 οὓς
2183 565 2535 631 ἐξαπέστειλε
2576 566 2781 637 Κύριος
2823 568 3221 636 παντοκράτωρ
3248 570 3306 622 ἐν
3336 570 3618 638 Πνεύματι

2044 649 2229 705 αὐτοῦ.
2273 651 2332 703 Ὀ
2359 652 2415 706 δέ
2447 653 2648 723 Πέτρος
2676 654 2734 706 ἐν
2756 654 2878 716 ταῖς
2909 653 3178 722 Πράξεσιν
3208 654 3414 722 ἔλεγεν,
3450 656 3618 708 «Ἀν-

2042 736 2168 802 δρες
2220 735 2462 804 ἀδελφοὶ,
2519 737 2628 791 ἔδει
2693 737 3045 808 πληρωθῆναι
3097 739 3196 809 τὴν
3251 740 3495 808 Γραφὴν,
3546 740 3617 809 ἣν

2044 821 2273 888 προεῖπε
2288 821 2347 873 τὸ
2375 820 2597 890 Πνεῦμα
2620 821 2680 874 τὸ
2700 820 2875 889 ἅγιον.
2892 842 2909 875 ι
2944 824 3050 876 Καὶ
3077 824 3194 888 μετ’
3213 823 3368 891 ὀλίγα
3387 841 3400 852 ·
3435 842 3453 875 t
3494 824 3618 878 Τῶν

2044 903 2099 957 δὲ
2129 906 2408 975 τροπικῶν
2436 908 2471 976 ἡ
2502 905 2823 970 ἀλλόπιστος
2859 907 3156 975 μυθολογία
3203 908 3466 978 διαφωνεῖ
3516 908 3618 977 μὲν

2045 988 2182 1057 πρὸς
2203 990 2299 1053 τὰς
2321 989 2566 1059 Γραφὰς,
2592 993 2876 1059 συμφωνεῖ
2896 990 2951 1044 δὲ
2977 994 3038 1059 τῇ
3072 989 3184 1045 τῶν
3214 993 3619 1062 ἁρειομανιτῶν

2044 1072 2260 1144 ἀλογίᾳ,
2290 1075 2383 1126 καὶ
2412 1074 2556 1135 εἰκὸς
2573 1075 2770 1137 αὐτοὺς
2787 1073 2959 1138 οὕτως
2980 1075 3371 1143 ἀποκρίνεσθαι
3403 1077 3619 1147 ἀπάτης

2045 1156 2231 1211 ἕνεκεν
2268 1159 2377 1211 τῶν
2406 1159 2831 1230 ἀκεραιοτέρων.
2878 1158 3039 1213 Ἀλλά
3073 1159 3231 1229 χάρις
3266 1159 3345 1229 τῷ
3405 1160 3616 1232 Κυρίῳ,

2046 1241 2162 1304 δτι,
2191 1241 2267 1306 ὡς
2300 1242 2552 1313 γράφεις,
2592 1243 2691 1296 οὐκ
2729 1242 2915 1296 ἔλαθον
2954 1243 3249 1307 σκέποντες
3293 1244 3520 1308 ἐαυτοὺς
3549 1248 3618 1315 τῇ

2048 1326 2183 1395 πρὸς
2218 1328 2345 1389 τοὺς
2396 1328 2713 1397 Ἀρειανοὺς
2760 1331 3122 1399 προσποιήτῳ
3175 1329 3489 1400 ἀντι).ογίᾳ’
3526 1332 3620 1386 καὶ

2047 1416 2156 1484 γὰρ
2187 1414 2281 1467 καὶ
2300 1412 2428 1483 παρ’
2458 1412 2684 1466 ἐκείνων
2708 1411 3075 1483 ἐμισήθησαν,
3107 1413 3182 1476 ὡς
3209 1411 3285 1483 τῷ
3310 1413 3421 1467 ὄντι
3454 1433 3620 1469 πνευ-

2052 1495 2512 1567 ματομαχοῦντες.
2556 1513 2575 1547 ι
2618 1497 2727 1549 Καὶ
2763 1497 2883 1564 μετ’
2918 1496 3120 1564 ὀλίγον,
3158 1515 3177 1549 t
3213 1497 3493 1565 Γινὸμενοι
3530 1516 3622 1551 νε-

2049 1583 2173 1651 κροὶ
2202 1582 2398 1652 ἔρημοι
2427 1582 2522 1636 καὶ
2555 1582 2702 1635 κενοὶ
2731 1581 2825 1633 τοῦ
2855 1582 3174 1650 Πνεύματος
3201 1582 3371 1646 ὅντες.
3407 1603 3424 1634 ι
3468 1585 3622 1638 Κατά

2049 1666 2156 1736 γὰρ
2173 1667 2265 1718 τὸν
2285 1665 2551 1734 μακάριον
2566 1663 2888 1718 Ἀπόστολον
2904 1663 3125 1734 ψυχικοὶ
3146 1665 3245 1720 ἀνθ
3252 1684 3425 1737 ρωποι
3446 1669 3620 1731 ὄντες,

2048 1750 2149 1802 οὐκ
2168 1747 2781 1819 ὴδυνήθησανδέξαοθαι
2803 1749 2871 1801 τὰ
2886 1747 2982 1802 τοῦ
3006 1748 3323 1818 Πνεύματος
3348 1751 3438 1805 τοῦ
3460 1751 3623 1815 Θεοῦ,

379 1837 621 1892 tuerunt,
657 1839 714 1883 ut
775 1830 936 1886 docet
987 1833 1180 1889 beatus
1241 1835 1534 1903 Apostolus
1568 1835 1610 1897 ’,
1642 1835 1945 1904 percipere

2051 1833 2133 1887 ὅτι
2193 1834 2579 1899 πνευματικῶς
2626 1832 3004 1902 ἀπεκρίνοντο.
3041 1834 3105 1887 Οί
3147 1834 3205 1888 δὲ
3250 1836 3318 1889 τὰ
3349 1838 3444 1905 τῆς
3492 1837 3624 1907 ἀλη-

376 1926 500 1978 quae
530 1924 656 1965 sunt
686 1912 925 1983 Spiritus
948 1914 1065 1981 Dei,
1097 1926 1285 1987 utpote
1305 1919 1397 1989 qui
1418 1919 1519 1989 spit
1538 1918 1775 1973 itualiter
1803 1919 1946 1989 diju-

375 1996 707 2050 dicarentur.
736 1999 806 2052 At
834 2001 924 2069 qui
949 2017 1011 2056 ea
1064 2018 1184 2071 quae
1219 2013 1348 2060 sunt
1397 2004 1645 2059 veritatis
1701 2003 1945 2073 sapiunt,

376 2081 562 2133 omnia
588 2081 809 2148 quidem
833 2083 1158 2153 dijudicant,
1192 2086 1295 2157 ipsi
1340 2102 1471 2143 vero
1496 2103 1524 2141 a
1560 2089 1780 2142 nemine
1801 2087 1947 2157 diju-

375 2160 649 2227 dicantur,
670 2168 1114 2237 quandoquidem
1132 2168 1416 2224 Dominum
1437 2172 1489 2224 in
1508 2171 1706 2241 seipsis
1720 2171 1947 2238 habent,

375 2246 471 2310 qui
512 2246 618 2302 illis
649 2260 701 2303 et
741 2251 981 2320 seipsum
1013 2261 1068 2309 et
1093 2268 1190 2324 per
1214 2254 1453 2324 seipsum
1492 2254 1709 2312 Patrem
1741 2255 1796 2309 in
1825 2254 1950 2326 Spi-

381 2332 488 2385 ritu
519 2334 796 2401 patefacit.
824 2335 929 2393 Sed
966 2338 1086 2408 ipse
1146 2339 1413 2395 Dominus
1478 2338 1640 2396 Iesus
1692 2339 1950 2396 Christus

382 2430 481 2483 per
510 2417 750 2487 seipsntn
776 2420 992 2489 quidem
1020 2422 1443 2490 Samaritanam,
1469 2438 1533 2479 ac
1551 2438 1653 2478 nos
1679 2439 1774 2494 per
1801 2422 1947 2477 illam

377 2498 576 2555 deinde
602 2500 808 2567 docuit,
833 2517 996 2573 quam
1022 2504 1258 2576 perfecta
1284 2516 1341 2561 et
1366 2507 1619 2562 absoluta
1652 2507 1727 2562 sit
1756 2516 1947 2562 sancta

375 2579 638 2652 Trinitas,
670 2601 902 2657 eamque
931 2588 1270 2646 individuam
1298 2606 1363 2647 ac
1390 2606 1556 2647 unam
1597 2591 1948 2647 Divinitatem

376 2667 667 2724 exsistere.
694 2669 775 2735 id,
809 2671 1059 2741 inquam,
1086 2673 1201 2742 ipsa
1226 2683 1457 2729 testatur
1488 2675 1713 2738 veritas,
1744 2673 1833 2727 ubi
1850 2673 1949 2727 Sa-

377 2753 662 2807 maritume
690 2754 765 2807 ait
805 2771 869 2811 :t
904 2754 1080 2810 Crede
1132 2756 1292 2825 mihi,
1360 2758 1579 2823 mulier,
1621 2758 1753 2826 quia
1798 2757 1948 2812 venit

377 2835 536 2902 hora,
571 2846 626 2891 et
658 2853 803 2893 nunc
834 2846 938 2901 est,
976 2856 1101 2895 cum
1138 2842 1250 2897 veri
1285 2844 1603 2898 adoratores
1646 2843 1952 2899 adorabunt

378 2917 597 2974 Patrem
635 2921 687 2974 in
716 2921 924 2991 Spiritu
952 2933 1005 2979 et
1039 2925 1293 2980 veritate.
1328 2924 1465 2980 Nam
1506 2938 1560 2981 et
1589 2926 1755 2981 Pater
1810 2928 1947 2983 tales

377 3006 573 3070 quaerit
600 3005 691 3074 qui
715 3006 945 3060 adorent
974 3023 1118 3061 eum.
1156 3006 1395 3078 Spiritus
1447 3020 1530 3064 est
1560 3010 1721 3076 Deus,
1756 3019 1811 3065 et
1854 3026 1950 3065 eos

374 3087 469 3155 qui
501 3088 900 3156 adoranteurn,
926 3091 980 3146 in
1011 3091 1218 3161 Spiritu
1243 3105 1295 3149 et
1328 3095 1555 3150 veritate
1574 3104 1791 3164 oportet
1818 3097 1950 3150 ado-

2053 1918 2203 1981 θείας
2245 1917 2569 1989 φρονοῦντες
2617 1916 2968 1986 ἀνακρίνουσι
3005 1917 3105 1985 μὲν
3151 1918 3345 1976 πάντα.
3378 1919 3532 1971 αὐτοὶ
3567 1916 3629 1973 δὲ

2052 2002 2145 2055 ὑπ’
2173 2002 2386 2065 οὐδενὸς
2402 2002 2807 2072 ἀνακρίνονται,
2834 2003 3049 2073 ἔχοντες
3070 2003 3128 2053 ἐν
3153 2004 3364 2065 ἑαυτοῖς
3393 2004 3486 2056 τὸν
3513 2003 3627 2057 Κύ-

2054 2102 2166 2156 ριον
2190 2085 2649 2140 ἀποκαλύπτοντα
2685 2086 2868 2149 αὐτοῖς
2909 2085 2968 2138 ἐν
3007 2085 3083 2155 τῷ
3120 2084 3398 2156 Πνεύματι
3429 2087 3625 2140 ἑαυτόν

2050 2185 2130 2233 τε,
2166 2169 2259 2221 καὶ
2286 2168 2353 2221 δι’
2384 2167 2576 2221 ἑαυτοῦ
2611 2170 2703 2222 τὸν
2738 2168 2975 2238 Πατέρα.
3013 2168 3187 2232 Αὐτὸς
3222 2169 3328 2239 γὰρ
3362 2171 3390 2222 ὀ
3420 2170 3627 2239 Κύριος

2064 2253 2273 2322 Ἰησοῦς
2302 2251 2536 2324 Χριστὸς
2564 2252 2632 2307 δι’
2656 2252 2850 2306 ἐαυτοῦ
2873 2252 3120 2307 ἐδίδασκε
3149 2256 3247 2320 τὴν
3268 2255 3623 2325 Σαμαρεῖτιν,

2052 2337 2146 2389 καὶ
2187 2335 2254 2388 δι’
2283 2336 2455 2404 αὐτῆς
2488 2336 2654 2406 ἡμᾶς,
2687 2336 2785 2405 τὴν
2813 2337 2912 2406 τῆς
2952 2336 3114 2404 ἁγίας
3147 2336 3378 2405 Τριάδος
3420 2338 3628 2390 τελειο-

2050 2434 2189 2490 τητα
2236 2418 2542 2490 ἀδιαίρετον
2571 2418 2943 2489 ὑπάρχουσαν,
2980 2420 3077 2472 καὶ
3112 2422 3240 2490 μίαν
3282 2421 3511 2490 θεότητα
3544 2422 3631 2475 λέ-

2051 2519 2186 2570 γων,
2223 2521 2239 2554 ι
2278 2501 2503 2556 Πίστευέ
2534 2519 2645 2571 μοι,
2675 2504 2859 2570 γύναι,
2888 2504 2970 2555 ὅτι
3005 2502 3223 2571 ἔρχεται
3246 2502 3389 2573 ὥρα,
3414 2503 3507 2555 καὶ
3531 2504 3629 2558 νῦν

2052 2586 2223 2649 ἐστιν,
2255 2589 2343 2640 ὅτε
2376 2588 2427 2640 οἱ
2456 2587 2706 2655 ἀληθινοὶ
2756 2589 3131 2659 προσκυνηταὶ
3183 2588 3629 2658 προσκυνήσουσι

2051 2670 2130 2739 τῷ
2164 2670 2338 2739 Πατρὶ
2395 2672 2453 2723 ἐν
2500 2668 2777 2738 Πνεύματι
2822 2668 2915 2722 καὶ
2966 2668 3220 2740 ἀληθείᾳ.
3265 2694 3282 2721 ι
3317 2672 3428 2725 Καὶ
3455 2672 3631 2741 γάρῤ

2052 2755 2241 2823 Πατὴρ
2269 2753 2544 2814 τοιούτους
2580 2751 2733 2823 ζητεῖ
2771 2751 2900 2815 τοὺς
2946 2753 3388 2823 προσκυνοῦντας
3436 2755 3626 2816 αὐτὸν,

2052 2840 2133 2893 ὅτι
2167 2837 2392 2906 Πνεῦμα
2422 2837 2451 2890 ὀ
2487 2836 2643 2903 Θεὸς,
2681 2836 2776 2889 καὶ
2815 2836 2943 2901 τοὺς
2979 2839 3417 2908 προσκυνοῦντας
3462 2838 3627 2892 αὺτδν

2054 2924 2113 2977 ἐν
2147 2921 2425 2991 Πνεύματι
2464 2921 2559 2976 καὶ
2588 2918 2818 2992 ἀληθείᾳ
2852 2922 2935 2975 δεῖ
2971 2925 3319 2995 προσκυνεῖν.
3350 2924 3630 2977 Δέδεικται

2052 3008 2235 3060 τοίνυν
2275 3005 2527 3059 ἐντεῦθεν
2553 3004 2629 3068 ὡς
2658 3004 2888 3075 ἀλήθεια
2916 3007 3016 3076 μὲν
3046 3008 3208 3071 αὐτὸς
3237 3011 3264 3062 ὁ
3296 3010 3423 3071 Υἱός
3457 3010 3629 3074 ἐστιν,

2053 3090 2129 3155 ὡς
2158 3089 2320 3153 αὑτός
2369 3105 2554 3161 φησιν,
2599 3109 2616 3141 t
2668 3088 2810 3158 Ἐγώ
2842 3092 2959 3161 εἰμι
2989 3095 3019 3160 ἡ
3055 3092 3309 3163 ἀλήθεια.
3348 3112 3368 3144 ι
3407 3094 3537 3159 Περὶ
3565 3093 3628 3146 οῦ

376 3187 497 3226 rare
526 3173 571 3226 ⁸.
596 3192 614 3225 ι
651 3172 780 3230 Inde
801 3177 946 3241 enim
972 3179 1325 3248 perspicuum
1356 3187 1439 3234 est
1457 3184 1738 3234 veritatem
1772 3181 1946 3249 ipsum

2056 3177 2152 3230 καὶ
2179 3178 2207 3229 ὀ
2232 3177 2519 3245 προφήτης
2552 3172 2718 3227 Δαόὶδ
2742 3176 3065 3228 ἐπεκαλεῖτο
3094 3175 3289 3243 λέγων,
3322 3195 3342 3229 ι
3395 3177 3631 3243 Ἐξαπὸ-

374 3268 494 3313 «ssc
524 3257 742 3325 Filium,
802 3263 1005 3331 ut—ipse
1060 3263 1155 3328 ait,
1213 3282 1231 3315 ι
1288 3263 1398 3333 Ego
1449 3279 1571 3319 sum
1626 3266 1891 3329 veritas‘,
1924 3283 1941 3316 ›

375 3356 538 3409 quem
593 3353 649 3399 et
700 3345 964 3414 preplieta
1012 3346 1182 3401 David
1235 3347 1319 3402 his
1367 3347 1549 3402 verbis
1602 3347 1944 3402 invocabat:

383 3442 399 3471 ι
434 3421 637 3479 Emitte
670 3427 848 3480 lucem
903 3436 1050 3482 tuam
1095 3437 1152 3484 et
1192 3430 1473 3485 veritatem
1527 3439 1671 3484 tuam
1699 3431 1743 3486 ⁸.
1770 3447 1789 3482 ι
1824 3430 1946 3485 Veri

377 3509 544 3575 igitur
565 3511 887 3566 adoratores
933 3512 1147 3567 Patrem
1184 3514 1405 3583 quidem
1464 3514 1794 3578 adorabunt,
1851 3515 1947 3570 sed

378 3592 432 3642 in
458 3590 667 3661 Spiritu
698 3605 753 3649 et
785 3604 1029 3661 veritate,
1065 3596 1262 3651 Filium
1315 3597 1593 3662 videlicet,
1619 3608 1673 3652 et
1713 3599 1765 3651 in
1808 3597 1948 3652 Filio

377 3674 641 3743 Spiritum
672 3680 1001 3735 contitendo.
1026 3679 1161 3734 Nam
1184 3697 1213 3735 a
1242 3680 1381 3735 Filio
1427 3682 1676 3751 separari
1722 3697 1830 3736 non
1855 3699 1949 3753 po-

376 3771 481 3815 tcst
506 3759 760 3829 Spiritus,
795 3762 870 3816 uti
894 3779 995 3818 nec
1017 3778 1047 3818 a
1078 3763 1238 3819 Patre
1255 3764 1447 3831 Filius,
1478 3767 1944 3835 quemadmodum

374 3847 488 3910 ipsa
527 3841 743 3899 Veritas
777 3848 863 3902 his
895 3847 1077 3904 verbis
1111 3847 1273 3903 docet
1303 3865 1316 3901 :
1356 3867 1375 3900 ι
1413 3846 1625 3904 Mittam
1652 3849 1806 3905 vobis
1846 3849 1944 3903 Pa-

375 3928 661 3993 racletum,
697 3927 960 3998 Spiritum
989 3930 1261 3998 veritatis,
1284 3930 1376 4000 qui
1408 3945 1438 3984 a
1473 3928 1637 3986 Patre
1671 3930 1944 4004 procedit,

373 4027 536 4079 quem
570 4015 804 4070 mundus
838 4031 941 4069 non
973 4024 1149 4084 potest
1174 4018 1421 4087 accipere
1449 4015 1491 4071 ‘.
1529 4035 1548 4067 ι

373 4105 511 4159 Item
549 4107 612 4160 de
643 4106 847 4175 Spiritu
893 4120 1098 4170 sancto,
1148 4107 1337 4162 Basilii
1390 4107 1573 4176 Magni
1615 4126 1680 4164 ex
1708 4112 1947 4164 oratione

442 4186 660 4244 quarta,
694 4192 801 4246 qua
829 4186 1019 4231 contra
1048 4178 1372 4232 Eunomium
1404 4181 1715 4247 disputavit.
1750 4200 1756 4206 ’

443 4341 909 4408 Quemadmodum
930 4340 1097 4398 Filius
1121 4340 1281 4396 Patre
1312 4342 1583 4410 posterior
1607 4353 1691 4398 est
1720 4344 1945 4398 ordine:

374 4429 427 4481 in
456 4425 869 4482 enumeratione
896 4426 1040 4481 enim
1070 4426 1392 4495 praepositus
1441 4434 1527 4481 est
1561 4427 1720 4482 Pater
1755 4446 1769 4481 :
1805 4428 1948 4499 Bap-

2058 3258 2268 3313 στειλον
2303 3259 2363 3311 τὸ
2408 3257 2525 3326 φῶς
2571 3273 2665 3311 σου
2696 3258 2790 3311 καὶ
2835 3259 2934 3328 τὴν
2963 3258 3221 3327 ἀλήθειάν
3252 3276 3367 3315 σου.
3411 3277 3430 3313 ι
3477 3261 3538 3315 Οἱ
3572 3261 3629 3316 δὲ

2056 3342 2302 3412 ἀληθινοὶ
2344 3343 2724 3413 προσκυνηταὶ
2762 3339 3128 3412 προσκυνοῦσι
3182 3342 3280 3414 μέν
3321 3342 3397 3414 τῷ
3434 3345 3631 3415 Πατρὶ,

2057 3426 2173 3481 ἀλλ’
2215 3428 2272 3479 ὲν
2315 3425 2592 3495 Πνεύματι
2627 3425 2722 3480 καὶ
2771 3425 3005 3498 ἀληθείᾳ
3046 3425 3438 3496 ὁμολογοῦντες
3482 3426 3629 3494 Υίδν,

2056 3512 2151 3564 καὶ
2188 3513 2246 3564 ἐν
2272 3511 2424 3581 αὐτῷ
2467 3511 2527 3564 τὸ
2565 3513 2807 3581 Πνεῦμα.
2849 3509 2940 3574 Ὦς
2987 3511 3290 3582 ἀχώριστος
3316 3513 3344 3565 ὁ
3374 3511 3503 3576 Υἱὸς
3533 3515 3630 3567 τοῦ

2056 3595 2286 3665 Πατρὸς,
2316 3596 2509 3666 αὑτὴή
2533 3595 2762 3666 ἀλήθεια
2779 3598 3050 3665 μαρτυρεῖ
3078 3594 3333 3663 λέγουσα·
3372 3615 3391 3647 t
3424 3597 3632 3667 Πάμφω

2056 3680 2185 3748 ὑμῖν
2219 3679 2310 3733 τὸν
2343 3680 2699 3750 Παράκλητον
2751 3680 2812 3731 τὸ
2859 3678 3081 3747 Πνεῦμα
3131 3678 3230 3748 τῆς
3278 3679 3558 3749 ἀληθείας,
3605 3678 3635 3732 ὃ

2056 3764 2207 3833 παρὰ
2236 3763 2335 3816 τοῦ
2375 3764 2586 3832 Πατρὸς
2618 3762 3001 3831 ἐκπορεύεται,
3024 3762 3052 3815 ὃ
3085 3763 3113 3814 ὁ
3143 3764 3347 3831 κόσμος
3380 3764 3440 3815 οὐ
3472 3763 3629 3815 δύναο

2053 3864 2139 3900 ται
2168 3847 2375 3900 λαϐεῖν.
2418 3868 2436 3899 t

2057 4112 2185 4163 Ἔτι
2227 4111 2508 4183 περὶτοῦ
2565 4111 3159 4183 ἀπειρη-Πνεύματος,
3211 4114 3319 4168 τοῦ
3358 4111 3625 4183 μεγάλου

2127 4182 2452 4253 Βασίλειον
2479 4180 2555 4253 ἐκ
2583 4178 2690 4236 τοῦ
2718 4178 2768 4234 δ’
2790 4178 2978 4251 λόγοὺ
3010 4182 3128 4237 τῶν
3145 4178 3307 4252 πρὸς
3330 4178 3627 4253 Εὐνόμιον

2121 4250 2570 4320 ἀντιρῤητικῶν.

2127 4319 2339 4411 Ὥσπερ
2366 4343 2402 4403 ,ὁ
2450 4341 2578 4407 Υίὸς
2632 4341 2784 4406 τάξει
2839 4343 2937 4413 μέν
2966 4343 3218 4417 δεύτερος
3255 4346 3348 4399 τοῦ
3389 4319 3627 4416 Πατρὸς,

2058 4426 2421 4498 προτέτακται
2479 4426 2588 4498 γὰρ
2644 4431 2674 4479 ὁ
2723 4427 2915 4499 Πατὴρ
2972 4430 3032 4481 ἐν
3074 4431 3141 4500 τῇ
3189 4428 3629 4503 συναριθμήσει·

372 4519 598 4568 tizautes
641 4529 754 4578 eos,
792 4513 988 4580 inquit,
1034 4513 1090 4565 in
1144 4512 1355 4566 nomine
1382 4510 1591 4580 Patris,
1619 4519 1669 4567 et
1724 4511 1869 4580 Filii,
1902 4526 1946 4570 et

2056 4510 2453 4576 Βαπτίζοντες
2505 4511 2638 4581 γὰρ,
2688 4510 2877 4581 φησιν,
2923 4512 3149 4580 αὐτοὺς
3205 4516 3295 4580 είς
3326 4515 3392 4569 τὸ
3441 4515 3633 4583 ὄνομα

373 4600 608 4668 Spiritus
652 4596 825 4651 sancti
851 4596 902 4661 1;
926 4597 1190 4668 dignitate
1216 4603 1499 4665 praeterea,
1529 4611 1597 4652 ex
1616 4595 1779 4655 Patre
1801 4599 1946 4655 enim

374 4685 562 4748 Filius,
623 4699 729 4739 non
781 4698 845 4737 ex
878 4678 1017 4734 Filio
1044 4679 1207 4735 Pater
1234 4699 1249 4747 ;
1282 4692 1475 4736 natura
1504 4696 1634 4738 vero
1678 4684 1947 4753 aequalis:

374 4768 488 4840 Ego
520 4760 688 4835 enim,
726 4769 922 4838 inquit,
965 4776 1014 4821 et
1045 4764 1208 4820 Pater
1252 4782 1414 4821 unum
1448 4783 1630 4822 sumus
1659 4767 1716 4822 ἰ
1767 4769 1848 4825 sic
1891 4778 1950 4824 et

375 4856 612 4926 Spiritus
648 4862 873 4907 sanctus
898 4850 1093 4904 ordine
1125 4851 1343 4920 quidem
1379 4849 1518 4906 Filio
1547 4855 1819 4921 posterior
1841 4866 1947 4924 est,

375 4950 432 4995 ut
490 4954 557 4994 ex
606 4938 1094 4992 connumeratione
1140 4935 1471 4992 declaratum
1532 4945 1636 5003 est,
1689 4938 1951 5008 dignitate

373 5023 538 5077 etiam
568 5019 835 5091 profecto.
886 5017 1124 5089 Spiritus
1164 5017 1463 5074 enim-Filii
1494 5018 1713 5087 dicitur,
1746 5029 1804 5075 ut
1855 5021 1951 5091 qui

372 5122 468 5176 per
517 5105 712 5161 Filium
758 5104 1029 5173 praebetur
1086 5119 1102 5156 :
1147 5102 1298 5157 Misit
1336 5104 1500 5166 enim,
1555 5102 1753 5172 inquit,
1807 5104 1950 5160 Deus

371 5191 634 5261 Spiritum
683 5185 820 5241 Filii
873 5189 958 5241 sui
1012 5188 1069 5241 in
1106 5187 1268 5241 corda
1299 5195 1488 5240 nostra
1506 5186 1550 5240 ⁸.
1598 5184 1714 5240 Non
1767 5197 1947 5243 autem

372 5272 541 5330 Filius
575 5273 776 5330 dicitur
804 5272 973 5340 ipsius
998 5271 1253 5341 Spiritus.
1277 5268 1483 5325 Natura
1515 5276 1693 5325 tamen
1723 5271 1950 5340 aequalis

371 5370 457 5415 est
502 5358 647 5414 Patri
675 5367 730 5413 et
760 5354 916 5412 Filio.
946 5355 1154 5423 Quibus
1179 5356 1323 5409 enim
1353 5354 1540 5408 eadem
1576 5362 1658 5409 est
1687 5354 1849 5416 actio,
1884 5354 1953 5410 iis

371 5446 561 5499 eadem
596 5453 681 5499 est
708 5442 870 5497 etiam
908 5448 1123 5494 natura.
1173 5439 1241 5491 At
1288 5437 1586 5492 Eunomius
1621 5451 1745 5491 eum
1779 5452 1952 5491 annu-

374 5528 691 5583 tnerationis
747 5527 924 5582 ordini
958 5524 1283 5592 adiungens,
1309 5522 1481 5577 tertia:
1522 5522 1701 5590 ipsum
1743 5529 1949 5577 natura:

372 5613 760 5671 pronuntiavit.

446 5719 462 5748 ¹
505 5725 628 5785 Act.
656 5746 693 5794 I,
731 5730 818 5783 10.
945 5731 965 5760 ²
997 5729 1015 5783 l
1046 5729 1171 5784 Cor.
1211 5745 1271 5791 ll,
1308 5725 1394 5780 14.

1501 5726 1522 5757 ³
1543 5722 1702 5777 Joan.
1736 5737 1810 5785 tv,
1833 5721 1924 5788 2|,
1951 5722 2040 5776 22.

2052 4595 2160 4650 τοῦ
2188 4595 2440 4661 Πατρός,
2473 4594 2571 4647 καὶ
2609 4594 2715 4649 τοῦ
2750 4594 2911 4661 Υίοῦ,
2953 4596 3056 4649 καί
3086 4596 3193 4651 τοῦ
3239 4597 3413 4668 ἁγίου
3445 4598 3635 4651 Ilvati-

2047 4693 2266 4747 ματος-ο
2300 4676 2459 4729 ἔτιδέ
2489 4678 2583 4728 καὶ
2622 4675 2921 4747 ἀξιώματι·
2954 4681 3020 4733 ἐκ
3051 4680 3262 4748 Πατρὸς
3295 4681 3404 4751 γὰρ
3428 4682 3456 4733 ὁ
3477 4679 3632 4747 Υἱὸς,

2051 4764 2153 4817 οὐκ
2181 4762 2255 4832 ὲκ⁵
2273 4759 2367 4812 τοῦ
2393 4758 2523 4811 Υίοῦ
2547 4760 2575 4810 ὁ
2609 4760 2819 4832 Πατὴρ,
2850 4765 3013 4832 φύσει
3042 4765 3099 4817 δὲ
3130 4767 3279 4828 ἰσοςο
3312 4764 3462 4835 Ἐγὼ
3495 4766 3631 4836 γὰρ,

2056 4845 2211 4915 φησι,
2245 4844 2343 4897 καί
2374 4846 2405 4896 ό
2433 4842 2636 4912 Πατὴρ
2666 4843 2738 4898 ἓν
2760 4846 2950 4916 ἐσμεν
2969 4863 2984 4877 ·
3014 4847 3157 4901 οὕτω
3177 4852 3272 4902 καὶ
3309 4850 3372 4902 τὸ
3407 4850 3635 4919 Πνεῦμα

2055 4931 2118 4984 τὸ
2162 4929 2316 4997 ἅγιον
2353 4926 2506 4993 τάξει
2556 4930 2655 4999 μὲν
2698 4931 2953 5000 δεύτερον
3001 4932 3095 4985 τοῦ
3140 4931 3296 5000 Υίοῦ,
3346 4933 3530 4993 καθὼς
3572 4933 3633 4985 ἐν

2057 5017 2125 5085 τῇ
2184 5010 2580 5084 συναριθμήσει
2627 5014 2960 5083 δεδήλωται,
3016 5018 3107 5070 ναὶ
3161 5018 3267 5087 μὴν
3320 5019 3415 5071 καὶ
3462 5015 3631 5082 ἁξιώ-

2054 5113 2217 5167 ματι.
2252 5096 2475 5165 Πνεῦμα
2514 5096 2622 5168 γὰρ
2682 5097 2815 5152 Υίοῦ
2873 5098 3114 5166 λέγεται,
3151 5100 3228 5164 ὡς
3258 5100 3346 5154 διὰ
3372 5100 3467 5153 τοῦ
3499 5097 3632 5153 Υίοῦ

2058 5182 2483 5253 χορηγούμενον.
2528 5184 2959 5249 Ἰιξιιπέστειλε
2979 5186 3110 5255 γὰρ,
3134 5187 3322 5255 φησὶν,
3346 5187 3378 5238 ό
3402 5187 3548 5251 Θεὸς
3564 5184 3633 5238 τὸ

2056 5267 2302 5336 Πνεῦμα
2330 5267 2434 5321 τοῦ
2469 5269 2608 5323 Υιοῦ
2645 5269 2834 5323 αὑτοῦ
2868 5272 2955 5333 είς
3003 5268 3111 5335 τὰς
3143 5270 3391 5338 καρδίας
3418 5267 3587 5338 ἡμῶν
3621 5284 3635 5298 ·

2057 5352 2120 5403 οὐ
2159 5350 2267 5419 μὴν
2309 5353 2337 5404 ὁ
2366 5351 2492 5415 Υἱὸς
2529 5352 2870 5422 Πνεύματος.
2897 5351 3063 5404 Φύσει
3101 5354 3160 5407 δὲ
3191 5355 3306 5407 ἴσον
3336 5352 3431 5406 καὶ
3458 5351 3637 5421 Πατρὶ

2057 5436 2156 5489 καὶ
2175 5434 2309 5506 rip.
2332 5428 2429 5496 Οἷς
2454 5436 2562 5506 γὰρ
2589 5436 2622 5506 ή
2650 5435 2790 5505 αὐτὴ
2817 5435 3089 5505 ἐνάργεια,
3118 5435 3327 5499 τούτοις
3356 5435 3450 5488 καὶ
3473 5433 3634 5503 φύσις

2056 5520 2091 5588 ἠ
2127 5519 2289 5590 αὐτή.
2322 5518 2581 5588 Εύνόμιος
2604 5518 2662 5573 δὲ
2681 5521 2748 5589 τῇ
2782 5516 2933 5583 τάξει
2961 5518 3251 5590 προσσχὼν
3277 5520 3376 5588 τῆς
3411 5533 3634 5588 συναρι-

2056 5602 2335 5676 θμήσεως,
2370 5603 2564 5672 τρίτης
2598 5604 2729 5655 αὐτὸ
2769 5602 2984 5672 φύσεως
3009 5604 3352 5674 ἀπεφήνατο.

2163 5727 2185 5751 ο
2218 5716 2377 5772 Joan.
2419 5732 2527 5783 xlv,
2566 5718 2619 5771 6.
2747 5717 2766 5748 ⁸
2799 5717 2939 5775 Psal.
2969 5734 3098 5783 xw,
3126 5717 3180 5771 3.
3301 5718 3321 5750 '
3351 5713 3510 5771 Joan.
3538 5727 3630 5778 xv,

364 5790 477 5852 9‘5;
524 5807 631 5861 le,
667 5787 752 5852 i7.
828 5800 849 5831 ⁷
878 5800 1068 5853 Matth.
1104 5787 1295 5865 xxviii,
1332 5797 1419 5852 19.
1496 5794 1517 5827 ⁸
1547 5791 1781 5858 Joan.x,
1812 5787 1917 5849 50.
1978 5794 2000 5827 ⁹
2029 5789 2211 5846 Galat.
2247 5803 2320 5853 tv,
2355 5787 2408 5843 0.
