4064 6412
406 343 519 407 72⁸1

1639 348 2023 413 EUTHYMII
2063 351 2428 416 ZIGABENI

3554 356 3662 421 728

403 459 585 513 omnia
648 469 904 530 operatur
945 477 1079 516 unus
1135 472 1184 517 et
1239 465 1377 518 idem
1426 465 1683 536 Spiritus,
1747 466 1959 522 dividen.

2084 468 2257 534 ἄλλῳ
2276 470 2344 523 δὲ
2366 472 2696 541 προφητεία
2716 490 2729 504 ·
2769 472 2937 541 ἄλλῳ
2963 472 3033 529 δὲ
3065 471 3363 539 διάκρισις
3394 450 3661 544 πνεῦμά-

400 544 626 611 singulis
672 553 830 613 prout
889 547 1003 600 vult
1046 549 1086 601 ³.
1168 546 1378 602 Dixerit
1441 551 1640 620 aliquis
1697 553 1797 606 has
1853 568 1977 607 om-

401 642 519 692 nes,
552 636 607 682 et
638 628 796 693 alias,
822 645 1158 700 quaecunque
1191 646 1317 688 sum
1343 634 1581 702 Spiritus
1609 638 1825 707 gratiae,
1855 652 1978 693 esse

401 718 657 778 tanquam
715 726 914 780 corpus
961 714 1152 784 ipsius,
1205 717 1447 786 singulas
1496 729 1675 775 autem
1730 721 1975 789 ipsarum

399 790 626 859 digitum
696 795 975 864 appellari.
1032 798 1206 867 Atque
1263 800 1407 855 hunc
1458 803 1679 872 quidem
1743 803 1976 874 hujusce

397 876 551 930 verbi
577 892 728 930 usum
761 894 831 934 ne
851 880 1181 948 despexeris.
1211 882 1346 937 Nam
1377 903 1498 940 cum
1536 887 1761 942 dixisset
1799 882 1815 942 :7
1847 892 1975 944 Iltec

397 958 577 1012 omnia
610 959 843 1027 Spiritus
894 975 1183 1032 operatur,
1240 977 1297 1020 ut
1360 970 1493 1033 vult,
1542 972 1607 1024 de
1671 971 1781 1028 Deo
1826 973 1970 1027 idem

396 1040 473 1094 ait
541 1062 557 1099 :
610 1042 911 1100 Divisiones
967 1052 1334 1116 operationum
1400 1065 1546 1115 sunt,
1594 1056 1730 1109 idem
1797 1067 1973 1112 autem

393 1122 557 1186 Deus,
609 1129 701 1196 qui
739 1141 993 1194 operatur
1032 1137 1213 1190 omnia
1265 1138 1319 1192 in
1358 1140 1598 1193 omnibus
1632 1141 1674 1194 ¹.
1711 1140 1867 1207 Quod
1923 1144 1970 1197 si

391 1222 652 1277 operatur
686 1215 868 1267 omnia
907 1213 1046 1273 Deus
1079 1230 1138 1272 ut
1179 1220 1313 1285 vult,
1354 1232 1409 1277 et
1439 1226 1551 1276 luet:
1598 1227 1777 1280 omnia
1841 1242 1972 1294 ope—

395 1305 544 1348 ratur
567 1311 706 1350 unus
738 1308 793 1353 et
824 1300 961 1354 idem
992 1300 1250 1372 Spiritus,
1274 1306 1520 1361 dividens
1554 1310 1781 1379 singulis
1806 1321 1971 1380 prout

393 1377 526 1435 vult.
559 1384 832 1448 quomodo
864 1382 1152 1439 diversitas
1180 1390 1433 1443 essentize
1480 1392 1572 1456 sit,
1643 1377 1731 1445 ubi
1778 1377 1966 1448 eadem

393 1461 625 1517 actionis
653 1464 1049 1522 visiDiversis
1101 1470 1244 1522 enim
1291 1473 1549 1529 essentiis
1602 1487 1666 1528 ex
1717 1476 1966 1532 Eunomii

391 1547 660 1601 sententia
717 1548 963 1605 diversas
1032 1566 1154 1607 esse
1215 1557 1462 1612 actiones
1527 1560 1832 1626 oportebat.
1900 1563 1969 1614 At

391 1629 636 1683 eamdem
664 1631 887 1700 Spiritui
915 1635 1298 1692 auctoritatem
1338 1654 1402 1695 ac
1465 1650 1789 1709 porestatem
1838 1645 1966 1701 Ser—

391 1722 547 1767 vator
581 1729 705 1769 esse
753 1717 1071 1784 testificaris,
1112 1720 1364 1791 Spiritus,
1416 1726 1613 1798 inquit,
1675 1730 1765 1783 ubi
1828 1733 1962 1798 vult,

389 1796 556 1863 spirat
591 1798 630 1853 ³.

853 2043 935 2096 Ea:
967 2046 1152 2101 eadem
1181 2052 1451 2105 oratione.

455 2127 547 2182 Dei
589 2132 864 2222 proprium
895 2145 979 2189 est
1035 2138 1312 2198 dimittere
1376 2155 1783 2212 peccata,-cum
1836 2151 1957 2222 ipse

384 2209 531 2264 dicat
580 2229 593 2265 :
643 2212 757 2282 Ego
780 2230 916 2280 sum,
951 2220 1040 2288 qui
1091 2221 1239 2276 deleo
1281 2209 1496 2291 peccata
1527 2209 1615 2282 tua
1651 2230 1693 2286 ⁸.
1737 2231 1801 2288 Ει
1846 2209 1873 2288 ε’
1900 2233 1958 2290 Si

383 2294 583 2359 fuerint
607 2306 821 2354 peccata
844 2312 1014 2354 vestra
1056 2305 1491 2375 utivermiculus,
1568 2314 1964 2372 dealbaountur

385 2388 637 2444 tanquam
689 2382 800 2440 nix.
867 2384 948 2436 sin
992 2386 1185 2454 fuerint
1243 2402 1298 2443 ut
1360 2396 1647 2463 coccinum,
1707 2411 1958 2470 tanquam

383 2458 508 2514 lana
537 2463 659 2517 alba
677 2468 885 2522 erunt“.
915 2471 1173 2529 Dominus
1201 2491 1329 2532 vero
1350 2479 1631 2537 insumans
1647 2458 1910 2555 apostolis
1941 2506 1954 2541 :

385 2546 641 2636 Accipite,
667 2551 860 2619 inquit,
901 2553 1159 2624 Spiritum
1214 2573 1454 2617 sanctum
1489 2546 1757 2636 :quorum
1802 2573 1959 2625 remi-

382 2629 559 2684 seritis
587 2645 823 2699 peccata,
861 2640 1208 2695 remittuntur
1256 2646 1330 2698 eis
1361 2648 1400 2702 ⁶.
1446 2648 1503 2703 Si
1546 2629 1754 2706 nullius
1794 2655 1958 2723 igitur

381 2722 485 2775 est,
521 2716 793 2771 remittere
819 2734 1060 2789 peccata,
1096 2736 1153 2777 ut
1183 2730 1425 2795 profecto
1456 2748 1558 2787 non
1587 2745 1691 2798 est,
1736 2716 1841 2792 nisi
1865 2755 1957 2792 so-

382 2792 491 2849 lius
534 2796 648 2861 Dei,
691 2801 927 2869 Spiritus
957 2819 1136 2861 autem
1184 2792 1408 2867 sanctus
1435 2830 1496 2868 ea
1533 2834 1627 2885 per
1678 2822 1956 2888 apostolos

382 2878 647 2936 dimittit:
683 2884 917 2954 Spiritus
960 2903 1180 2948 sanctus
1240 2897 1496 2954 nimirum
1533 2878 1636 2958 'est
1678 2878 1839 2967 D'eus,
1903 2918 1960 2963 et

381 2967 651 3031 eamdem,
685 2984 844 3038 quam
902 2973 1066 3029 Pater
1096 2988 1148 3033 et
1175 2978 1360 3046 Filius,
1398 2988 1669 3040 actionem
1697 2988 1882 3045 habet.

858 3066 940 3119 Ιίτ
972 3072 1151 3125 eadem
1189 3077 1450 3130 oratione.

2081 571 2220 619 των,
2244 555 2412 620 ἄλλῳ
2445 557 2516 610 δὲ
2536 558 2678 625 γένη
2718 557 3033 633 γλωσσῶν,
3069 557 3239 622 ἄλλῳ
3272 558 3341 612 δὲ
3378 559 3661 629 ἑρμηνεία

2081 641 2398 709 γάωσσῶν.
2442 643 2631 697 Ταῦτα
2672 644 2742 697 δὲ
2774 646 2969 697 πάντα
3003 643 3239 712 ἐνεργεῖ
3265 644 3330 698 τὸ
3357 643 3428 698 ἓν
3467 647 3563 700 καὶ
3589 647 3656 701 τὸ

2078 725 2228 778 αὐτὸ
2253 725 2492 794 Πνεῦμα
2516 726 2788 794 διαιροῦν
2808 730 2929 782 tota
2953 726 3187 790 ἑκάστῳ
3215 726 3413 792 καθὼς
3431 728 3657 791 ,ϐούλε-

2080 827 2194 864 ται.
2221 810 2378 863 Εἴποι
2396 806 2491 864 οὗν
2515 828 2600 874 τις
2625 811 2710 875 ἂν,
2737 815 2819 866 ὅτι
2840 811 3013 865 ταῦτα
3043 813 3241 872 πάντα,
3267 811 3364 863 καὶ
3387 813 3491 866 ὅσα
3519 813 3658 868 ἄλλα

2078 894 2400 962 χαρίσματα
2419 896 2526 947 eis:
2545 891 2637 947 τοῦ
2663 894 3001 964 Πνεύματος,
3021 894 3210 963 ὥσπερ
3227 912 3279 948 τι
3308 897 3468 966 σῶμα
3489 895 3655 950 αὐτοῦ

2075 978 2363 1046 τυγχάνει,
2405 978 2466 1031 τὸ
2498 978 2554 1032 δὲ
2593 979 2716 1034 καθ’
2750 980 2810 1032 ἓν
2835 980 2949 1033 τῶν
2976 981 3338 1050 χαρισμάτων
3365 981 3651 1045 δάκτυλος.

2078 1061 2190 1115 Καὶ
2216 1063 2375 1115 τοῦτο
2397 1064 2454 1116 δὲ
2487 1064 2547 1115 τὸ
2573 1065 2847 1133 χρήσιμον
2877 1063 2976 1130 τῆς
3006 1062 3205 1127 λέξεως
3256 1065 3332 1133 μὴ
3369 1064 3604 1135 παρίδῃς
3636 1081 3652 1096 ⁸

2076 1146 2281 1201 Πάντα
2336 1150 2464 1216 γὰρ,
2506 1149 2708 1218 φήσας,
2745 1147 2934 1201 ταῦτα
2971 1146 3208 1216 ἐνεργεῖ
3255 1148 3322 1200 τὸ
3385 1147 3651 1216 Πνεῦμα,

2074 1234 2272 1297 καθὼς
2298 1233 2613 1296 βούλεται,
2637 1231 2730 1285 καὶ
2760 1233 2889 1297 περὶ
2913 1231 3049 1285 Θεοῦ
3078 1234 3107 1284 ὁ
3147 1234 3314 1295 αὐτὸς
3349 1232 3454 1301 ἔφη
3482 1249 3496 1262 ·
3541 1230 3653 1285 Kal

2072 1316 2394 1385 διαιρέσεις
2424 1315 2845 1386 ἐνεργημάτων
2873 1316 3034 1372 εὶσίν
3060 1334 3075 1350 ο
3108 1319 3141 1371 ὀ
3174 1316 3242 1370 δὲ
3277 1318 3460 1383 αὐτὸς
3482 1318 3648 1383 Θεὸς,

2072 1403 2105 1454 ὀ
2135 1399 2396 1470 ἐνεργῶν
2434 1402 2505 1455 τὰ
2529 1400 2729 1455 πάντα
2758 1401 2829 1455 ἐν
2853 1399 3066 1456 πᾶσιν.
3105 1400 3170 1453 El
3195 1401 3252 1455 δὲ
3283 1403 3463 1454 πάντα
3492 1403 3651 1471 ἐνερ-

2072 1487 2159 1552 γεῖ
2180 1487 2209 1539 ὀ
2240 1485 2397 1550 Θεὸς,
2439 1485 2625 1548 καθὼς
2662 1486 2941 1555 βούλεται,
2993 1486 3112 1549 πῶς
3144 1485 3404 1556 ἑτερότης
3435 1485 3647 1549 οὐσίας,

2069 1569 2199 1623 ἔνθα
2224 1571 2494 1640 ταυτότης
2522 1570 2806 1640 ἐνεργείας
2842 1568 3178 1640 γνωρίζεται
3205 1585 3220 1634 ;
3243 1568 3651 1639 Παρηλλαγμὲ-

2070 1669 2177 1705 νων
2216 1652 2328 1722 γὰρ
2353 1652 2460 1705 τῶν
2491 1651 2710 1714 οὐσιῶν,
2743 1650 3210 1720 παρηλλαγμένας
3238 1646 3379 1702 εἶναι
3410 1649 3517 1702 ἔδει
3550 1651 3649 1704 καὶ

2070 1733 2168 1796 τὰς
2202 1733 2492 1803 ἐνεργείας
2517 1734 2659 1788 κατὰ
2680 1734 2773 1787 τὸν
2795 1731 3165 1786 ἀσεϐέστατον
3205 1730 3495 1800 Εὐνόμιον.
3533 1732 3650 1801 Τὴν

1997 1815 2127 1873 Βδὲ
2202 1816 2373 1886 αὐτὴν
2413 1817 2702 1873 αὐθεντίαν
2762 1818 2856 1869 καὶ
2913 1814 3162 1881 ἐξουσίαν
3215 1814 3512 1884 μαρτυρῶν
3568 1814 3649 1884 τῷ

2074 1899 2357 1971 Πνεύματι
2397 1903 2423 1954 ὁ
2458 1900 2672 1969 Σωτὴρ,
2708 1899 2779 1954 Τὸ
2814 1900 3080 1969 Πνεῦμα,
3130 1898 3259 1972 ἔφη,
3295 1899 3450 1953 ὅπου
3485 1899 3648 1954 θέλει

2071 1990 2227 2042 πνεῖ.

2623 2060 2706 2113 Ere
2740 2058 2848 2113 τοῦ
2898 2060 3108 2115 αὐτοῦ.

2144 2151 2308 2204 ἰδιον
2357 2149 2494 2203 Θεοῦ
2525 2152 2747 2221 ἀφιέναι
2789 2152 3091 2222 ἁμαρτίας,
3123 2151 3293 2206 αὐτοῦ
3343 2152 3594 2218 λέγοντος
3625 2164 3641 2179 ·

2083 2235 2229 2303 Ἐγώ
2257 2239 2375 2305 εἰμι
2413 2240 2445 2290 ό
2480 2237 2819 2306 ﬁala/sator
2847 2238 2955 2301 τὰς
2995 2238 3288 2306 ἁμαρτίας
3322 2248 3463 2301 σου,
3502 2235 3599 2288 καί
3624 2250 3641 2267 ο

2082 2319 2225 2373 Ἐὰν
2249 2314 2401 2373 ὦσιν
2448 2324 2506 2376 ai
2546 2322 2821 2390 ἁμαρτίαι
2861 2319 3030 2387 ὑμῶν
3065 2321 3146 2386 ὠς
3176 2320 3512 2389 φοινικοῦν,
3560 2319 3645 2384 ὡς

2068 2406 2244 2470 χιόνα
2289 2403 2588 2466 λευκανῶ,
2652 2404 2761 2458 ἐὰν
2800 2403 2868 2456 δὲ
2902 2398 3055 2459 ὦσιν
3095 2404 3177 2469 ὡς
3214 2405 3518 2468 κόκκινον,
3561 2404 3647 2468 ὼς

2067 2487 2232 2555 ἔριον
2261 2486 2561 2540 λευκανῶ.
2598 2486 2659 2539 '0
2688 2488 2744 2539 δὲ
2794 2486 2996 2556 Κύριος
3035 2487 3298 2556 ἐμφυσῶν
3347 2489 3461 2551 τοῖς
3503 2487 3646 2539 ἀπο-

2070 2573 2278 2634 στόλοις
2318 2572 2421 2640 ἑφη
2455 2589 2468 2603 ·
2516 2571 2738 2625 Λάϐετε
2799 2570 3043 2638 Πνεῦμα
3073 2570 3266 2639 ἅγιον.
3300 2571 3403 2623 Ἂν
3460 2584 3646 2624 τινων

2066 2656 2260 2724 ἀφῆτε
2293 2654 2400 2720 τὰς
2429 2657 2737 2725 ἁμαρτιας.
2774 2656 3048 2724 ἀφίενται
3082 2656 3309 2721 αὐτοῖς.
3342 2658 3404 2709 El
3461 2657 3644 2709 τοίνυν

2066 2740 2281 2802 οὐδενός
2302 2740 2454 2791 ἐστιν
2502 2739 2728 2805 ἀφιέναι
2775 2739 3078 2809 ἁμαρτίας,
3135 2741 3328 2807 ὥσπερ
3358 2741 3458 2794 οὐκ
3489 2742 3640 2794 ἐστιν

2067 2826 2115 2878 εί
2174 2824 2249 2892 μὴ
2290 2822 2454 2892 μόνου
2496 2822 2655 2887 Θεοῦ,
2690 2824 2883 2891 ἀφίησι
2919 2822 2976 2874 δὲ
3017 2825 3078 2876 τὸ
3111 2824 3336 2893 Πνεῦμα
3384 2827 3445 2878 τὸ
3479 2824 3640 2892 ἅγιον

2065 2909 2153 2963 διὰ
2197 2911 2307 2961 τῶν
2336 2910 2674 2970 ἀποστόλων,
2712 2909 2843 2972 Θεὸς
2871 2909 2979 2980 ἄρα
3006 2910 3067 2962 τὸ
3098 2910 3326 2981 Πνεῦμα
3358 2911 3421 2964 τὸ
3458 2911 3640 2980 ἅγιον,

2067 2994 2156 3046 καὶ
2185 2993 2283 3061 τῆς
2321 2992 2490 3059 αὐτῆς
2526 2993 2810 3061 ἐνεργείας
2838 2992 2914 3061 τῷ
2949 2993 3123 3062 Πατρὶ
3157 2997 3251 3046 καὶ
3289 2994 3366 3064 τῷ
3400 2995 3530 3065 Υίῷ.

2619 3084 2719 3135 Ἐκ
2745 3083 2850 3135 τοῦ
2877 3083 3091 3136 αὐτοῦ.

468 3150 609 3248 Vade
658 3154 1076 3234 Damascum,“
1134 3167 1209 3220 ibi
1269 3170 1475 3224 dicetur
1524 3173 1642 3233 tibi,
1706 3179 1953 3243 quoniam

2132 3177 2402 3244 Πορεύου
2436 3179 2522 3241 εἰς
2548 3176 2904 3243 Δαμασκὸν,
2938 3177 3115 3231 κάκεῖ
3154 3194 3254 3233 σοι
3288 3179 3641 3248 λαληθήσε-

379 3248 471 3285 vas
504 3235 769 3293 electionis
801 3244 928 3295 mihi
952 3262 1004 3298 es
1037 3249 1077 3299 ⁷.
1114 3247 1373 3306 Dominus
1425 3254 1588 3324 igitur
1621 3235 1786 3313 Paulo
1835 3278 1957 3316 cum

381 3321 763 3386 apparuisset,
823 3325 1034 3383 locutus
1087 3342 1189 3386 est.
1256 3334 1321 3387 At
1378 3321 1554 3393 eidem
1634 3342 1955 3399 Damascum

384 3401 632 3467 ingresso
666 3407 905 3463 Ananias
967 3414 1042 3466 ait
1081 3431 1095 3467 ε
1132 3415 1291 3471 Saule
1328 3420 1517 3486 frater,
1548 3427 1765 3493 respice,
1820 3429 1958 3483 Deus

380 3491 597 3550 patrum
637 3491 793 3559 elegit
816 3502 864 3547 te
895 3496 938 3549 ³.
999 3499 1075 3553 Ac
1117 3515 1183 3554 ne
1226 3517 1323 3555 vox
1361 3504 1448 3557 illa
1484 3491 1717 3565 Deus—de
1740 3510 1958 3565 Christo

381 3569 730 3642 intelligatur,
769 3579 1029 3647 subjicit:
1075 3582 1138 3635 Ut
1169 3586 1343 3653 facias
1390 3590 1710 3647 voluntatem
1741 3595 1875 3665 ejus,
1908 3606 1958 3650 et

379 3669 665 3723 cognoscas
704 3661 909 3729 justum
958 3667 1125 3735 ipsius
1173 3668 1375 3726 Iesum.
1412 3672 1530 3743 ipse
1564 3691 1690 3733 vere
1719 3661 1960 3735 vocatio~

381 3756 505 3795 nem
550 3752 606 3799 et
634 3746 955 3802 electionem
998 3752 1256 3821 scriptam
1313 3757 1626 3827 relinquens
1665 3781 1677 3816 :
1730 3762 1953 3827 Paulus.

378 3825 768 3895 inquit,servus
785 3831 915 3887 Jesu
939 3834 1159 3903 Christi,
1181 3852 1392 3894 voratus
1405 3825 1672 3910 apostolus
1692 3848 1735 3901 9.
1755 3825 1958 3905 Deinde

380 3915 650 3969 vocatioui
690 3918 836 4007 aliud
890 3922 1146 3987 quiddam
1180 3924 1462 3996 adiungit:
1499 3930 1832 4002 Segregatus,
1876 3937 1956 4007 iu.

378 3999 589 4065 quiens,
622 4000 676 4053 in
711 4000 1057 4073 Evangelia»:
1095 4007 1190 4061 Dei
1221 4009 1287 4062 ¹⁰.
1349 4010 1505 4077 Quod
1552 3999 1732 4069 autem
1781 4004 1953 4081 ille,a

378 4098 486 4149 quo
524 4096 845 4154 segregatus
881 4099 987 4153 est,
1026 4089 1193 4145 fuerit
1228 4092 1463 4160 Spiritus
1509 4106 1753 4165 sanctus,
1787 4102 1957 4157 Actus

377 4169 745 4235 apostolorum
773 4177 1152 4241 ostenderunt,
1189 4180 1277 4233 ubi
1317 4184 1584 4253 scriptum
1623 4193 1709 4239 est
1742 4201 1755 4236 :
1805 4187 1957 4254 Jeju-

378 4251 627 4306 nantibus
653 4264 831 4308 autem
863 4261 1139 4323 apostolis,
1173 4271 1221 4315 et
1259 4251 1531 4318 orantibus
1557 4267 1691 4321 dixit
1720 4251 1954 4336 Spiritus

375 4347 590 4388 sanctus
623 4354 641 4389 :
673 4337 951 4409 Segregate
997 4346 1123 4397 milii
1179 4346 1406 4400 Paulum
1453 4361 1499 4402 et
1558 4349 1859 4405 Barnabam
1900 4358 1954 4408 in

2062 3278 2178 3323 ται,
2215 3261 2303 3313 ὅτι
2335 3262 2561 3327 σκεῦος
2593 3259 2857 3329 ἐκλογῆς
2882 3278 2983 3330 μοι
3027 3257 3119 3323 εἴ,
3168 3263 3463 3331 οὐρανόθεν
3523 3270 3643 3321 ἑπι-

2065 3347 2254 3413 φανεὶς
2308 3346 2337 3396 ὁ
2400 3345 2604 3415 Κύριος
2637 3345 2714 3414 τῷ
2748 3346 2945 3413 Παύλῳ
2998 3344 3125 3415 ἔφη.
3174 3347 3412 3401 Εξσιόντι
3470 3350 3527 3404 δὲ
3556 3354 3643 3417 είς

2062 3429 2354 3498 Δαμασκὸν
2393 3428 2639 3490 Ἀνανίας
2671 3428 2776 3497 ἔφη
2808 3445 2824 3461 ο
2856 3428 3055 3483 Σαοὺλ
3079 3429 3332 3498 ἀδελφὲ,
3378 3432 3639 3489 ἀνάϐλε-

2061 3517 2194 3580 ψαι,
2227 3516 2260 3566 ὁ
2287 3512 2431 3578 Θεὸς
2461 3512 2580 3564 τῶν
2605 3512 2878 3579 πατέρων
2903 3514 3368 3581 προεχειρίσατό
3396 3532 3489 3569 σε.
3524 3520 3640 3572 Καὶ

2062 3598 2149 3649 ἵνα
2189 3596 2263 3664 μὴ
2317 3596 2447 3663 περὶ
2497 3596 2738 3663 Χριστοῦ
2782 3597 3015 3667 νομισθῇ
3043 3597 3102 3649 τὸ
3133 3598 3306 3667 ῥῆμα,
3338 3599 3588 3670 ἐπιλέγει
3618 3617 3636 3634 ο

2064 3680 2179 3733 Τοῦ
2213 3680 2467 3747 ποιῆσαι
2520 3683 2585 3732 τὸ
2610 3680 2841 3748 θέλημα
2869 3682 3079 3744 αὑτοῦ,
3145 3683 3243 3735 καὶ
3275 3683 3496 3750 γνῶναι
3528 3686 3641 3740 τὸν

2059 3768 2297 3819 δίκαιον
2320 3764 2508 3817 αὐτοῦ
2533 3763 2801 3830 Ἰησοῦν.
2841 3765 2936 3826 Ὃς
2965 3765 3028 3834 δὴ
3059 3765 3159 3835 τὴν
3188 3765 3400 3836 κλῆσιν,
3422 3770 3517 3821 καὶ
3534 3770 3639 3841 τὴν

2060 3848 2405 3920 προχείρισιν
2435 3847 2789 3915 ἀνάγραπτον
2845 3848 3174 3917 ποιούμενος
3205 3848 3309 3919 ἔφη
3337 3865 3351 3880 ⁶
3390 3852 3636 3920 Παῦλος

2059 3934 2281 3998 δοῦλος
2319 3930 2517 3998 Ἰησοῦ
2546 3929 2805 3996 Χριστοῦ
2835 3931 3065 3998 κλητὸς
3102 3930 3472 3997 ἀπόστολος.
3499 3931 3632 3990 Εἶτα

2060 4018 2155 4069 καὶ
2206 4016 2334 4069 ἄλλο
2358 4032 2411 4066 τι
2443 4013 2583 4082 πρὸς
2613 4015 2677 4082 τῇ
2714 4014 2905 4081 κλήσει
2968 4014 3151 4081 λέγει’
3187 4016 3628 4086 Ἀφωρισμένος

2058 4101 2145 4165 εὶς
2173 4097 2548 4166 Εὑαγγέλιον
2581 4094 2751 4148 Θεοῦ.
2795 4094 2869 4147 To
2919 4095 2974 4148 δὲ
3007 4098 3277 4167 ἀφορίσαν
3314 4102 3373 4154 τὸ
3406 4100 3629 4171 Πνεῦμα,

2059 4181 2347 4249 τυγχάνειν
2399 4179 2457 4231 al
2512 4177 2747 4247 Πράξεις
2798 4178 2909 4231 τῶν
2950 4182 3268 4235 ἀποστόλων
3328 4184 3579 4249 ἐδίδαξαν
3612 4202 3626 4216 ο

2057 4263 2499 4331 Νηστευόντων
2549 4260 2684 4330 τὰρ,
2732 4263 3053 4331 φησὶ,·τῶν
3107 4266 3491 4334 ἀποστόλων,
3527 4270 3631 4323 καὶ

2059 4363 2120 4416 ,τι
2140 4347 2582 4415 οσευχομένων,
2613 4342 2734 4399 εἷπε
2768 4348 2828 4399 τὸ
2863 4348 3087 4418 Πνεῦμα
3111 4351 3171 4404 τὸ
3192 4351 3349 4415 ἅγιον
3367 4369 3381 4383 ³
3401 4356 3635 4423 Ἀφορί-

376 4434 530 4486 opus,
571 4420 642 4472 ad
668 4424 806 4504 quod
839 4427 1016 4479 vocavi
1041 4443 1128 4482 eos
1164 4428 1226 4483 “.
1261 4430 1412 4496 Quod
1453 4433 1496 4486 si
1534 4430 1758 4485 Paulum
1789 4436 1956 4504 elegit

2064 4448 2208 4485 σατε
2235 4430 2311 4498 δή
2341 4448 2442 4498 μοι
2474 4430 2582 4482 τὸν
2626 4430 2896 4492 Παῦλον,
2929 4433 3029 4485 καὶ
3058 4433 3166 4486 τὸν
3190 4420 3506 4504 Βαρνάϐαν
3538 4420 3632 4503 είς

381 4502 640 4555 Dominus
695 4503 832 4559 Deus
884 4519 1121 4574 patrum,
1182 4526 1342 4578 quem
1400 4524 1578 4568 autem
1633 4515 1719 4569 hic
1768 4502 1951 4587 elegit,

2064 4516 2126 4569 τὸ
2155 4516 2333 4583 ἔργον
2351 4553 2364 4576 ,
2397 4513 2428 4566 ὃ
2456 4514 2916 4581 προσκέκλημαι
2950 4518 3196 4582 αὐτούς.
3232 4502 3295 4571 Ei
3324 4520 3380 4573 δὲ
3406 4502 3636 4590 ὲκλέγεζ

381 4582 526 4638 hunc
556 4600 803 4659 segregat
834 4590 1075 4660 Spiritus
1117 4607 1364 4662 sanctus,
1394 4609 1600 4653 natura:
1635 4612 1792 4655 utens
1821 4582 1956 4659 auc-

375 4669 614 4736 toritate,
674 4679 945 4741 quomodo
967 4680 1217 4735 essentia:
1247 4682 1535 4738 diversitas
1568 4684 1622 4736 in
1665 4683 1952 4756 Trinitate,

373 4749 426 4803 in
485 4769 590 4822 qua
628 4757 822 4812 eadem
857 4762 1091 4817 actionis
1120 4763 1201 4817 vis
1238 4764 1562 4825 invenitur?

866 4995 949 5050 Ea:
971 5000 1153 5051 eadem
1183 5005 1441 5059 oratione.

445 5083 616 5137 Isaias
650 5084 909 5149 propheta
944 5102 956 5136 :
1002 5088 1142 5156 Vidi,
1174 5092 1367 5161 inquit,
1405 5096 1689 5153 Dominum
1718 5100 1949 5159 Sabaoth

371 5170 639 5220 sedentem
679 5168 733 5218 in
764 5167 901 5249 solio
931 5172 1066 5237 atto,
1098 5183 1147 5225 et
1168 5176 1401 5239 sublimi,
1434 5188 1485 5232 et
1521 5185 1781 5249 seraphim
1836 5196 1951 5242 sta-

370 5250 494 5303 bant
529 5250 585 5303 in
625 5247 850 5302 circuitu
874 5250 1011 5319 ejus.
1050 5252 1156 5308 Sea;
1178 5257 1282 5311 alte
1307 5261 1418 5325 uni,
1451 5271 1501 5315 et
1527 5279 1620 5317 sea:
1640 5247 1754 5321 Vala:
1814 5274 1951 5326 alte-

369 5331 415 5385 ri
451 5331 518 5387 ".
543 5331 607 5386 Et
636 5332 796 5403 paulo
828 5343 950 5401 post
981 5352 996 5388 :
1041 5335 1110 5389 Et
1139 5340 1211 5393 ait
1260 5341 1519 5399 Dominus
1555 5352 1624 5401 ad
1650 5366 1730 5405 me
1762 5372 1775 5405 :
1842 5352 1943 5408 Va-

369 5415 453 5477 de,
488 5425 535 5466 et
597 5418 683 5470 dic
731 5417 923 5485 papqu
970 5419 1092 5474 huic
1148 5437 1166 5476 :
1223 5426 1365 5480 Aure
1417 5429 1620 5494 audite,
1679 5446 1725 5487 et
1781 5437 1944 5493 nolite

367 5496 699 5589 intelligere;
728 5510 775 5556 et
807 5504 1034 5559 videntes
1077 5508 1266 5576 videte,
1299 5522 1346 5565 et
1395 5515 1561 5569 nolite
1615 5535 1941 5589 cognoscere.

362 5576 727 5638 lncrassatum
751 5586 889 5639 enim
925 5602 998 5643 est
1027 5606 1118 5643 cor
1153 5594 1335 5662 populi
1360 5598 1538 5664 hujus,
1571 5610 1626 5654 et
1677 5576 1804 5672 qua:
1856 5622 1942 5662 se-

2051 4618 2145 4654 ται
2192 4600 2289 4669 μὲν
2335 4600 2498 4653 αὐτὸν
2549 4598 2757 4669 Κύριος
2804 4602 2831 4652 ὁ
2874 4599 3006 4662 Θεὸς
3054 4602 3163 4654 τῶν
3209 4606 3505 4674 πατέρων,
3566 4607 3629 4661 ὃν

2051 4686 2108 4738 δὲ
2176 4676 2331 4743 οὗτος
2388 4681 2841 4751 προεχειρίσατο,
2902 4683 2992 4735 τόν
3058 4685 3220 4737 αὐτὸν
3270 4689 3522 4755 ἀφορίζει
3565 4690 3631 4742 τὸ

2054 4768 2300 4834 Πνεῦμα,
2331 4764 2590 4833 αὐθεντίᾳ
2621 4763 2836 4832 φύσεως
2869 4765 3174 4835 χρώμενον,
3224 4770 3341 4830 πῶς
3370 4771 3632 4841 ἑτερότης

2052 4853 2238 4911 οὐσίας
2273 4852 2330 4903 ὲν
2379 4852 2445 4918 τῇ
2487 4846 2699 4918 Τριὰδι,
2732 4850 2790 4900 ἐν
2865 4850 3130 4918 ταυτότης
3164 4852 3448 4921 ἐνεργείας
3479 4857 3631 4925 εὑρί-

2052 4953 2239 4990 σκεται
2261 4951 2276 4999 ;

2594 5003 2697 5065 Ἐκ
2726 5004 2831 5057 τοῦ
2870 5005 3078 5059 αὑτοῦ.

2102 5090 2357 5160 "Hostia;
2394 5097 2422 5148 ὁ
2457 5097 2742 5166 προφήτης
2798 5092 3006 5161 Εἶδον,
3056 5097 3184 5167 ἔφη.
3239 5100 3345 5152 τὸν
3405 5102 3629 5168 Κύριον

2048 5182 2294 5240 Σαϐαὼθ
2325 5182 2667 5250 καθήμενον
2701 5180 2800 5234 ἐπὶ
2832 5181 3051 5247 θρόνου
3083 5183 3352 5250 ὑψηλοῦ,
3391 5185 3491 5239 καὶ
3517 5186 3626 5240 ἑπ-

2048 5266 2333 5336 ηρμέφυυ,
2354 5265 2453 5320 καὶ
2483 5267 2554 5318 τὰ
2582 5265 2846 5332 Σεραφὶμ
2873 5263 3267 5330 είστήιιεισαν
3294 5268 3502 5333 κύκλῳ
3520 5273 3627 5325 αὺ-

2053 5353 2182 5418 τοῦ,
2226 5351 2295 5415 ἐξ
2328 5337 2617 5419 πτέρυγες
2667 5349 2747 5414 τῷ
2787 5351 2903 5413 ἐνὶ,
2944 5349 3045 5402 καὶ
3084 5348 3154 5411 ἐξ
3195 5349 3484 5421 πτέρυγες
3545 5354 3625 5420 τῷ

2053 5439 2165 5492 ἐνί.
2191 5440 2300 5491 Καὶ
2324 5440 2442 5507 μετ’
2473 5435 2632 5502 ὀλίγα
2674 5435 2844 5503 φησί’
2882 5436 2995 5488 Kal
3028 5430 3163 5487 εἷπε
3211 5438 3427 5503 Κύριος
3471 5442 3626 5507 πρός

2048 5539 2146 5593 με,
2170 5522 2459 5591 Πορεύου,
2513 5521 2612 5572 καὶ
2663 5517 2836 5572 εἰπὸν
2884 5518 2965 5581 τῷ
2996 5516 3126 5582 λαῷ
3168 5519 3398 5581 τούτῳ.
3444 5521 3626 5591 quoii

2052 5607 2367 5673 ἀκούσετε,
2433 5606 2533 5660 καὶ
2584 5606 2655 5657 οὐ
2704 5602 2792 5670 μὴ
2843 5601 3093 5668 συνῆτε,
3150 5603 3247 5655 καὶ
3284 5601 3628 5673 ,βλέποντες

434 5691 795 5793 ςὶεξιεος.ἐιι,
830 5710 981 5793 8-ll.
1047 5711 1311 5793 ’.μυίης-6.
1362 5714 1557 5793 quan.
1593 5731 1675 5771 tu.
1706 5720 1762 5774 8.
1813 5722 1956 5779 ‘lsa.
1985 5724 2250 5790 xun,25.
2304 5725 2324 5754 ³
2352 5720 2457 5778 lsa.
2484 5722 2642 5790 v,18.
2709 5724 2728 5754 ⁶
2760 5722 2916 5778 Joan.
2944 5740 3036 5793 xx,
3068 5725 3139 5778 23
3236 5726 3255 5756 ⁷
3284 5728 3405 5779 Act.
3429 5739 3503 5789 ιχ,
3538 5724 3624 5780 15.

349 5762 375 5793 ⁸
407 5758 553 5813 ιυίάι
635 5775 654 5805 ⁹
678 5758 975 5847 abdidi;

1060 5784 1101 5815 ²⁰
1144 5782 1281 5839 Ibid.
1365 5785 1404 5816 “
1439 5786 1555 5843 Act.
1586 5794 1760 5855 xm,‘2
1862 5795 1904 5825 ¹²
1940 5794 2043 5854 Isa.
2076 5782 2150 5864 vi,
2184 5796 2234 5861 l,
2281 5801 2329 5849 2.
