4064 6394
542 347 645 413 731

1789 357 2174 421 EUTHYMII
2213 359 2541 429 ZIGABEN
2549 371 2575 431 Ι
2638 434 2649 443 _

3702 393 3813 454 732

543 476 605 519 et
630 462 735 519 illis
758 465 936 521 verbis
972 467 1202 521 :Omnia
1244 484 1337 537 per
1359 470 1530 537 ipsum
1560 470 1708 538 facta
1729 482 1848 525 sunt
1872 475 1912 537 ‘,
1948 472 2122 540 Spiri-

546 559 630 574 ι..-
665 549 827 574 ΑΗΔ-..ι
863 551 954 574 ,ξιξ
998 553 1211 574 _!-I-.___.
1270 555 1529 574 -.Αη.ε..-..ε
1602 565 1719 574 -.-νη
1743 572 1751 574 _
1780 557 1816 574 ο.
1883 557 1927 574 In
1964 558 1976 574 ,-
2024 557 2084 574 !.,
2112 573 2117 574 ,

2230 481 2381 557 Υίοῦ,
2404 487 2498 540 καὶ
2523 487 2604 552 τὸ,
2620 488 2821 544 Πάντα
2842 492 2918 547 δι’
2937 493 3124 550 αὐτοῦ
3142 494 3382 566 ἐγένετο
3405 517 3469 554 συ
3478 505 3811 574 μπεριειλη-

546 559 632 603 ιιιε
662 549 829 604 etiam
863 551 955 606 tibi
998 553 1211 607 videtur
1263 555 1554 617 contineri,
1596 565 1757 625 atque
1780 557 1853 611 ita
1883 557 2127 613 Trinitas

546 633 643 688 tibi
673 634 934 700 redigitur
988 637 1056 690 ad
1088 637 1430 695 dualitatem.
1487 639 1542 694 Si
1569 642 1713 695 enim
1747 658 1869 697 cum
1899 644 2019 699 aliis
2044 657 2131 696 re-

547 719 647 771 bus
692 716 930 788 Spiritus
993 732 1335 785 numeratur,
1389 725 1662 792 quomodo
1701 741 1824 781 cum
1865 726 2023 783 Patre
2074 736 2126 781 et

514 800 824 855 ’Filio‘laut
849 806 1115 868 quomodo
1134 803 1377 861 Trinitas
1415 817 1499 862 est
1532 808 1794 874 Trinitas,
1852 811 1955 866 nisi
2003 828 2126 867 cum

545 884 703 939 Patre
731 894 786 939 et
832 886 970 941 Filio
994 887 1232 955 Spiritus
1263 892 1621 945 numeratur?
1646 891 1713 946 Et
1738 898 2007 961 quomodo
2034 911 2129 962 per

547 969 869 1026 Trinitatem
892 973 1197 1042 baptismus
1248 976 1600 1030 constituitur
1646 992 1712 1032 ex
1740 991 1847 1047 quo
1897 980 2129 1034 mundus

543 1055 885 1110 sanctitatem
907 1057 1136 1127 suscipit
1155 1058 1475 1114 universus?
1495 1057 1633 1126 Quin
1655 1060 1819 1115 etiam
1837 1075 1963 1115 cum
1988 1076 2126 1131 aqua

543 1140 816 1193 numerari
835 1140 1089 1209 Spiritum
1109 1144 1329 1209 asseris,
1346 1144 1489 1214 quod
1512 1154 1569 1198 ut
1583 1158 1746 1212 aqua,
1763 1146 1844 1201 sic
1862 1147 1974 1212 ipse
1995 1159 2130 1215 quo-

539 1240 646 1293 que
666 1236 889 1281 creatus
910 1226 1001 1281 sit.
1025 1225 1117 1281 Sic
1147 1229 1291 1283 enim
1318 1227 1607 1284 Dominum
1640 1229 1783 1303 loqui
1812 1248 1828 1286 :
1864 1230 1987 1286 Nisi
2011 1233 2128 1301 quis

540 1317 757 1364 renatus
789 1311 950 1377 fuerit
982 1327 1048 1365 ra:
1081 1327 1220 1380 aqua
1251 1319 1303 1365 et
1337 1311 1539 1381 Spiritu
1561 1315 1604 1367 ³.
1624 1315 1688 1369 Ει
1712 1315 1866 1384 quasi
1893 1316 1996 1370 hoc
2042 1330 2130 1384 pa-

541 1409 662 1448 rum
681 1397 776 1454 sit.
797 1405 851 1448 ιιι
876 1395 1135 1465 Spiritum
1165 1396 1329 1451 etiam
1353 1413 1476 1451 cum
1527 1399 1788 1466 gehennte
1812 1400 1936 1470 igne
1959 1401 2129 1455 collo-

539 1490 654 1538 cas,
676 1483 957 1544 prapterea
986 1479 1131 1544 quod
1152 1475 1388 1533 Joannes
1417 1480 1616 1535 dixerit
1652 1498 1665 1533 :
1699 1477 1821 1548 Ipse
1841 1498 1926 1535 uos
1956 1482 2130 1547 bapti-

543 1560 680 1613 zabit
711 1562 763 1612 in
794 1558 995 1627 Spiritu
1023 1573 1206 1615 sancto
1248 1571 1301 1616 et
1328 1563 1444 1635 igne
1465 1564 1512 1617 ³.
1544 1562 1599 1617 Si
1633 1564 1944 1635 dignitatem
1976 1582 2130 1638 aqute

541 1641 770 1711 Spiritui
825 1656 1015 1699 sancto
1047 1646 1263 1709 tribuis,
1304 1648 1562 1717 quoniam
1626 1648 1861 1718 Spiritus
1891 1652 2127 1707 adventu

543 1739 681 1793 aqua
706 1724 933 1781 emcitur
948 1738 1158 1791 sancta,
1176 1744 1335 1798 quem
1358 1733 1617 1800 impietati
1638 1734 1894 1803 reiiuquis
1919 1735 2131 1791 locum?

2231 574 2391 642 φέναι
2425 595 2504 631 σοι
2547 579 2698 632 δοκεῖ
2734 579 2828 633 καὶ
2855 582 2914 635 τὺ
2965 582 3214 651 Πνεῦμα.
3237 584 3450 639 Οὐκοῦν
3489 604 3573 640 σοι
3605 589 3736 653 δυὰς
3772 592 3811 659 ἡ

2229 660 2403 729 Τριάς
2471 663 2877 719 ἀποδέδεικται.
2942 664 3006 718 Εἰ
3075 666 3184 738 γὰρ
3258 668 3400 734 μετὰ
3460 670 3683 724 πάντων
3745 672 3813 727 τὸ

2230 747 2479 817 Πνεῦμα,
2510 749 2628 813 πῶς
2661 751 2796 819 μετὰ
2834 750 3048 820 Πατρὸς
3083 740 3179 806 καὶ
3213 751 3383 815 Υίοῦς
3413 753 3479 808 Ei
3501 754 3557 808 δὲ
3578 756 3640 810 οὐ
3665 758 3815 825 μετά

2230 832 2445 902 Πατρδς
2480 833 2574 886 καὶ
2599 833 2732 888 Υίοῦ
2762 834 2824 889 τὸ
2872 835 3119 905 Πνεῦμα,
3171 836 3292 901 πῶς
3328 838 3488 908 τριὰς
3538 840 3572 908 ἠ
3603 840 3809 909 Τριὰς,

2230 917 2326 971 καὶ
2350 917 2466 980 πῶς
2502 918 2610 971 ἀπὸ
2640 920 2738 990 τῆς
2763 920 2995 991 Τριάδος
3042 921 3106 975 τὸ
3156 920 3466 991 βάπτισμα,
3497 923 3558 977 τὸ
3594 924 3810 994 κόσμου

2230 1001 2433 1064 παντὸς
2485 1002 2843 1070 ἁγιαστικόνς
2892 1004 3053 1058 Ἀλλά
3078 1006 3174 1059 καὶ
3207 1004 3289 1075 τῷ
3353 1005 3510 1059 ῦδατι
3543 1008 3812 1079 συναριθ-

2233 1086 2453 1154 μεῖσθαι
2498 1087 2631 1142 αὐτὺ
2659 1087 2785 1159 φὴς,
2828 1088 2904 1153 ὡς
2954 1090 3056 1158 τῆς
3086 1090 3320 1154 κτίσεως
3366 1088 3449 1153 ὃν,
3481 1090 3672 1162 ὥσπερ
3713 1095 3813 1146 καὶ

2228 1168 2289 1222 τὸ
2315 1168 2459 1240 ὕδωρ
2488 1170 2628 1225 ἐστί.
2660 1172 2857 1238 Λέγειν
2893 1172 3002 1242 γὰρ
3031 1172 3124 1227 τὸν
3154 1173 3382 1242 Κύριον,
3429 1174 3576 1230 Ἐὰν
3598 1175 3686 1246 μή
3714 1193 3811 1241 τις

2228 1252 2617 1323 ἀναγεννηθῇ
2672 1255 2742 1317 ἐξ
2800 1254 3054 1323 ὕδατος,
3115 1257 3213 1311 καὶ
3264 1261 3650 1329 Πνεύματος·
3714 1264 3812 1313 καὶ

2228 1337 2391 1390 τοῦτο
2423 1337 2509 1390 ἔτι
2559 1339 2757 1408 μικρόν
2785 1357 2801 1371 ο
2843 1341 2909 1394 σὺ
2949 1340 3007 1393 δὲ
3036 1341 3132 1394 καὶ
3161 1340 3238 1411 τῷ
3266 1340 3402 1411 πυρὶ
3446 1341 3545 1412 τῆς
3578 1342 3813 1413 γεέννης

2230 1421 2290 1475 τὺ
2318 1420 2543 1490 Πνεῦμα
2574 1421 2633 1474 τὸ
2658 1421 2803 1475 θεῖον
2857 1424 3359 1489 συγκατατάττείς,
3390 1423 3480 1478 διὰ
3514 1423 3574 1477 τὸ
3624 1423 3813 1498 λέγειν

2229 1504 2320 1558 τὸν
2358 1506 2636 1575 Ἰωάννην,
2671 1505 2865 1572 Αὐτὸς
2894 1505 3051 1575 ὑμᾶς
3073 1509 3366 1570 ,βαπτίσει
3401 1509 3469 1561 ἐν
3504 1509 3814 1575 Πνεύματι

2230 1590 2378 1660 ἁγίῳ
2427 1590 2528 1645 καί
2576 1591 2743 1659 πυρί.
2779 1590 2964 1644 Ταῦτα
3007 1592 3166 1646 ποίαν
3197 1591 3509 1662 ὑπερϐολὴν
3545 1591 3814 1653 ἀσεϐείας

2231 1673 2658 1739 καταλέλοιπεν;
2700 1676 2749 1729 εί
2782 1674 2881 1746 τὴν
2910 1674 3104 1738 ὕδατος
3134 1677 3293 1742 ἀξίαν
3342 1676 3418 1743 τῷ
3453 1676 3596 1745 ἁγίῳ
3634 1674 3816 1728 Πνεῦ-

2236 1777 2370 1829 ματι
2395 1759 2756 1830 περιάπτεις,
2786 1761 2978 1831 ἐπειδὴ
3014 1760 3331 1827 Πνεῦματος
3365 1760 3541 1832 ἐφόδῳ
3564 1760 3624 1814 τὸ
3660 1759 3812 1828 ὕδωρ

540 1811 741 1865 Eodem
765 1812 907 1866 enim
927 1828 1151 1868 numero
1172 1814 1337 1870 [tabes
1354 1816 1407 1870 id
1430 1818 1572 1884 quod
1588 1817 1974 1883 sanctiﬁcat,et
1989 1820 2126 1889 quod

2233 1811 2525 1911 ἓιγιάςετᾶέ
2538 1811 2565 1909 ξ
2579 1811 2808 1908 ἰἀᾶἑὲιᾴ
2839 1811 2944 1915 θ’άρ
2968 1811 3057 1896 ’σᾶ
3072 1811 3077 1813 ⁷
3093 1811 3242 1907 tale;
3276 1811 3352 1911 τῷ
3372 1811 3380 1812 ί
3406 1811 3717 1911 autem
3732 1811 3816 1894 ἶέδ

540 1895 876 1951 sanctiticatu
887 1912 930 1952 r.
951 1896 1279 1965 thuoniatn
1295 1899 1362 1953 ad
1379 1907 1689 1975 nostrorum
1706 1915 1993 1972 corporum
2011 1916 2132 1972 purv

540 1980 810 2048 gationem
849 1996 1048 2051 aquam
1086 1981 1329 2045 adhibet,
1353 1983 1542 2039 eodem
1589 1999 1696 2055 quo
1724 2000 1921 2054 aquam
1958 1989 2131 2056 pretio

543 2066 802 2133 Spiritum
837 2066 1217 2121 aestimandum
1272 2079 1449 2137 putas.
1521 2070 1767 2125 Medendi
1813 2069 2126 2126 facultatem

541 2152 791 2220 quamvis
830 2152 989 2207 rebus
1017 2167 1081 2207 ex
1117 2154 1342 2209 materia
1370 2155 1743 2218 constantibus
1772 2167 1973 2223 utatur,
2023 2173 2129 2213 non

542 2249 718 2289 tamen
739 2237 803 2289 iis
817 2238 1078 2307 aequalem
1095 2238 1270 2303 ducis,
1285 2240 1381 2294 sed
1398 2254 1585 2294 earum
1608 2243 1902 2308 dominam,
1922 2252 1977 2297 et
1998 2244 2132 2297 divi-

542 2337 671 2374 num
693 2321 950 2389 Spiritum
987 2331 1223 2376 utentem
1244 2339 1404 2392 aqua,
1427 2326 1495 2379 ad
1519 2336 1863 2392 peccatorum
1885 2333 2128 2384 maculas

539 2409 933 2478 espurgimlas,
948 2409 1001 2460 in
1022 2408 1286 2475 abiectam
1301 2425 1454 2477 aqua:
1470 2410 1823 2466 humilitatem
1842 2414 2130 2471 deturbas?

537 2492 603 2545 Et
635 2492 1001 2559 cumapostoli
1030 2492 1215 2547 dicant
1252 2512 1265 2548 :
1296 2492 1423 2549 llwc
1446 2495 1573 2549 dicit
1613 2494 1846 2565 Spiritus
1875 2512 2125 2567 sanctus;

540 2576 812 2645 preplteta-
842 2577 1028 2630 dicunt
1064 2595 1079 2631 :
1110 2575 1239 2632 Hier
1293 2579 1417 2632 dicit
1468 2578 1723 2635 Dominus
1764 2595 1864 2647 ,'et
1914 2582 2126 2641 Domini

542 2660 890 2714 mutationem
939 2660 1210 2730 appellant
1262 2660 1501 2730 Spiritus
1573 2670 1919 2721 teutationetn
1955 2684 1968 2721 :
2002 2683 2125 2723 cum

539 2761 658 2808 cos,
691 2747 781 2813 qui
822 2747 1125 2812 tentabant,
1152 2747 1235 2802 sic
1264 2748 1556 2816 alloquitur
1585 2746 1778 2805 Petrus
1809 2769 1822 2804 :
1850 2752 1990 2818 Quid
2004 2769 2126 2809 con—

446 2874 451 2881 .
486 2888 507 2914 .
538 2829 672 2881 venit
691 2829 831 2881 vobis
850 2840 1049 2883 tentare
1081 2827 1336 2898 Spiritum
1358 2840 1601 2885 sanctum
1619 2831 1640 2863 δ
1661 2833 1683 2887 ἳ
1703 2840 1757 2887 et
1781 2834 1847 2887 ad
1866 2837 2084 2890 eosdem
2110 2853 2124 2891 :

542 2910 663 2964 Non
690 2916 938 2967 mentitus
963 2931 1038 2978 es,
1066 2915 1263 2984 inquit,
1287 2916 1606 2985 hominibus,
1639 2918 1731 2973 sed
1763 2919 1868 2974 Deo
1896 2920 1941 2977 '.
1973 2919 2126 2986 Quod

538 3000 579 3049 si
609 3011 798 3052 rursus
829 3000 1057 3067 apostoli
1080 2999 1264 3053 dicant
1302 3017 1315 3053 :
1361 2999 1543 3056 Visum
1569 3013 1642 3057 est
1672 3002 1896 3073 Spiritui
1920 3014 2125 3073 sancto,

534 3091 582 3133 et
616 3082 759 3135 nobis
792 3082 834 3146 ⁸,
852 3099 958 3137 non
998 3087 1374 3141 auctoritatem
1401 3086 1634 3156 Spiritus
1655 3089 1757 3145 sibi
1786 3103 2122 3161 arrogantes,

2235 1925 2599 1994 ἀγιαζόμενον
2623 1942 2637 1957 ο
2671 1926 2753 1979 ὅτι
2789 1924 2942 1979 ὕδατι
2975 1926 3172 1994 χρῆται
3201 1926 3338 1995 πρὸς
3365 1926 3454 1979 τὸν
3476 1926 3585 1979 τῶν
3615 1925 3812 1995 σωμά-

2231 2027 2340 2063 των
2391 2008 2700 2078 καθαρμὸν,
2732 2009 2820 2062 διὰ
2851 2007 3012 2061 τοῦτο
3041 2011 3141 2077 τῆς
3173 2009 3268 2062 τοῦ
3304 2008 3497 2074 ὓδατος
3529 2010 3814 2078 ἰσοτιμίας

2231 2092 2382 2158 ἄξιον
2427 2092 2657 2159 ἐλογίσω
2702 2091 2765 2144 τὸ
2799 2091 3047 2160 Πνεῦμα.
3090 2093 3198 2145 Καὶ
3234 2093 3331 2161 τὴν
3387 2093 3486 2161 μὲν
3546 2092 3812 2163 ἰατρικὴν

2232 2178 2391 2242 ὕλαις
2416 2178 2713 2248 χρωμένην
2749 2177 2849 2230 οὐκ
2876 2177 3083 2241 ίσάξιον
3111 2179 3232 2241 ταῖς
3259 2176 3413 2240 ὕλαις
3445 2178 3647 2246 λέγεις,
3668 2177 3813 2231 ἀλλὰ

2232 2262 2594 2332 κυριευτικὴν
2625 2260 2735 2314 τῶν
2758 2259 2940 2332 ὑλῶν,
2966 2260 3026 2312 τὸ
3061 2260 3121 2312 δὲ
3151 2260 3294 2313 θεῖον
3326 2260 3557 2329 Πνεῦμα
3588 2259 3815 2331 χρώμε-

2231 2363 2321 2399 νον
2355 2338 2511 2399 ὕδατι
2542 2345 2680 2415 πρὸς
2702 2345 2801 2413 τὴν
2829 2343 2939 2398 τῶν
2968 2344 3069 2414 τῆς
3099 2345 3380 2415 ἁμαρτίας
3429 2345 3619 2416 ῥύπων
3670 2345 3814 2399 κάθ-

2231 2446 2413 2498 αρσιν.
2449 2430 2531 2492 είς
2566 2428 2667 2499 τὴν
2703 2429 2797 2482 τοῦ
2829 2428 3021 2492 ὓδατος
3044 2429 3263 2496 ἀδοξίαν
3294 2437 3390 2484 καὶ
3438 2429 3813 2496 ταπεινότητα

2231 2512 2674 2583 καταϐέϐληκας.
2701 2516 2813 2569 Καὶ
2834 2515 3104 2583 λεγόντων
3135 2515 3246 2568 τῶν
3264 2515 3594 2569 ἀποστόλων
3614 2530 3628 2545 ·
3660 2513 3812 2568 Τάδε

2228 2595 2391 2665 λέγει
2420 2596 2487 2650 τὸ
2521 2597 2766 2668 Πνεῦμα
2798 2600 2863 2653 τὸ
2890 2598 3083 2667 ἅγιον,
3123 2600 3200 2663 ὡς
3245 2601 3294 2653 οἱ
3321 2601 3622 2671 προφῆται,
3658 2597 3813 2652 Τάδε

2229 2683 2394 2753 λέγει
2433 2684 2667 2751 Κύριος,
2734 2686 2827 2739 καὶ
2877 2684 3087 2753 Κυρίου
3145 2687 3346 2755 πεῖραν
3388 2684 3656 2750 λεγόντων
3706 2685 3814 2755 τὴν

2229 2766 2325 2821 τοῦ
2377 2767 2697 2835 Πνεῦματος
2754 2769 2976 2839 πεῖραν,
3030 2768 3120 2821 ὅτε
3173 2769 3312 2838 φησὶ⁵
3359 2767 3498 2836 πρὸς
3527 2768 3651 2828 τοὺς
3683 2782 3814 2820 πει-

2233 2853 2508 2923 ράσαντας
2559 2853 2587 2905 ὁ
2629 2852 2869 2920 Πέτρος,
2931 2852 2993 2907 Τί
3045 2853 3138 2907 ὅτι
3187 2852 3596 2919 συνεφωνήθη
3665 2850 3815 2919 ὑμῖν

2232 2936 2518 3005 πειράσαι
2546 2936 2614 2991 τὸ
2661 2937 2908 3006 Πνεῦμα
2954 2936 3023 2990 τὸ
3063 2936 3273 3005 (irier;
3333 2936 3435 3007 ttat
3486 2935 3624 3005 πρὸς
3676 2935 3812 2998 τοὺς

2230 3018 2427 3082 αὐτούς
2453 3036 2467 3050 ·
2498 3022 2621 3075 Οὐκ
2663 3020 2909 3088 ἐψεύσω
2942 3019 3297 3086 ἀνθρώποις,
3335 3018 3502 3073 ἀλλὰ
3546 3015 3626 3081 τῷ
3660 3016 3811 3081 Θεῷ,

2235 3104 2332 3157 ἐὰν
2367 3104 2531 3157 πάλιν
2558 3105 2608 3157 ci
2641 3102 2933 3158 ἀπόστολοι
2987 3102 3221 3170 λέγωσιν
3256 3118 3271 3133 ·
3306 3101 3518 3165 Ἔδοξε
3550 3100 3632 3165 τῷ
3660 3100 3813 3169 ἁγιῳ

534 3166 629 3216 ειςιι
662 3165 710 3218 ei
739 3179 861 3219 sese
887 3165 1257 3235 subjicientes,
1283 3180 1342 3224 ut
1363 3172 1453 3239 qui
1490 3171 1558 3226 ab
1584 3172 1699 3240 ipso
1731 3174 1935 3241 Spiritu
1960 3190 2118 3229 acce-

2232 3189 2552 3255 Πνεύματι,
2585 3188 2684 3240 καί
2735 3186 2904 3256 ἡμῖν,
2957 3186 3017 3240 οὐ
3058 3185 3442 3243 συντάττοντες
3476 3184 3708 3245 ἑαυτοὺς
3739 3185 3811 3253 τῇ

536 3250 715 3315 perint
747 3253 1149 3316 auctoritatem,
1176 3264 1231 3307 tu
1255 3257 1409 3324 quasi
1432 3271 1597 3310 unum
1617 3257 1880 3327 judicium
1902 3268 1957 3312 ct
1996 3275 2121 3316 scn-

537 3349 657 3388 sum
698 3349 855 3390 suum
902 3353 1022 3395 esse
1055 3339 1290 3393 dixerint
1337 3346 1390 3394 et
1416 3339 1673 3410 Spiritus.
1740 3354 1905 3412 atque
1958 3360 2122 3399 unam

535 3419 937 3487 auctoritatem,
960 3422 1174 3475 conaris
1202 3422 1463 3492 Spiritum
1488 3426 1662 3493 ipsum
1688 3427 1738 3479 in
1771 3442 1949 3481 rerum
1973 3441 2128 3481 crea-

537 3511 714 3555 tarum
752 3503 998 3557 ordinem
1042 3506 1307 3575 redigere,
1360 3508 1504 3575 quod
1555 3509 1780 3577 perinde
1821 3521 1902 3563 cst
1967 3526 2031 3565 ac
2077 3514 2121 3567 si

541 3587 707 3639 lteum
730 3586 867 3640 Mosi
889 3587 1101 3642 diceres
1125 3594 1387 3657 aequalem
1421 3606 1565 3657 esse,
1585 3594 1840 3659 quoniam
1861 3594 2121 3662 scriptum

535 3679 619 3724 est
653 3687 666 3723 :
701 3671 941 3724 Credidit
960 3673 1181 3741 populus
1212 3673 1338 3734 Deo.
1388 3683 1437 3728 et
1481 3674 1620 3731 Mosi
1649 3694 1794 3732 servo
1823 3679 1939 3743 eius
1973 3679 2016 3733 ".
2051 3680 2123 3737 At

536 3771 728 3824 magna
777 3765 862 3809 est
918 3757 1062 3811 inter
1114 3758 1390 3814 dominum
1425 3772 1479 3815 et
1509 3777 1725 3817 servum
1794 3753 2118 3819 diﬂ‘erentia.

531 3839 705 3904 Quam
728 3840 943 3908 quidem
971 3850 1027 3895 et
1056 3842 1291 3911 scriptor
1327 3844 1587 3901 indicavit
1613 3848 1907 3919 subjicicns
1934 3865 1949 3901 :
1982 3847 2122 3904 Mosi

530 3942 678 3979 servo
703 3928 839 3995 ejus.
882 3929 1024 3983 Deus
1055 3928 1223 3994 enim,
1277 3937 1336 3981 ut
1372 3928 1633 3985 Dominus
1669 3940 1774 3998 est,
1804 3940 1859 3987 et
1883 3933 1973 4001 qtti
2010 3933 2123 3988 Μο-

531 4025 646 4064 sem
671 4012 871 4066 mittit:
905 4011 1085 4066 Moses
1136 4028 1263 4067 vero
1301 4022 1359 4065 ιιι
1383 4028 1595 4077 servus,
1627 4015 1799 4082 etqni
1863 4016 2117 4082 mittitur,
2187 4027 2190 4030 ‘

532 4096 612 4146 sic
643 4096 805 4147 etiam
830 4094 1076 4163 Spiritui,
1098 4106 1355 4164 tanquam
1390 4095 1614 4150 Domino
1636 4097 1810 4151 visum
1840 4108 1943 4162 est,
1979 4099 2122 4169 leges

533 4177 793 4233 Ecclesiae
824 4179 1198 4247 prarscribere,
1234 4180 1495 4250 apostolis
1531 4194 1659 4234 vero
1716 4190 1971 4250 tanquam
2000 4197 2117 4235 scr-

532 4264 617 4315 vis
651 4263 771 4333 ejus
797 4263 972 4317 visum
1005 4275 1111 4328 est,
1139 4279 1202 4317 ea
1234 4279 1355 4334 quae
1385 4270 1826 4333 pronuntiarunt.
1865 4266 2119 4320 mandata

534 4351 685 4401 dare.
714 4345 830 4401 Non
876 4357 1054 4402 autem
1084 4349 1316 4416 Spiritus
1348 4362 1560 4413 servus,
1595 4350 1686 4403 sed
1718 4347 1997 4412 Dominus,
2034 4348 2118 4401 in-

533 4433 673 4503 quit,
708 4443 830 4500 est;
860 4430 920 4489 et'
956 4434 1046 4488 ubi
1074 4433 1305 4503 Spiritus
1337 4432 1576 4495 Domini,
1616 4434 1690 4487 ibi
1724 4433 1940 4489 libertas
1965 4435 2006 4492 ⁸.
2039 4437 2117 4494 Ac

2224 3271 2320 3324 τοῦ
2353 3271 2669 3340 Πνεῦματος
2702 3270 2946 3340 ἐξουσία,
2999 3267 3117 3323 ἀλλ’
3144 3268 3568 3331 ὑποτάσσοντες,
3607 3266 3685 3330 ὡς
3713 3267 3812 3319 ὑπ’

2224 3356 2391 3408 αὐτοῦ
2419 3355 2819 3428 χορηγούμενοι
2860 3356 3003 3418 τότε,
3032 3353 3289 3422 καθάπερ
3319 3350 3449 3422 μίαν
3472 3349 3676 3419 γνῶσιν
3709 3350 3812 3405 καὶ

2225 3443 2495 3514 φρόνησιν
2528 3441 2796 3511 λεγόντων
2831 3441 3046 3494 ἑαυτῶν
3103 3456 3164 3492 τε
3201 3438 3298 3491 καὶ
3328 3437 3423 3490 τοῦ
3460 3437 3811 3506 [Inepta-cog,

2224 3529 2320 3580 καὶ
2370 3526 2500 3595 μίαν
2536 3524 2788 3592 ἐξουσίαν
2848 3526 2929 3586 εἰς
2967 3523 3145 3576 κτίσιν
3180 3522 3241 3575 τὸ
3276 3520 3503 3589 Πνεῦμα
3538 3522 3815 3587 κατάγειν

2227 3611 2412 3683 βιάζῃ,
2451 3610 2643 3681 ὥσπερ
2684 3611 2732 3662 εί
2782 3609 2876 3661 καὶ
2903 3606 2980 3677 τῷ
3011 3607 3224 3676 Μωῦσῇ
3260 3606 3350 3657 τὸν
3411 3603 3547 3656 Θεὸν
3595 3605 3817 3669 ἰσάζειν

2225 3698 2485 3766 ἔφασκεν,
2506 3694 2723 3749 ἀκούων
2746 3695 2851 3755 ὅτι,
2883 3691 3293 3746 Ἐπίστευσεν
3320 3689 3352 3740 ό
3377 3688 3531 3753 λαὸς
3557 3687 3636 3751 τῷ
3661 3689 3809 3755 Θεῷ,

2223 3779 2322 3833 καὶ
2352 3782 2575 3846 Μωῢσῃ
2598 3776 2677 3842 τῷ
2696 3776 3015 3843 θεράποντι
3051 3771 3259 3827 αὐτοῦ.
3303 3769 3468 3823 Ἀλλὰ
3495 3769 3663 3839 πολλὴ
3687 3770 3812 3823 δια-

2222 3879 2290 3929 φο
2299 3862 2364 3931 ρὰ
2381 3861 2643 3915 δεσπότου
2662 3858 2753 3912 καὶ
2770 3858 2979 3920 δούλου,
2995 3856 3173 3926 ἥνπερ
3187 3855 3280 3908 καὶ
3297 3851 3514 3915 δεικνὺς
3531 3855 3557 3905 ό
3571 3851 3805 3921 γράφων

2222 3946 2437 4014 εἴρηκε,
2460 3943 2686 4012 Μωυσῇ
2706 3941 2784 4008 τῷ
2798 3940 3116 4010 θεράποντι
3138 3937 3346 3993 αὐτοῦ.
3371 3938 3507 4000 Θεὸς
3534 3936 3631 4005 μὲν
3658 3937 3793 4024 γάρ,

2222 4032 2297 4095 ὡς
2325 4031 2627 4099 Δεσπότης,
2655 4031 2749 4082 καὶ
2780 4029 2856 4092 ὡς
2886 4027 3218 4088 ἀποστείλας
3261 4024 3497 4079 Μωῦσέα
3538 4035 3800 4072 πιστευε-

2221 4133 2336 4182 ται,
2369 4116 2578 4183 Μωσῆς
2626 4114 2716 4177 δὲ,
2750 4113 2825 4176 ὡς
2887 4111 3166 4182 Θεράπων,
3218 4110 3314 4162 καὶ
3344 4108 3421 4170 ὡς
3468 4102 3799 4166 ἀποσταλείς

2223 4199 2369 4251 οὕτω
2400 4197 2465 4267 δὴ
2494 4197 2592 4251 καὶ
2635 4195 2713 4265 τῷ
2749 4194 3032 4264 Πνεύματι
3064 4195 3163 4262 μὲν
3189 4192 3336 4256 ἔδοξε
3374 4187 3712 4250 δεσποτικῶς
3730 4188 3807 4241 τὰ

2223 4286 2322 4352 τῆς
2355 4280 2690 4351 Ἐκκλησίας
2729 4279 2953 4333 δοθέντα
2981 4279 3216 4349 νόμιμα,
3249 4279 3364 4340 τοῖς
3391 4276 3451 4329 δὲ
3475 4272 3811 4337 ἀποστόλοις

2224 4363 2576 4435 ὑπηρετικῶς
2624 4363 2693 4417 τὰ
2744 4362 2795 4415 δι
2861 4361 3041 4414 αὐτῶν
3093 4358 3489 4429 ἐκφωνηθέντα
3524 4355 3813 4427 προστάγ-

2226 4468 2371 4521 ματα
2401 4464 2416 4479 ⁶
2454 4448 2570 4503 ἀλλ’
2619 4449 2678 4501 οὐ
2734 4447 2795 4500 τὸ
2844 4445 3069 4516 Πνεῦμα
3117 4442 3328 4505 δοῦλον,
3382 4443 3411 4496 ό
3457 4440 3539 4494 δὲη
3571 4438 3810 4505 Κύριος,

535 4518 818 4586 prtcceptis
848 4519 1065 4586 quidem
1097 4519 1148 4570 iu
1172 4518 1486 4572 servitutem
1517 4517 1780 4585 redigitur
1805 4518 1968 4576 Israel
1992 4537 2114 4577 cum

2227 4517 2384 4605 φησι,
2424 4535 2487 4588 τὸ
2537 4531 2758 4602 Πνεῦμά
2804 4532 2943 4594 ἐστι,
2974 4530 3073 4583 καὶ
3098 4524 3170 4584 οὗ
3200 4528 3266 4581 τὸ
3293 4524 3536 4595 Πνεῦμα
3555 4524 3807 4591 Κυρίου,

537 4602 730 4659 timore
783 4605 1165 4666 commonitus,
1211 4603 1445 4658 Ecclesia
1507 4617 1635 4657 vero
1688 4602 2119 4660 Christianorum

534 4690 841 4757 adoptatur,
864 4700 1048 4745 sancta
1076 4704 1173 4759 per
1211 4688 1531 4742 citaritatetn
1570 4689 1786 4744 eifecta.
1843 4688 1967 4746 Ideo
1984 4691 2123 4745 Pan-

533 4775 617 4829 lus
652 4790 665 4826 :
693 4775 816 4829 Non
843 4779 1003 4841 enim,
1030 4776 1229 4844 inquit,
1256 4775 1531 4842 accepistis
1577 4776 1825 4842 spiritum
1858 4779 2123 4832 seruitutis

531 4861 721 4913 iterum
753 4847 807 4912 in
843 4860 1106 4921 timorem,
1144 4861 1233 4913 sed
1263 4858 1532 4927 accepistis
1594 4857 1851 4927 Spiritum
1879 4861 2123 4925 adeptio-

532 4945 633 5010 nis,
658 4945 715 4997 in
757 4959 857 5010 quo
874 4944 1168 4998 clamamus
1199 4956 1217 4994 :
1246 4943 1389 4995 Abba
1407 4945 1570 4996 Pater
1590 4940 1763 4994 ’.Non
1792 4945 1835 4997 is
1861 4941 2121 5009 profecto,

531 5027 623 5094 qui
652 5041 867 5080 servum
904 5027 1124 5095 accipit,
1160 5024 1304 5080 ﬁlius
1334 5025 1452 5093 ipse
1500 5040 1530 5078 e
1563 5038 1718 5078 servo
1746 5025 2120 5078 constituitur:

534 5124 631 5161 nec
653 5110 936 5177 quisquam
955 5124 1018 5162 ex
1049 5123 1114 5162 eo
1131 5109 1272 5177 quod
1293 5109 1430 5161 servi
1462 5106 1732 5176 particeps
1753 5106 1925 5162 factus
1948 5112 2121 5173 esset,

538 5192 702 5245 Deum
725 5192 949 5245 auderet
979 5191 1195 5244 Patrem
1231 5192 1520 5259 appellare.
1547 5190 1652 5244 Nec
1675 5193 1764 5257 qui
1796 5206 1985 5246 servus
2015 5205 2121 5257 est,

534 5292 657 5344 quae
690 5275 780 5329 Dei
820 5285 969 5336 sunt,
1017 5276 1196 5327 omnia
1253 5276 1381 5329 facit
1436 5286 1493 5327 ιιι
1529 5274 1660 5328 vult.
1724 5276 1833 5331 Nec
1892 5276 2128 5345 Spiritus

536 5359 973 5427 przescntiatu,.si
1023 5372 1215 5412 servus
1242 5367 1310 5413 'et
1363 5370 1578 5414 creatus
1630 5369 1800 5422 esset,
1857 5361 1922 5412 ad
1946 5361 2125 5414 omnia

537 5444 818 5510 pervenire
855 5444 1058 5497 diceret
1091 5442 1278 5506 David,
1313 5441 1503 5495 faciem
1552 5443 1726 5511 ipsum
1761 5456 1825 5496 ac
1872 5444 1964 5497 Dei
2010 5460 2122 5498 nta-

532 5544 661 5583 nnm
723 5528 1002 5598 appellans
1039 5546 1055 5582 :
1088 5526 1205 5592 Qua
1260 5528 1344 5580 ibo
1383 5544 1413 5579 a
1438 5525 1639 5592 Spiritu
1688 5539 1778 5581 tuo
1812 5528 1837 5580 .’
1861 5540 1909 5582 et
1953 5546 2055 5598 quo
2092 5548 2125 5585 a

537 5612 674 5676 facie
694 5623 786 5667 tua
811 5612 1010 5684 fugiam
1035 5613 1061 5666 Ρ
1084 5610 1141 5666 Si
1185 5610 1470 5666 ascendere
1487 5611 1541 5664 in
1572 5608 1780 5676 calum,
1808 5621 1863 5665 tu
1888 5612 2001 5666 illic
2047 5631 2122 5682 es,

2218 4617 2350 4674 ἐκεῖ
2367 4616 2699 4683 ἐλευθερία.
2727 4615 2834 4667 Καὶ
2866 4614 3293 4680 δουλαγωγεῖται
3320 4609 3422 4679 μὲν
3450 4608 3805 4674 ἐπιτάγμασι

2220 4707 2336 4766 τοῖς
2362 4701 2456 4755 τοῦ
2496 4699 2820 4766 Πνεῦμα-τος
2855 4701 2881 4752 ό
2922 4697 3145 4768 Ἰσραὴλ
3181 4698 3279 4751 σὺν
3316 4694 3468 4764 φόϐῳ
3507 4691 3808 4745 νουθετού-

2226 4803 2409 4859 μενος.
2448 4784 2777 4838 υίοθετεῖται
2812 4783 2872 4837 δὲ
2926 4784 2960 4853 ἡ
2996 4781 3351 4853 Χριστιανῶν
3387 4778 3692 4859 Ἐκκλησία
3732 4775 3809 4827 δι’

2222 4856 2449 4936 ἆγὰπης
2486 4865 2850 4935 ἁγιαζομένη.
2880 4865 2974 4918 Διό
3020 4882 3186 4935 φησιν
3213 4865 3242 4916 ό
3274 4860 3489 4924 Παῦλος
3517 4876 3530 4891 ⁸
3578 4856 3664 4913 Οὺ
3691 4860 3804 4926 γὰρ

2225 4951 2469 5007 ἐλάϐετε
2510 4950 2747 5019 πνεῦμα
2793 4950 3078 5015 δουλείας
3098 4948 3286 5002 πάλιν
3308 4948 3394 5012 είς
3426 4946 3634 5015 φόϐον,
3662 4941 3807 4996 ἀλλ’

2220 5033 2466 5088 ἐλάϐετε
2501 5034 2743 5103 Πνεῦμα
2770 5034 3094 5098 υἱοθεσίας,
3120 5033 3190 5085 ἐν
3214 5023 3261 5097 ᾧ
3287 5028 3596 5095 κράζομεν,
3624 5023 3810 5081 Ἀϐϐᾶ

2223 5124 2258 5174 ό
2289 5120 2514 5187 Πατήρ.
2553 5120 2628 5172 Οὐ
2665 5118 2730 5189 δὴ
2761 5120 2789 5172 ό
2818 5119 2879 5171 τὸ
2909 5116 3102 5170 δοῦλον
3139 5114 3379 5183 εἰληφὼς
3411 5114 3536 5175 Υἱὸς
3568 5113 3632 5163 ἐκ
3679 5109 3812 5161 δού-

2223 5201 2317 5255 λου
2364 5203 2714 5264 καθίσταται,
2744 5202 2868 5256 οὐδὲ
2897 5200 2985 5255 διὰ
3020 5202 3122 5272 τὴν
3151 5198 3244 5253 τοῦ
3270 5198 3463 5252 δούλου
3505 5193 3809 5265 μετουσίαν

2226 5289 2448 5357 Πατέρα
2503 5287 2593 5340 τὸν
2617 5286 2751 5339 Θεὸν
2781 5284 3247 5357 παρρησιάζεται,
3277 5281 3400 5335 οὐδὲ
3424 5282 3484 5334 τὸ
3514 5280 3702 5333 δοῦλον
3729 5278 3808 5332 τὰ

2223 5369 2319 5422 τοῦ
2346 5370 2482 5423 Θεοῦ
2513 5369 2691 5423 πάντα
2719 5369 2936 5434 ἐνεργεῖ
2964 5367 3150 5430 καθὼς
3175 5365 3449 5436 βούλεται,
3481 5361 3593 5417 οὐδ’
3615 5362 3679 5415 ἂν
3702 5361 3808 5431 τὴν

2222 5455 2317 5506 τοῦ
2368 5454 2689 5523 Πνεύματος
2741 5451 3051 5522 παρουσίαν
3097 5450 3286 5505 δούλου
3340 5448 3435 5502 καὶ
3489 5448 3799 5511 κτίσματος

2221 5536 2375 5599 ὄντος
2402 5539 2495 5591 ἐπι
2523 5536 2742 5589 πάντων
2758 5536 2968 5603 διήκειν
2985 5533 3226 5601 ἔφασκεν
3249 5534 3277 5586 ό
3304 5531 3602 5602 ’Υμνῳδος,
3624 5526 3802 5597 πρόσ-

2223 5636 2373 5673 ωπον
2425 5619 2560 5673 αὐτὸ
2604 5620 2701 5673 καὶ
2738 5621 2896 5690 χεῖρα
2944 5617 3081 5671 Θεοῦ
3130 5615 3609 5688 προσαγορεύων·
3667 5610 3801 5666 Ποῦ

610 5735 812 5819 ‘_.lnoan.
845 5752 886 5800 ι,
921 5735 992 5819 ξι
1052 5733 1262 5819 "Joan.
1285 5750 1366 5797 ιιι,
1402 5731 1556 5819 5...)
1585 5729 1771 5788 Matth.
1801 5733 1991 5799 tn,ll.
2069 5737 2126 5791 δι

2227 5780 2235 5794 .
2271 5753 2321 5805 ν,
2340 5738 2395 5793 9.
2424 5814 2430 5819 φ
2475 5738 2494 5771 ⁸
2522 5738 2657 5795 Ibid.
2690 5739 2742 5794 4.
2821 5738 2843 5771 ⁸
2865 5738 2989 5796 Act.
3022 5754 3110 5804 xv,
3137 5738 3228 5797 28.
3307 5740 3327 5773 ⁷
3358 5736 3528 5792 Exod.
3556 5750 3667 5800 xw,
3699 5732 3795 5789 5i.

535 5798 557 5828 '
590 5804 632 5877 ll_
663 5807 789 5864 Cor.
818 5798 901 5875 ιιι,
930 5808 1014 5866 Ιῗι
1091 5806 1287 5863 ἰιοιιι.
1320 5819 1436 5871 νιιι,
1463 5804 1550 5860 15.
