4064 6416
265 365 389 428 ῖ33

1238 371 1615 434 PANOPLIA
1656 375 2117 439 DOGMATICA.
2145 406 2214 415 -
2256 382 2405 443 'I‘IT.
2448 385 2588 444 XII.

3447 390 3550 454 734

261 477 554 544 πορευθῶ
581 479 700 534 ἀπὸ
737 481 846 536 τοῦ
880 483 1226 552 Πνεύματός
1248 498 1388 546 σου,
1450 484 1547 538 καὶ
1598 485 1717 539 ἀπὸ
1759 487 1865 540 τοῦ

1997 491 2351 548 iilescendero
2380 495 2432 546 in
2465 495 2748 562 infernum,
2785 502 2926 551 ades.
2960 497 3018 552 Si
3055 515 3319 568 sumpsero
3359 517 3555 570 pennas

262 562 610 629 προσώπου
640 581 757 618 σου
790 567 915 620 ποῦ
947 569 1156 638 φύγω;
1200 568 1345 622 Ἐὰν
1399 569 1602 623 ἀναῖῶ
1633 572 1718 634 είς
1756 572 1862 623 τόν

262 650 564 716 ω’ρανόν.
585 651 665 704 σὺ
688 652 822 706 ἐκεῖ
848 650 920 706 ei.
965 655 1112 707 Ἐὰν
1141 654 1376 708 καταϐῶ
1404 657 1494 720 είς
1541 644 1649 709 τὸν
1682 656 1859 724 ᾅδην.

264 748 483 800 παρετ.
528 734 664 787 Ἐὰν
697 736 1063 808 ἀναλάϐοιμι
1094 736 1199 802 τὰς
1234 739 1534 806 πτέρυγάς
1569 757 1688 808 μου
1733 743 1862 794 κατ’

266 814 526 883 ἔρθρον,
558 819 651 870 καί
689 822 1147 890 κατασκηνὼσω
1211 826 1296 888 είς
1349 824 1420 877 τὰ
1467 824 1702 892 ἔσχατα
1756 825 1864 890 τῆς

267 898 630 966 θαλάσσης,
657 903 754 956 καὶ
785 903 894 974 γὰρ
924 905 1050 959 ἐκεῖ
1070 905 1108 972 ἡ
1143 908 1273 974 χεφ
1302 923 1419 960 σου
1448 907 1736 975 ὁδηγήσει
1767 927 1862 976 με,

1970 591 2114 629 meas
2135 577 2389 643 diluculo,
2413 591 2458 631 ct
2489 581 2788 633 habitarero
2823 583 2876 635 in
2910 584 3230 652 profundum
3269 587 3454 649 maris,
3479 597 3558 639 et-

1963 660 2100 712 enim
2140 661 2252 714 illic
2276 679 2460 716 manus
2502 673 2592 717 tua
2633 665 2848 720 deducet
2875 683 2973 730 me,
2999 680 3046 720 et
3071 670 3286 723 deducet
3318 686 3398 722 me
3435 673 3562 722 (lea:-

1967 754 2077 795 tera
2098 757 2188 796 tua
2211 745 2248 798 ¹.
2279 747 2514 814 Spiritus
2529 749 2671 800 enim
2694 761 2797 813 est,
2830 751 2918 818 qui
2939 751 3108 819 replet
3127 753 3397 816 universa,
3419 752 3560 806 sicut

1966 829 2226 892 scriptum
2269 840 2352 883 est
2381 849 2395 886 :
2427 831 2657 900 Spiritus
2688 832 2904 886 Domini
2940 836 3146 903 replet-it
3183 835 3355 889 orbem
3388 847 3559 888 terra-

1969 927 2084 964 rum
2121 916 2164 966 ’.

421 984 666 1075 καθέξει
697 1005 776 1075 με
837 989 875 1054 ἡ
907 989 1077 1075 δεξιά
1117 989 1518 1075 σου-Πνεῦμα
1545 991 1652 1062 γάρ
1693 993 1810 1045 ἐστι
1847 993 1907 1046 τὸ
1966 997 2330 1068 πεπληρωκὸς
2391 1001 2459 1053 τὰ
2496 1000 2811 1070 σύμπαντα,
2845 1001 2987 1055 κατὰ
3017 1003 3078 1055 τὸ
3128 1006 3518 1075 γεγραμμένον
3543 1019 3558 1033 ⁸

270 1064 532 1134 Πνεῦμα
558 1071 778 1137 Κυρίου
805 1071 1164 1140 πεπλήρωκε
1216 1073 1333 1137 τῖον
1355 1075 1736 1144 οἰκουμένην.

847 1163 949 1217 Ἐκ
980 1164 1086 1217 τοῦ
1113 1166 1322 1221 αὐτοῦ.

385 1253 534 1308 Am
563 1252 726 1317 διατί,
758 1253 886 1322 φὴς,
929 1255 1051 1324 οὐχὶ
1095 1256 1457 1324 προστέθεικε
1485 1256 1564 1324 τῷ
1589 1258 1678 1308 ἵνα
1704 1255 1870 1322 γινώ-

273 1338 467 1392 σκωσι
503 1355 559 1392 σε
584 1337 674 1390 τὸν
714 1338 879 1406 μόνον
902 1338 1157 1407 ἀληθινὸν
1197 1341 1352 1404 Θεὸν,
1388 1342 1485 1393 καὶ
1515 1341 1572 1393 ὃν
1608 1342 1870 1393 ἀπέστει-

272 1424 392 1485 λας
431 1420 640 1491 Ἰησοῦν
696 1421 951 1488 Χριστὸν,
1011 1423 1106 1474 καὶ
1162 1423 1220 1474 τὸ
1275 1425 1429 1490 ἆγιον
1462 1424 1722 1492 Πνεῦμα;
1769 1425 1871 1476 οὐκ

278 1509 574 1576 ἀφορίζων
596 1507 658 1559 τὸ
689 1506 922 1575 Πνεῦμα
954 1508 1053 1574 τῆς
1085 1507 1302 1571 δυάδος,
1367 1509 1504 1562 ἀλλὰ
1555 1509 1874 1563 τούναντίον

282 1592 458 1655 ἑνῶν,
497 1591 590 1642 καὶ
620 1589 798 1658 δηλῶν
851 1591 908 1640 ὲν
938 1591 1114 1662 [lupi
1155 1593 1250 1644 καὶ
1281 1592 1396 1661 Υἰῷ
1434 1593 1528 1645 καὶ
1556 1593 1616 1645 τὸ
1649 1593 1877 1662 Πνεῦμα

281 1675 355 1727 »τὸ
393 1673 716 1742 ἀχώριστον.
757 1675 918 1728 Ἐπεὶ
950 1675 1045 1727 καὶ
1081 1677 1166 1727 ὅτε
1193 1678 1359 1746 φησὶν
1387 1679 1414 1729 ὁ
1443 1667 1654 1739 Παῦλος
1675 1676 1876 1731 σ”υσοι

284 1762 388 1822 εις
421 1757 682 1823 Χριστὸν
713 1758 1145 1825 ἐϐαπτίσθητε.
1183 1759 1444 1828 Χριστόν
1476 1759 1875 1825 ἐνεδύσασθε,

2607 1178 2690 1233 Ea:
2723 1183 2926 1234 eadem.

2046 1265 2152 1320 Sed
2186 1282 2302 1332 cur,
2337 1269 2535 1339 inquis,
2566 1286 2684 1323 cum
2745 1272 2964 1325 dixisset
3003 1289 3017 1326 :
3052 1272 3114 1327 Ut
3173 1284 3484 1341 cognoscant
3517 1283 3564 1326 te

1978 1351 2147 1404 solum
2165 1369 2336 1406 rerum
2360 1353 2545 1411 Deum.
2567 1363 2612 1406 et
2639 1371 2787 1423 quem
2808 1356 2998 1409 misisti
3027 1355 3210 1409 Iesum
3228 1355 3496 1410 Christum
3518 1358 3560 1420 ³,

1975 1447 2083 1488 non
2117 1436 2362 1490 addidit:
2396 1448 2446 1490 ct
2499 1437 2755 1506 Spiritum
2805 1449 3072 1505 sanctum,
3125 1455 3230 1491 non
3276 1439 3565 1507 srjnugcns

1972 1534 2095 1572 cum
2123 1521 2189 1573 ab
2210 1520 2338 1589 ipsis
2366 1521 2590 1587 duobus,
2617 1523 2710 1578 sed
2736 1524 2911 1591 potius
2933 1539 3052 1574 cuiu
3079 1524 3180 1578 illis
3207 1523 3562 1592 coniungens-

1974 1606 2378 1675 ostendeusque
2431 1621 2460 1659 a
2488 1604 2653 1660 Patre
2707 1617 2757 1660 et
2785 1606 2921 1660 Filio
2959 1607 3220 1675 Spiritum
3271 1623 3375 1660 non
3409 1623 3565 1673 Sepa-

1976 1689 2084 1741 rari
2113 1688 2422 1752 ?Qnoniam
2457 1699 2510 1742 et
2539 1689 2758 1757 quando
2787 1687 2980 1742 Paulus
3015 1690 3084 1742 ait
3127 1707 3140 1743 :
3177 1689 3485 1758 Quicunque
3515 1690 3566 1741 in

1979 1768 2242 1823 Christum
2270 1771 2524 1835 baptizati
2545 1773 2691 1833 estis,
2741 1770 3004 1826 Christum
3051 1773 3299 1826 induistis
3332 1774 3374 1835 ⁵,
3414 1772 3562 1824 nullo

288 1842 357 1893 οὐ
402 1840 577 1909 δήπου
611 1841 703 1892 καὶ
727 1842 898 1911 χωρὶς
934 1842 1028 1894 τοῦ
1073 1842 1290 1910 Πατρὸς
1322 1841 1414 1893 τὸν
1443 1843 1719 1911 ἁγιασμὸν
1759 1845 1872 1896 εἰσ-

1995 1863 2139 1918 pacto
2168 1855 2285 1908 sine
2325 1855 2486 1908 Patre
2517 1856 2858 1908 sanctitatem
2916 1857 3145 1918 induxit,
3209 1856 3301 1909 sed
3337 1855 3386 1906 in
3430 1853 3568 1908 Filio

286 1925 574 1993 ῃγήσατο,
620 1923 733 1977 ἀλλ’
774 1927 832 1977 ἐν
875 1925 989 1995 Υίῷ
1033 1926 1128 1978 καὶ
1190 1925 1282 1978 τὸν
1319 1925 1542 1995 Πατέρα
1571 1925 1876 1995 δεδήλωκε·

290 2012 401 2063 καὶ
430 2010 520 2062 ὅτε
551 2009 713 2078 φησίν
732 2025 746 2040 ο
781 2010 955 2079 Ἡμῖν
984 2009 1092 2079 γὰρ
1121 2009 1524 2077 ἀπεκάλυψεν
1547 2012 1578 2063 ό
1611 2012 1756 2076 Θεὸς
1782 2010 1880 2064 διὰ

286 2092 410 2147 τοῦ
444 2094 671 2161 Πατρός
698 2093 913 2156 αὑτοῦ,
981 2095 1079 2164 οὐχ
1106 2093 1425 2163 ὑπεξῄρηκε
1487 2094 1580 2146 τὸν
1616 2094 1746 2146 Υἱὸν
1788 2095 1880 2147 τὸν

290 2177 555 2242 λέγοντα,
581 2178 731 2232 Οὐδὲ
756 2179 862 2231 τὸν
893 2180 1128 2246 Πατέρα
1157 2196 1246 2243 τις
1279 2178 1666 2246 ἐπιγινώσκει
1721 2180 1773 2231 εὶ
1795 2177 1879 2246 μὴ

292 2261 330 2315 ὁ
368 2261 523 2326 Υἱὸς,
553 2263 653 2315 καὶ
678 2257 725 2330 ᾧ
761 2264 837 2317 ἂν
863 2265 896 2315 ὀ
917 2263 1050 2328 Υἱός
1071 2263 1489 2330 ἀποκαλύψῃ·
1518 2265 1567 2314 εἰ
1603 2261 1659 2314 δὲ
1684 2262 1779 2313 καὶ
1807 2261 1882 2332 μὴ

292 2348 591 2413 ὀνομάζων
632 2348 725 2400 τὸν
792 2348 1013 2416 Πατέρα
1067 2347 1222 2418 δηλοί
1267 2347 1408 2417 μετὰ
1459 2347 1558 2416 τῆς
1608 2344 1704 2398 τοῦ
1749 2344 1880 2397 Υἰοῦ

293 2432 682 2499 προσηγορίας
713 2430 806 2482 καὶ
831 2432 920 2482 τὸν
950 2433 1279 2500 γεννήτορι,
1312 2433 1409 2483 καὶ
1467 2430 1542 2498 μὴ
1587 2429 1880 2497 ὀνομάζων

293 2514 399 2566 τὸν
432 2514 561 2567 Υἱὸν
599 2515 752 2583 δηλοῖ
785 2514 923 2583 μετὰ
950 2515 1044 2568 τοῦ
1077 2514 1335 2583 πατρῴου
1377 2514 1642 2584 ὀνόματος
1672 2517 1766 2566 καὶ
1795 2513 1883 2567 τὸν

236 2605 244 2615 ’
290 2600 710 2668 γεγεννημένον
736 2615 749 2628 ·
786 2600 931 2653 οὕτω
969 2601 1065 2653 καὶ
1117 2600 1247 2652 ἔνθα
1307 2600 1367 2650 τὸ
1401 2599 1624 2668 Πνεῦμα
1658 2599 1732 2666 μὴ
1763 2598 1880 2650 ὀνο·

298 2684 545 2753 μάζεται
580 2687 638 2738 ὲν
689 2684 768 2754 τῷ
834 2684 1161 2755 χορηγοῦντι
1214 2684 1346 2736 αὐτὸ
1397 2685 1490 2735 καὶ
1545 2682 1883 2752 μεταδιδόντι

293 2767 536 2837 Χριστῷ
566 2769 784 2837 νοῆταιο
810 2769 842 2838 ἢ
868 2771 962 2822 καὶ
983 2771 1072 2821 ὅτε
1103 2768 1272 2837 φασὶν
1299 2768 1348 2820 οἱ
1375 2769 1664 2819 ἀπόστολοι
1697 2784 1709 2797 ’
1740 2766 1884 2820 Τάδε

292 2854 472 2922 λέγει
504 2855 570 2906 τὸ
599 2854 842 2922 Πνεῦμα
874 2853 938 2906 τὸ
977 2853 1167 2921 ἅγιον,
1203 2853 1362 2922 μόνον
1403 2852 1796 2921 ὑποληψόμεθα
1826 2853 1886 2905 τὸ

299 2939 540 3007 Πνεῦμα
592 2938 907 3006 νομοθετεῖν
974 2937 1128 3006 ἡμῖν,
1176 2936 1268 2988 καὶ
1341 2935 1742 3005 προαγορεύειν
1817 2937 1886 2988 τὰ

303 3023 603 3091 μέλλοντα,
639 3024 734 3075 καὶ
787 3022 860 3092 μὴ
893 3023 956 3074 ὲκ
984 3020 1199 3092 Πατρὸς
1228 3021 1294 3074 δι’
1324 3021 1456 3074 Υἰοῦ
1501 3023 1563 3072 ἐν
1602 3019 1886 3089 Πνεύματι

300 3109 408 3179 ’τὴν
443 3107 768 3177 νομοθεσίαν
795 3108 886 3159 καὶ
916 3107 1265 3176 προφητείαν
1330 3104 1742 3176 κατέρχεσθαις
1787 3104 1886 3157 καὶ

1984 1935 2198 1988 Patrem
2229 1937 2394 1989 etiam
2447 1938 2724 1990 indicavit.
2785 1939 2852 1992 Et
2913 1939 3126 2006 quando
3192 1938 3370 1990 dixit:
3411 1935 3567 1988 Vobis

1983 2019 2118 2072 enim
2152 2020 2390 2072 revelavit
2422 2019 2558 2072 Deus
2596 2037 2686 2087 per
2716 2019 2969 2083 Spiritum
3023 2037 3176 2074 suum
3203 2021 3245 2081 ⁵,
3304 2035 3408 2072 non
3435 2022 3566 2072 sul»-

1985 2104 2151 2154 traxit
2178 2102 2376 2156 Filium
2402 2104 2667 2158 dicentem
2701 2123 2714 2158 :
2751 2103 3086 2157 NecPatrem
3111 2105 3246 2157 novit
3264 2105 3566 2172 quisquam,

1984 2187 2088 2238 nisi
2115 2184 2305 2250 Filius,
2335 2199 2381 2241 et
2422 2189 2507 2242 cui
2530 2186 2705 2242 Filius
2729 2187 3029 2241 revelarerit
3054 2189 3366 2254 “.Quamvis
3389 2199 3565 2241 autem

1986 2268 2200 2322 Patrem
2232 2286 2336 2323 non
2399 2271 2660 2334 nominet,
2705 2282 2880 2324 tamen
2942 2272 2995 2324 in
3027 2269 3144 2324 Filii
3209 2271 3572 2340 appellatione

1987 2351 2300 2407 Genitorem
2336 2354 2499 2407 etiam
2530 2354 2757 2409 indicat.
2785 2354 2850 2408 Et
2895 2357 3145 2422 quamvis
3179 2370 3284 2407 non
3343 2355 3562 2406 noiiiiue

1985 2437 2204 2502 Filium,
2237 2453 2360 2492 eum
2398 2449 2577 2492 tamen
2629 2438 2682 2490 in
2709 2439 2886 2493 Patris
2937 2439 3158 2492 nomine
3210 2438 3569 2491 demonstrat.

1985 2523 2062 2577 Ita
2091 2539 2210 2576 cum
2237 2523 2472 2590 Spiritus
2509 2537 2614 2575 non
2640 2522 2969 2584 nominatur,
3004 2525 3054 2575 in
3081 2520 3323 2584 Christo,
3353 2521 3439 2587 qui
3461 2520 3569 2572 lar-

1987 2607 2322 2676 gituripsum
2361 2614 2524 2672 atque
2560 2606 2825 2674 impertit,
2877 2606 3214 2674 intelligitur.
3249 2606 3326 2656 An
3357 2604 3573 2672 quando

1985 2692 2170 2744 dicunt
2213 2690 2443 2759 apostoli
2477 2706 2490 2744 :
2535 2689 2665 2742 IItrc
2710 2690 2837 2742 dicit
2867 2687 3096 2755 Spiritus
3129 2698 3365 2752 sanctus,
3399 2688 3572 2742 solum

1988 2775 2246 2842 Spiritum
2285 2781 2530 2827 sanctum
2571 2773 2725 2826 nobis
2794 2773 3087 2840 praecipere
3121 2782 3174 2825 et
3231 2771 3411 2825 futura
3441 2786 3579 2839 pra:-

1989 2858 2241 2912 nuntiare
2266 2856 2663 2920 existimamus,
2691 2871 2876 2910 acuoa
2909 2870 2976 2908 ex
3013 2855 3192 2917 Patre,
3237 2871 3331 2924 per
3356 2854 3575 2911 Filium.

1988 2942 2040 2996 in
2067 2940 2270 3009 Spiritu
2299 2950 2492 2992 sancto
2533 2940 2745 2994 decreta
2773 2950 2825 2993 et
2858 2940 3109 2993 vaticinia
3164 2938 3487 3006 pervenire?
3513 2938 3580 2990 Et

1989 3041 2111 3082 cum
2173 3026 2400 3093 legimus
2459 3040 2680 3091 puerum
2743 3040 2808 3078 ex
2863 3023 3066 3092 Spiritu
3124 3034 3314 3078 sancto
3365 3033 3577 3085 natum,

1989 3109 2396 3163 arliilrainurue
2420 3106 2683 3174 Spiritum
2741 3108 2859 3159 sine
2889 3105 3066 3160 Verho
3102 3107 3168 3158 ad
3203 3106 3353 3172 pueri
3388 3121 3577 3168 perso-

302 3197 397 3247 ὃτε
421 3194 648 3262 λέγεται
679 3195 739 3245 τὸ
772 3191 986 3244 παιδίον
1042 3191 1199 3256 ἆγιον
1247 3193 1310 3243 ἐκ
1338 3191 1662 3258 Πνεύματος
1730 3188 1887 3256 ἁγίου

1995 3207 2116 3245 nam
2135 3207 2283 3245 COtlSI
2296 3191 2570 3244 ituendam
2595 3191 2931 3245 accessisse?
2961 3188 3120 3259 Atqui
3140 3187 3382 3243 Joannes
3400 3192 3526 3240 dicit
3562 3206 3576 3242 :

307 3277 730 3347 γεγεννῆσθαι,
764 3281 934 3346 χωρὶς
975 3276 1070 3329 τοῦ
1123 3277 1300 3341 Λόγου
1354 3274 1416 3327 τὸ
1459 3274 1684 3342 Πνεῦμα
1715 3290 1896 3342 παρα-

311 3362 542 3430 γεγονὸς
595 3362 676 3422 εἰς
701 3361 801 3429 τὴν
838 3358 932 3412 τοῦ
978 3360 1217 3430 βρέφους
1270 3359 1571 3410 ὑπόστασιν
1615 3355 1894 3423 ὑποληψό-

316 3447 499 3516 μεθα;
530 3445 716 3498 καίτοι
738 3463 802 3511 γε
829 3446 1078 3512 λέγοντος
1104 3443 1198 3496 τοῦ
1235 3443 1514 3505 Ἰωάννου,
1547 3443 1631 3494 ὅτι
1660 3442 1687 3492 ό
1717 3440 1895 3506 Λόγος

322 3532 463 3600 σὰρξ
499 3532 740 3598 ἐγένετο,
808 3533 902 3582 καὶ
925 3530 999 3599 τῷ
1051 3530 1211 3599 Λόγῳ
1235 3529 1337 3598 τῆς
1409 3524 1744 3597 σαρκώσεως
1775 3526 1893 3576 ἑπι-

327 3615 700 3682 γραφομένης.
750 3613 914 3665 Ἀλλὰ
946 3613 1034 3665 διὰ
1061 3613 1283 3664 πάντων
1336 3608 1522 3678 δῆλον,
1579 3611 1662 3660 ὅτι
1704 3608 1799 3661 καὶ
1837 3609 1896 3662 ὲν

329 3695 412 3764 τῷ
439 3697 586 3765 Λόγῳ
617 3697 680 3748 τὸ
706 3695 953 3764 Πνεῦμα,
984 3697 1080 3747 καὶ
1110 3696 1137 3746 ό
1176 3693 1349 3761 Λόγος
1379 3694 1438 3744 ὲν
1459 3691 1539 3762 τῷ
1591 3691 1893 3757 Πνεύματι,

318 3782 424 3849 τῆς
453 3780 700 3842 ἑνώσεως
725 3779 822 3847 τῆς
849 3779 994 3831 κατὰ
1024 3779 1125 3847 τὴν
1155 3778 1400 3843 Θεότητα
1447 3776 1521 3846 μὴ
1572 3773 1895 3844 διαιρουμέ-

313 3881 444 3933 νης.
473 3863 684 3933 Τριάδα
713 3863 812 3932 μὲν
843 3864 950 3931 γὰρ
978 3863 1010 3933 ἡ
1058 3860 1169 3914 τῶν
1203 3861 1373 3930 τριῶν
1406 3860 1688 3927 ὀνομάτων
1716 3858 1898 3926 παρά-

313 3949 490 4017 ληψις
539 3947 854 4017 ὲξαριΟμεῖ,
902 3948 999 4000 καὶ
1059 3947 1400 4015 παρίστησιο
1447 3945 1546 4014 τῆς
1588 3946 1644 3996 δὲ
1673 3945 1904 4013 Τριάδος

311 4032 438 4102 ἔχει
461 4033 564 4102 τὴν
600 4034 810 4085 ἕνωσιν
851 4033 884 4098 ἡ
912 4032 1004 4084 καὶ
1041 4029 1163 4082 καθ’
1229 4029 1287 4081 ἓν
1329 4030 1499 4097 δνομα
1537 4029 1792 4098 δήὶάοσις,
1833 4027 1910 4090 ὡς

2005 3274 2224 3330 Verbum
2271 3290 2394 3327 caro
2421 3275 2615 3340 factum
2647 3283 2743 3338 est,
2772 3285 2824 3329 et
2859 3272 3034 3327 Verbo
3056 3275 3235 3326 carnis
3261 3273 3583 3340 assumptio-

1997 3375 2116 3412 nem
2145 3358 2388 3414 ascribit.
2409 3357 2594 3424 Itaque
2614 3373 2675 3410 ex
2707 3358 2791 3410 his
2807 3359 3058 3410 oiimihus
3081 3364 3248 3425 patet,
3273 3366 3327 3410 et
3350 3355 3584 3408 inVerbo

1997 3442 2255 3512 Spiritum
2284 3457 2427 3503 esse,
2453 3451 2506 3495 et
2538 3439 2771 3496 Verbum
2801 3442 2850 3494 in
2881 3439 3106 3506 Spiritu,
3130 3457 3251 3495 cum
3280 3440 3584 3494 Divinitatis

1998 3533 2176 3585 unitas
2203 3548 2302 3585 non
2323 3533 2694 3595 distrahatur;
2721 3529 3042 3582 Trinitatem
3065 3531 3206 3582 enim
3227 3526 3387 3579 trium
3414 3523 3584 3578 nomi-

2004 3630 2131 3670 num
2186 3616 2467 3670 disdnctio
2529 3623 2776 3668 numerat
2825 3622 2988 3679 atque
3032 3609 3334 3664 constituit.
3383 3607 3586 3672 Quam-

2004 3699 2188 3752 obrem
2217 3698 2367 3763 illud,
2394 3698 2620 3762 Exipso,
2645 3709 2690 3750 et
2714 3712 2803 3760 per
2825 3697 3017 3760 ipsum,
3039 3707 3086 3748 et
3113 3697 3166 3747 in
3191 3694 3359 3760 ipsum
3382 3691 3582 3754 omnia,

2008 3782 2062 3834 in
2089 3797 2196 3835 uno
2225 3785 2442 3835 nomine
2461 3782 2763 3849 conjunxit,
2789 3791 2842 3832 et
2866 3779 3040 3832 I’atris
3059 3789 3112 3830 et
3137 3777 3255 3829 Filii
3277 3785 3323 3828 et
3349 3775 3584 3843 Spiritus

2008 3865 2180 3917 saneti
2212 3866 2621 3933 proprietatem.
2680 3863 2824 3917 Unus
2852 3864 2984 3914 enim
3005 3861 3163 3922 Deus,
3183 3874 3244 3910 ea:
3268 3874 3368 3926 quo
3385 3859 3584 3920 omnia,

2011 3956 2060 4000 et
2083 3962 2216 3999 unus
2259 3947 2510 4002 Dominus
2553 3947 2732 4011 Iesus,
2761 3963 2852 4015 per
2900 3963 3050 4014 quem
3101 3944 3302 4002 omnia,
3354 3952 3400 3993 et
3451 3938 3585 3994 unus

2017 4029 2246 4095 Spiritus
2298 4043 2536 4095 sanctus,
2564 4033 2616 4086 in
2637 4049 2738 4101 quo
2771 4033 2947 4084 omnia
2978 4031 3021 4082 ".

311 4119 380 4167 τι)
417 4117 479 4180 ἐξ
524 4116 713 4180 αὑτοῦ,
745 4117 835 4168 καὶ
858 4115 922 4168 δι’
946 4112 1134 4178 αὐτοῦ,
1165 4113 1258 4164 καὶ
1318 4116 1394 4173 είς
1425 4112 1587 4164 αὐτὸν
1614 4116 1681 4164 τὰ
1717 4110 1914 4169 πάντα,
1950 4113 2258 4180 συνήγαγεν
2297 4115 2377 4176 είς
2410 4114 2467 4168 ἓν
2492 4115 2662 4186 ὄνομα
2698 4114 2757 4168 τό
2797 4114 2977 4167 τε.τοῦ
3004 4111 3214 4182 Πατρ“.ς
3245 4109 3461 4179 ἰδίωμα.
3491 4107 3587 4158 καὶ

314 4201 419 4255 τοῦ
490 4201 645 4264 Υὲοῦ,
695 4203 787 4253 καὶ
833 4199 929 4252 τοῦ
992 4198 1147 4267 ἁγίου
1196 4195 1536 4264 Πνεῦματος.
1573 4189 1668 4257 Εἷς
1709 4197 1819 4263 γὰρ
1849 4192 1982 4256 Θεὸς
2035 4194 2096 4260 ἐξ
2133 4193 2194 4251 οὗ
2232 4199 2300 4251 τὰ
2349 4200 2552 4267 πάντα,
2606 4200 2701 4254 καὶ
2761 4195 2841 4263 εἷς
2887 4198 3092 4268 Κύριος
3133 4194 3376 4265 Ἰησοῦς,
3423 4192 3490 4244 δι’
3529 4186 3589 4246 οὗ

318 4288 532 4352 πάντα,
561 4287 656 4339 καὶ
683 4284 740 4337 ἓν
769 4285 992 4354 Πνεῦμα
1018 4283 1192 4350 ἆγιον,
1221 4285 1277 4334 ἐν
1301 4276 1343 4348 ᾧ
1373 4280 1440 4331 τὰ
1466 4279 1664 4332 πάντα..

875 4381 980 4434 Ἐκ
1014 4378 1122 4432 τοῦ
1146 4376 1356 4432 αὐτοῦ.

406 4479 577 4532 Ἀλλὰ
600 4477 839 4546 πνεῦμα,
878 4476 1033 4544 φησὶ,
1064 4472 1286 4540 λέγεται
1336 4467 1658 4538 ἀνθρώπου,
1709 4466 1784 4528 ὡς
1815 4465 1899 4530 τὸ,

336 4562 713 4626 Ἀντανελεῖς
753 4561 817 4612 τὸ
849 4558 1090 4625 πνεῦμα
1142 4552 1364 4616 αὐτῶν,
1393 4552 1491 4606 καὶ
1523 4551 1905 4617 ἐκλείψουσι.

324 4648 563 4717 Πνεῦμα
613 4647 709 4698 καὶ
731 4647 786 4698 τὸ
815 4642 909 4696 τοῦ
951 4639 1109 4706 Θεοῦ,
1137 4640 1212 4704 ὡς
1233 4639 1314 4702 τὸ,
1351 4640 1432 4692 Οὐ
1457 4637 1546 4705 μὴ
1581 4634 1908 4717 καταμείνῃ

321 4735 396 4788 τὸ
444 4714 687 4797 Πνεῦμα
717 4745 835 4796 μου
876 4727 945 4778 ἐν
978 4725 1100 4788 τοῖς
1143 4720 1479 4790 ἀνθρώποις
1519 4721 1790 4782 τούτοις·
1815 4714 1910 4766 καὶ

320 4818 387 4869 τὸ
443 4815 744 4881 ἁνεμιαίον,
773 4812 847 4874 ὡς
886 4811 966 4870 τὸ,
1001 4809 1261 4863 Πνεύσει
1303 4803 1368 4858 τὸ
1409 4801 1652 4871 Πνεῦμα
1697 4799 1908 4862 αὐτοῦ,

325 4899 434 4954 καὶ
489 4899 787 4966 ῥυήσεται
845 4895 1078 4954 ὕδατα,
1139 4893 1234 4946 καὶ
1298 4890 1465 4958 ἔτερα
1523 4887 1694 4940 πολλὰ
1758 4883 1912 4954 εὖροι

321 5002 416 5047 τις
457 4983 544 5039 ἄν.
604 4983 852 5051 Λέγομεν
882 4975 977 5032 οὖν
1029 4978 1165 5047 πρὸς
1226 4975 1325 5037 τὴν
1365 4974 1474 5027 τῶν
1515 4971 1778 5026 ἐναντίων
1815 4971 1912 5021 ἁν-

323 5068 563 5131 ςίοεσιν,
612 5067 694 5118 ὅτι
757 5066 807 5117 εἰ
862 5063 1107 5132 νομίσειε
1159 5076 1244 5123 τις
1291 5058 1599 5125 ταυτότητα
1663 5055 1912 5121 εἰσάγειν

324 5153 442 5203 ἀπὸ
473 5150 580 5203 τῶν
608 5149 945 5219 ὁμωνύμων,
963 5147 1016 5200 τί
1050 5148 1331 5216 ποιήσειεν
1358 5143 1446 5205 ἂν,
1470 5143 1558 5194 ὅτε
1582 5141 1712 5193 ὄντα
1736 5138 1913 5192 πολλὰ

326 5234 580 5301 λέγεται,
613 5233 645 5303 ἦ
673 5234 921 5286 καλεῖται
945 5251 959 5299 ;
987 5234 1104 5296 ἐνὸς
1133 5233 1191 5284 δέ
1230 5232 1346 5283 ἐστι
1382 5226 1544 5280 τοῦτο
1576 5225 1784 5294 κυρίως
1812 5223 1912 5276 τοῦ

329 5319 594 5384 λέγοντος
652 5318 862 5389 Κυρίου
901 5319 996 5372 καὶ
1050 5317 1268 5388 ἀληθῶς
1320 5312 1458 5368 Θεοῦ
1501 5327 1514 5341 ·
1557 5309 1704 5378 Ἐγώ
1733 5311 1852 5375 altu
1881 5311 1916 5361 ό

330 5401 453 5466 dir;
477 5404 742 5469 Λέγονται
786 5404 960 5457 δὲκαὶ
999 5402 1238 5471 πατέρες
1273 5399 1481 5462 πολλοὶ,
1513 5396 1606 5450 καὶ
1649 5394 1781 5454 θεοὶ.
1818 5391 1914 5444 καὶ

337 5486 522 5554 σοφοὶ,
555 5486 650 5539 καὶ
671 5487 914 5548 δυνατοὶ,
942 5485 1036 5540 καὶ
1063 5483 1411 5554 δημιουργοὶ,
1439 5481 1475 5534 ἃ.
1509 5479 1588 5548 τῷ
1617 5477 1736 5545 6εῴ
1764 5476 1914 5545 μόνῳ

337 5569 505 5636 φύσει
545 5569 845 5639 πρόσεστιν
878 5569 986 5622 ἀεί.
1045 5571 1154 5621 Καὶ
1201 5569 1474 5634 ἀγέννητοι
1529 5561 1790 5620 ὡσαύτως
1821 5558 1914 5610 li-

337 5666 530 5716 γονται
560 5655 630 5705 τὰ
664 5653 890 5722 μηδέπω
921 5651 1279 5722 γεννηθέντα,
1333 5648 1600 5718 μέλλοντα
1637 5644 1691 5696 δὲ
1727 5642 1918 5710 γεννᾶο

1037 5773 1056 5802 ¹
1084 5767 1212 5835 Sap.
1249 5763 1376 5835 i._7.

922 5843 942 5873 ⁸
967 5832 1258 5902 Psal.ciu,'
1281 5832 1372 5887 ‘Zl.

1451 5762 1471 5793 ⁸
1498 5760 1656 5818 Joan.
1690 5773 1824 5819 xvii.
1857 5756 1913 5811 5.

1450 5835 1469 5866 ⁹
1494 5832 1784 5896 6οιι.νι,ὅ.

417 5769 433 5800 ²
467 5768 616 5823 Ριιι.
645 5785 875 5830 xzmn,
907 5770 958 5822 7.

340 5837 362 5869 ⁷
395 5836 567 5897 ICor.
603 5857 723 5905 vui,
755 5842 809 5896 6.

1882 5826 1926 5856 '°
1953 5823 2323 5885 Psal.cx1.vn,
2355 5818 2439 5873 18.

2648 4371 2732 4426 Ea:
2753 4371 2957 4425 eadem.

2081 4465 2151 4518 At
2183 4465 2430 4533 Spiritus,
2473 4464 2677 4532 inquis,
2714 4463 2951 4516 hominis
2988 4462 3208 4527 dicitur,
3243 4471 3299 4514 ut
3327 4477 3392 4515 eo
3421 4461 3538 4514 loco
3576 4479 3590 4516 :

2009 4547 2230 4614 Auferes
2276 4547 2516 4613 spiritum
2575 4563 2778 4609 eorum,
2828 4555 2876 4600 et
2907 4545 3150 4612 deﬁcient
3183 4544 3224 4608 ⁸,
3262 4556 3311 4597 et
3343 4545 3431 4597 Dei
3467 4544 3592 4612 Spi-

2011 4631 2146 4682 ritus
2174 4631 2392 4693 dicitur,
2418 4642 2478 4684 ut
2503 4630 2604 4684 ihi:
2641 4627 2760 4682 Non
2782 4630 3103 4696 permanebit
3127 4628 3359 4696 Spiritus
3380 4645 3520 4680 meus
3540 4629 3592 4680 in

2011 4715 2306 4769 hominibus
2338 4715 2452 4768 istis
2478 4716 2519 4768 °.
2548 4714 2824 4767 Etventus
2859 4714 3057 4766 dicitur
3075 4713 3318 4778 spiritus,
3341 4723 3396 4762 ut
3417 4711 3542 4762 illud
3577 4726 3591 4763 :

2015 4799 2196 4854 Flabit
2229 4800 2447 4865 spiritus
2475 4798 2612 4866 ejus,
2653 4807 2698 4850 et
2731 4797 2894 4865 ﬂuent
2923 4795 3159 4863 aquw”.
3188 4792 3253 4846 Et
3291 4795 3390 4846 alia
3428 4795 3593 4846 multa

2013 4886 2252 4952 reperies
2299 4884 2547 4952 spiritum
2608 4882 2885 4949 appellari.
2944 4881 3023 4932 Ad
3079 4880 3178 4932 hoc
3235 4878 3419 4947 igitur,
3454 4879 3597 4944 quod

2013 4969 2304 5025 adversarii
2336 4966 2616 5034 objicient,
2669 4965 3077 5032 respondemus,
3118 4979 3224 5016 non
3259 4964 3371 5034 lieri
3421 4964 3602 5015 nomi-

2014 5070 2140 5109 num
2177 5052 2552 5113 similitudine,
2607 5062 2776 5103 utres
2832 5063 3044 5117 quoque
3088 5049 3226 5102 idem
3263 5047 3394 5101 sint.
3439 5046 3601 5100 Multa

2013 5137 2159 5192 enim
2192 5143 2339 5198 sunt,
2367 5150 2487 5202 qua:
2537 5135 2725 5188 eodem
2764 5135 2978 5187 nomine
3035 5133 3397 5202 appellantur,
3455 5132 3599 5201 quod

2017 5231 2196 5273 tamen
2233 5233 2425 5271 nomen
2459 5218 2547 5270 uni
2574 5216 2790 5284 proprie
2822 5217 3101 5270 convenit.
3131 5216 3373 5284 Exempli
3406 5215 3597 5282 gratia,

2015 5302 2300 5367 Dominus,
2325 5313 2378 5356 et
2406 5317 2534 5355 vere
2572 5301 2714 5354 Deus
2753 5310 2856 5365 est,
2889 5303 2977 5370 qui
3014 5302 3143 5354 dicit
3179 5316 3192 5352 :
3235 5298 3342 5365 Ego
3374 5313 3488 5350 sum
3513 5293 3600 5362 qui

2016 5404 2132 5442 sum
2163 5387 2230 5449 “,
2269 5385 2418 5438 multi
2449 5393 2631 5438 tamen
2684 5385 2940 5442 dicuntur
2973 5384 3068 5436 dii"
3101 5393 3154 5436 et
3183 5394 3384 5450 patres,
3417 5390 3468 5430 et
3513 5392 3600 5427 sa-

2016 5471 2248 5541 pientes,
2310 5476 2364 5522 ct
2405 5475 2672 5536 potentes,
2704 5476 2752 5521 et
2809 5467 3112 5531 eﬂ‘ectores,
3169 5477 3286 5530 qua:
3341 5461 3449 5513 Deo
3499 5457 3598 5510 soli

2019 5567 2209 5610 natura
2229 5569 2444 5620 semper
2465 5552 2680 5606 adsunt.
2713 5550 2956 5620 lugeuita
2994 5551 3118 5602 item
3178 5549 3453 5604 dicuntur,
3480 5556 3600 5609 qua:

2018 5639 2257 5692 nondum
2289 5645 2414 5690 sunt
2467 5636 2672 5705 genita,
2713 5637 2806 5687 sed
2869 5645 3045 5685 tamen
3105 5629 3345 5681 futurum
3407 5631 3601 5686 est,ut

2010 5755 2030 5785 δ
2059 5753 2237 5804 Gilat.
2277 5764 2359 5812 Iit,
2391 5747 2482 5801 9.7.
2559 5751 2578 5782 ⁸
2613 5748 2628 5801 Ι
2663 5747 2790 5799 Cor.
2823 5761 2884 5802 it.
2917 5745 3000 5798 IO.
3077 5743 3100 5774 ⁶
3131 5739 3325 5794 Matth.
3377 5752 3450 5802 xi,
3506 5738 3597 5790 '27.

2522 5821 2560 5852 ”
2583 5816 2755 5872 Exod.
2797 5815 2970 5876 "1,91
