4064 6436
508 416 617 477 :33
1770 394 2159 459 EUTIIi’Mli
2199 393 2563 452 ZIGABENI
3664 394 3777 458 μηδ

510 531 797 598 gignantur
818 534 868 578 et
900 524 1027 576 sint.
1052 520 1119 576 Ut
1152 529 1488 573 mortuorum
1511 510 1837 598 resurrectio
1859 503 2093 598 nomium

2209 501 2345 565 30m,
2374 503 2405 571 ἣ
2440 503 2800 571 γίνεσθαι,ὠ;
2833 506 2865 575 ἡ
2890 507 2998 558 τῶν
3020 506 3236 578 νεκρῶν
3261 507 3559 571 ἀνάστασις
3612 508 3776 565 οὔπω

509 586 615 675 δεῖ,
640 606 732 663 sed
765 619 939 662 tamen
973 619 1055 658 est
1091 607 1287 656 l'ulura.
1318 598 1652 657 Etunuulus,
1691 593 1780 663 qui
1830 605 1895 644 ex
1945 587 2092 675 ferro

2209 587 2461 675 γεγονυῖα
2482 586 2779 675 αγένγγτος,
2822 588 3095 675 μέλλουσα
3122 589 3181 675 όὲ
3211 586 3379 675 εἶναι,
3437 592 3470 659 ἢ
3497 592 3571 654 ὼς
3602 594 3629 644 6
3660 595 3777 645 ἀπὸ

512 669 877 747 conﬁciendos
911 698 1013 752 est,
1051 686 1289 739 nondum
1339 697 1442 737 εει.
1503 679 1751 749 ingenita
1784 689 1975 729 rursus
2008 672 2092 723 ili-

2209 669 2422 739 1ιδήρου
2478 670 2766 735 δακτύλιος
2820 673 3031 741 μέλλων
3081 674 3351 742 γίνεσθαι.
3386 675 3467 728 ἔτι
3500 678 3773 746 ἀγένητός

513 786 733 839 cuntur,
768 789 888 841 qua:
919 771 1067 825 nullo
1100 778 1259 839 pacto
1280 776 1427 821 sunt.
1483 765 1657 819 Verba
1719 762 1844 813 item
1907 757 2092 811 multis

2209 757 2368 841 ἐστιν.
2407 755 2869 841 Πᾴλινᾷἀγένητον
2900 758 2960 810 τὸ
3002 758 3255 841 ἁνούσιον
3285 758 3537 828 νοοῦμεν,
3566 762 3627 812 sb
3666 779 3780 830 μη-

513 838 853 925 aceipiuntur
877 855 1072 920 modis,
1101 838 1203 908 sed
1238 865 1402 905 unum
1444 858 1526 902 est
1564 846 1654 900 Dei
1682 843 1914 898 Verbum
1947 854 2089 894 sem-

2209 839 2343 909 Βαμῆ
2381 839 2649 925 μηδαμῶς
2679 840 2760 896 δν.
2798 841 2969 925 ξΔλλὰ
3004 842 3102 911 μὲν
3138 838 3232 896 οῦν
3263 844 3356 896 καὶ
3385 843 3535 910 λόγοι
3580 845 3776 898 πολλοὶ⁸

515 918 807 1009 piternum,
839 939 984 1006 quod
1041 918 1096 990 et
1136 936 1275 989 Deus
1303 938 1354 986 in
1386 929 1676 999 Evangelia
1731 926 1951 988 dicitur,
1998 938 2095 988 per

2209 922 2720 1009 προσαγορεύονται,
2769 918 2851 987 εἷς
2885 925 2941 978 δὲ
2974 927 3003 979 6
3043 925 3137 979 τοῦ
3177 925 3313 979 Θεοῦ
3373 927 3567 1009 ἀϊξιος,
3609 930 3637 981 6
3674 931 3776 981 καὶ

512 1002 652 1092 quod
669 1002 1007 1076 omnia-facta
1035 1028 1182 1073 sunt.
1204 1018 1267 1070 Et
1292 1017 1383 1069 Dei
1406 1015 1497 1067 lilii
1522 1015 1575 1067 in
1609 1012 1888 1080 Scriptura
1904 1009 2091 1061 dicun-

2209 1008 2329 1069 Θεὸς
2363 1010 2421 1060 ὲν
2448 1006 2764 1092 Εῦαγγελίῳ
2792 1009 3209 1079 κηρυσσόμενος
3230 1050 3245 1075 ,
3306 1009 3374 1062 δι’
3403 1002 3464 1063 οὗ
3494 1011 3561 1064 τὰ
3587 1014 3776 1065 πάντα

514 1090 600 1161 1111·
628 1106 800 1169 multi,
828 1115 885 1158 ut
916 1122 928 1158 :
954 1103 1123 1156 Filios
1166 1102 1341 1171 genui.
1369 1111 1415 1153 et
1459 1097 1678 1152 educavi
1700 1098 1740 1150 ‘.
1788 1093 1853 1146 Et
1880 1110 1894 1147 :
1923 1092 2092 1145 Filius

2209 1092 2441 1158 ἐγένετο.
2483 1090 2596 1141 Καὶ
2621 1091 2729 1143 υἱοὶ
2752 1092 2888 1143 Θεοῦ
2919 1093 3169 1159 λέγονται
3202 1094 3261 1145 ἐν
3309 1096 3375 1162 τῇ
3408 1095 3599 1165 Γραφῇ
3634 1096 3778 1147 πολε

514 1207 653 1243 meus
695 1191 1066 1258 primogenita:
1119 1185 1290 1238 Israel
1312 1188 1353 1249 ¹,
1384 1183 1474 1251 qui
1508 1194 1685 1235 tamen
1727 1179 2016 1247 adoptione
2042 1187 2096 1230 et

2209 1176 2299 1234 tot,
2341 1173 2505 1258 κατα
2543 1172 2626 1235 τὸ,
2658 1174 2832 1239 Υίοὺς
2894 1174 3229 1245 ἐγέννησα,
3259 1180 3357 1230 καί
3393 1177 3644 1245 ὕψωσα·
3677 1182 3780 1231 καὶ¹

513 1257 804 1341 gratiaper
847 1286 1031 1323 verum
1062 1268 1258 1321 Filtum
1288 1267 1540 1321 dicuntur
1597 1264 1715 1327 lilii,
1742 1277 1846 1316 non
1915 1272 2092 1313 tamen

2209 1259 2385 1323 πάλιν,
2420 1257 2552 1324 Υἱὸς
2579 1260 2956 1326 πρωτότοκος
2980 1276 3102 1328 μου
3136 1261 3409 1328 Ἰσραὴλ,
3448 1262 3598 1315 θέσει
3641 1263 3777 1331 μέν-

514 1356 625 1408 γετί
651 1365 957 1423 naturaque
990 1352 1123 1417 lilii;
1167 1367 1230 1406 ex
1270 1361 1462 1404 natura
1487 1349 1630 1403 enim
1664 1358 1718 1401 et
1758 1343 1984 1399 veritate
2010 1356 2096 1397 res

2209 1362 2296 1402 rat.
2331 1343 2425 1394 καὶ
2449 1342 2639 1412 χάριτί
2674 1359 2782 1395 τινι
2812 1342 3219 1411 υίοθετούμενοι
3253 1344 3362 1397 ἀπὸ
3384 1345 3480 1398 τοῦ
3508 1348 3777 1417 ἀληθινοῦ

442 5770 448 5777 ν
522 5753 541 5783 ⁷
570 5750 722 5812 Juan.
760 5750 797 5822 1,
826 5757 878 5809 ’5.

517 1440 649 1506 ipsa:
675 1449 991 1492 censentur.

1159 1616 1241 1665 Ea:
1269 1613 1472 1666 eadem.

591 1709 771 1777 Imago
797 1707 917 1761 Filii
940 1707 1115 1762 dictus
1145 1713 1315 1769 est,et
1337 1703 1537 1773 digitus
1569 1700 1687 1765 Dei,
1726 1709 1782 1755 et
1809 1699 1904 1756 Dei
1927 1697 2098 1768 Spiri-

523 1803 628 1854 tus,
663 1802 716 1844 et
778 1788 1033 1850 Verbum,
1081 1797 1137 1843 et
1175 1789 1346 1842 bonus
1395 1786 1653 1855 Spiritus,
1696 1793 1751 1838 et
1812 1793 2012 1848 tectus,
2043 1793 2098 1837 et

521 1871 851 1941 principalis,
883 1883 935 1925 et
962 1871 1197 1941 Spiritus
1215 1869 1449 1934 virtutis,
1480 1877 1535 1922 et
1571 1867 1847 1928 Dominus,
1879 1876 1933 1921 et
1960 1866 2099 1919 Deus

521 1960 702 2012 dictus
732 1967 814 2011 est
840 1956 932 2010 Dei
971 1955 1225 2025 Spiritus,
1255 1951 1709 2022 quemadmodum
1745 1959 1799 2003 et
1832 1949 2095 2005 Verbum.

520 2042 575 2093 Si
601 2042 742 2093 enim
783 2052 903 2093 cum
936 2036 1045 2092 Deo
1071 2045 1126 2090 et
1155 2034 1335 2090 Verbo
1372 2037 1596 2088 virtutes
1614 2033 1876 2087 cmlorum
1921 2033 2100 2087 lirmat

521 2124 778 2193 Spiritus,
810 2122 1087 2191 quomodo
1111 2119 1338 2184 alienus,
1358 2133 1516 2187 quem
1541 2117 1630 2185 qui
1661 2116 1954 2185 accipiunt,
1973 2127 2101 2170 sunt

522 2207 614 2261 Dei
642 2206 899 2275 templum
924 2204 948 2256 ?
977 2203 1077 2269 Qui
1104 2213 1157 2257 et
1184 2200 1423 2271 Spiritus
1448 2199 1561 2255 oris
1590 2199 1681 2253 Dei
1705 2198 2104 2270 appellatur,et

522 2290 704 2341 mundi
720 2286 1011 2341 creationis
1027 2300 1189 2342 causa
1227 2283 1389 2339 simul
1415 2299 1536 2337 cmn
1564 2281 1740 2336 Verbo
1760 2283 2101 2336 demonstra-

523 2386 630 2439 tur,
662 2374 749 2441 qui
787 2369 918 2425 facit
943 2371 1125 2424 omnia
1155 2380 1410 2437 tanquam
1442 2370 1603 2431 Deus,
1645 2366 2102 2434 quemadmodum

522 2456 653 2518 vult,
695 2462 752 2506 ut
774 2453 1065 2521 Apostolus
1086 2451 1227 2510 ait'.
1281 2450 1371 2504 ille
1398 2450 1706 2520 adoptionis
1740 2448 1994 2516 Spiritus,
2017 2448 2104 2499 ille

521 2539 789 2593 libertatis
819 2547 1032 2601 auctor,
1059 2536 1148 2603 qui
1203 2536 1294 2589 ubi
1344 2534 1475 2598 vult,
1508 2535 1680 2603 spirat
1737 2532 2100 2598 divinitatem,

519 2637 676 2691 quem
714 2622 928 2689 quidem
984 2630 1040 2674 et
1092 2618 1350 2687 Spiritum
1406 2617 1646 2671 veritatis
1699 2627 1886 2683 aperte
1924 2630 2101 2669 rerum

519 2707 760 2759 nntnium
790 2704 1049 2759 Dominus
1082 2710 1258 2755 vocat.
1293 2701 1392 2767 Qui
1429 2702 1479 2754 in
1506 2699 1772 2754 columbae
1802 2699 1983 2765 specie
2011 2713 2104 2751 su-

523 2807 616 2855 per
655 2791 832 2858 ipsum
862 2803 893 2843 ε
930 2788 1072 2842 coelo
1125 2785 1428 2839 descendit.
1463 2783 1563 2849 Qui
1634 2783 1845 2837 Domini
1881 2796 2102 2837 carnem

523 2872 881 2925 sauctilicavit
912 2885 1037 2924 cum
1057 2868 1254 2922 virtute
1302 2881 1573 2932 nunquam
1597 2881 1627 2918 a
1656 2868 1761 2919 Deo
1797 2874 2103 2933 separatus.

522 2956 627 3019 Qui
653 2954 820 3018 nevit,
841 2967 961 3022 qua:
987 2952 1081 3005 Dei
1106 2939 1451 3013 suntomnia,
1482 2957 1538 3002 ut
1569 2950 1790 3018 spiritus
1810 2948 1899 3016 qui
1932 2947 1984 3000 in
2008 2960 2107 3001 no-

526 3040 608 3091 bis
637 3044 740 3101 est,
774 3051 892 3104 qua:
923 3045 1110 3090 nostra
1135 3045 1260 3089 sunt
1288 3051 1302 3100 ;
1339 3034 1626 3097 humanus,
1681 3033 1922 3100 inqu‘am,
1948 3030 2108 3099 spiri-

525 3132 628 3186 tns,
647 3120 736 3191 qui
765 3120 818 3174 in
839 3118 1111 3191 nobisest.
1134 3117 1224 3172 Sic
1237 3126 1309 3183 et,
1325 3118 1453 3182 Quae
1476 3116 1567 3170 Dei
1588 3125 1730 3178 sunt,
1752 3116 2106 3183 inquit,nemo

522 3188 684 3267 novit,
714 3204 815 3255 nisi
858 3188 1088 3271 Spiritus
1119 3202 1209 3254 Dei
1235 3202 1279 3254 ‘.
1316 3202 1381 3254 Et
1409 3216 1624 3254 rursum
1658 3200 1920 3254 Sdrvator
1952 3217 1966 3254 :
1992 3198 2101 3253 Ne-

522 3303 627 3350 mo,
662 3287 858 3354 inquit,
904 3287 1043 3338 novit
1062 3284 1285 3347 Filium,
1312 3285 1414 3338 nisi
1466 3283 1648 3351 Pater,
1682 3299 1843 3353 neque
1889 3283 2102 3337 Patrem

523 3372 663 3422 novit
689 3372 987 3439 quisquam,
1008 3369 1106 3421 nisi
1143 3366 1312 3421 Filius
1342 3379 1388 3422 et
1415 3369 1499 3419 cui
1531 3366 1812 3420 volueritF
1817 3367 1940 3421 ilius
1966 3383 2106 3421 τενε-

522 3454 634 3506 lare
653 3452 827 3508 “.Huc
883 3453 951 3506 illi
1005 3453 1181 3505 simile
1229 3463 1330 3516 est,
1372 3462 1426 3505 et
1458 3452 1582 3504 illud
1610 3452 1731 3504 huic
1762 3466 1900 3519 par:
1939 3449 2104 3505 Nobis

522 3539 687 3601 enim,
718 3537 909 3604 inquit,
941 3534 1081 3588 Deus
1110 3551 1198 3601 per
1223 3533 1481 3602 Spiritum
1511 3551 1661 3587 suum
1691 3535 2105 3590 revelavit.Vitle

524 3620 706 3686 igitur,
757 3619 1028 3688 quomodo
1083 3618 1243 3672 Pater
1281 3619 1570 3685 aliquando
1632 3624 1833 3671 reve’at
1882 3617 2101 3685 Filium,

522 3703 809 3769 aliquando
838 3702 1005 3755 Filius
1026 3703 1263 3765 Patrem,
1308 3700 1600 3769 aliquando
1621 3701 1854 3771 Spiritus
1886 3702 2101 3757 Patrem

522 3786 680 3839 simul
700 3795 755 3840 et
784 3785 998 3839 Filium.

2197 1425 2357 1492 Θεοῦ,
2396 1425 2506 1478 υἱοὶ
2537 1425 2683 1477 θετοὶ
2717 1426 2813 1478 καὶ
2842 1426 2917 1495 μὴ
2944 1426 3216 1497 ἀληθινοί.
3254 1429 3390 1480 ’Λπὸ
3419 1431 3529 1499 γὰρ
3556 1430 3781 1498 φύσεως

2198 1511 2294 1563 καὶ
2316 1508 2575 1578 ἀληθείας
2599 1509 2841 1578 ὁρμᾶται
2864 1512 2933 1561 τὰ
2966 1512 3296 1580 πράγματα.

2758 1601 2855 1658 Ἐκ
2896 1603 3004 1657 τοῦ
3038 1606 3244 1660 αὐτοῦ.

2268 1695 2449 1751 Είκὼν
2473 1698 2566 1752 τοῦ
2606 1697 2741 1752 Υίοῦ
2778 1698 2997 1769 εἴρηται
3018 1739 3032 1765 ,
3065 1697 3160 1750 καὶ
3188 1698 3454 1762 δάκτυλος
3485 1699 3646 1765 Θεοῦ,
3676 1706 3783 1757 καὶ

2202 1781 2337 1834 Θεοῦ
2365 1781 2611 1853 Πνεῦμα,
2644 1785 2739 1837 καὶ
2791 1783 2964 1853 ῥῆμα,
3004 1784 3101 1836 καὶ
3141 1782 3349 1851 ἀγαθὸν
3384 1784 3630 1856 Πνεῦμα,
3676 1790 3785 1843 καὶ

2202 1866 2379 1930 εὐθὲς,
2416 1867 2510 1919 καὶ
2536 1867 2894 1938 ἡγεμονικὸν,
2946 1866 3039 1921 καὶ
3066 1866 3294 1937 Πνεῦμα
3320 1867 3631 1936 δυνάμεως.
3674 1874 3786 1927 καὶ

2201 1948 2427 2019 Κύριος,
2474 1953 2568 2002 καὶ
2615 1948 2749 2012 Θεὸς
2788 1948 3006 2020 εἴρηται
3035 1949 3097 2001 sb
3120 1948 3213 2001 τοῦ
3246 1949 3381 2003 Θεοῦ
3415 1951 3661 2022 Πνεῦμα,
3698 1955 3788 2022 ὡς

2201 2034 2295 2085 καὶ
2314 2036 2339 2085 ό
2362 2035 2557 2102 Λόγος.
2582 2035 2643 2087 El
2667 2035 2778 2102 γὰρ
2799 2036 2938 2103 μετὰ
2964 2034 3057 2086 τοῦ
3075 2033 3211 2087 Θεοῦ
3237 2035 3333 2089 καὶ
3359 2033 3537 2104 Λόγου
3560 2042 3790 2107 στερεοῐ

2199 2115 2301 2179 τὰς
2348 2116 2618 2187 δυνάμεις
2650 2116 2760 2169 τῶν
2793 2116 3043 2185 οὐρανῶν
3071 2117 3131 2169 sb
3174 2116 3422 2188 Πνεῦμα,
3470 2118 3591 2183 πῶς
3619 2121 3790 2176 ἁλλό-

2202 2217 2373 2269 τριον,
2434 2190 2572 2270 ὅπερ
2614 2202 2664 2253 οἱ
2706 2199 2963 2261 λαϐόντες
2995 2199 3132 2253 Θεοῦ
3163 2201 3293 2262 ναός
3325 2203 3469 2255 εἰσιν
3492 2241 3506 2265 ,
3534 2203 3563 2255 6
3585 2204 3650 2274 δὴ
3676 2206 3790 2259 καὶ

2202 2280 2429 2349 Πνεῦμα
2485 2282 2753 2352 στόματος
2802 2281 2937 2335 Θεοῦ
2990 2287 3493 2354 προσαγορεύεται,
3537 2289 3631 2340 καὶ
3671 2289 3790 2359 τῆς

2202 2366 2543 2435 δημουργίας
2571 2366 2743 2419 αῐτιον
2772 2366 2917 2436 μετὰ
2932 2365 3027 2418 τοῦ
3076 2367 3251 2433 Λόγου
3277 2366 3576 2436 δείκνυται,
3606 2370 3666 2424 sb
3689 2374 3793 2423 ὲν-

2204 2449 2402 2519 εργοῦν
2429 2449 2500 2502 τὰ
2535 2451 2711 2503 πάντα
2733 2450 2809 2515 ὡς
2840 2449 2993 2516 Θεὸς,
3036 2450 3220 2513 καθὼς
3251 2450 3524 2520 βούλεται,
3562 2454 3639 2518 ὥς
3672 2474 3792 2528 φη-

2206 2547 2293 2584 σιν
2323 2532 2352 2584 6
2384 2533 2736 2599 ’Λπόστολος,
2772 2532 2833 2586 sb
2872 2532 2972 2601 τῆς
3004 2533 3281 2598 υἱοθεσίας
3313 2536 3561 2605 Πνεῦμα,
3586 2539 3646 2591 sb
3675 2541 3790 2609 τῆς

2208 2615 2523 2683 ἐλευθερίας
2552 2617 2752 2681 αἴτιον,
2784 2617 2844 2669 sb
2874 2619 3006 2670 ὅπου
3045 2617 3193 2670 θέλει
3224 2620 3386 2672 πνέον
3432 2620 3709 2691 θειότητα,
3762 2624 3794 2676 ὃ

2207 2698 2271 2762 δὴ
2305 2700 2402 2750 καὶ
2436 2697 2662 2767 Πνεῦμα
2698 2700 2798 2768 τῆς
2849 2699 3107 2770 ἀληθείας
3156 2703 3186 2754 ό
3232 2701 3343 2754 τῶν
3396 2703 3534 2755 ὅλων
3571 2696 3794 2774 Κύριος

2209 2781 2399 2847 σαφῶς
2420 2780 2700 2850 ὀνομάζει,
2750 2785 2811 2835 sb
2862 2786 2920 2837 ὲν
2955 2785 3087 2837 εῖδει
3120 2789 3457 2858 περιστερᾶς
3490 2789 3579 2841 ἐπ’
3610 2791 3795 2843 αὐτὸν

2208 2864 2268 2931 ἐξ
2303 2864 2536 2934 οὐρανοῦ
2600 2866 2873 2930 καταϐὰν,
2925 2866 2986 2919 sb
3052 2869 3279 2935 ἁγιάζον
3346 2871 3448 2940 τὴν
3506 2873 3796 2942 κυριακὴν

2215 2950 2395 3017 σάρκα
2417 2950 2556 3019 μετὰ
2581 2952 2678 3019 τῆς
2699 2949 2982 3019 δυνάμεως
3003 2989 3020 3016 ,
3048 2952 3110 3003 sb
3157 2952 3255 3023 τὴν
3283 2954 3617 3022 οἰκουμένην
3641 2957 3797 3025 πλη-

2212 3033 2361 3103 ροῦν,
2425 3033 2487 3087 sb
2532 3033 2698 3086 παντὶ
2745 3034 2942 3104 παρὸν,
3012 3035 3090 3098 ὡς
3153 3037 3310 3100 Θεὸς,
3341 3039 3484 3107 μετὰ
3516 3039 3611 3092 τοῦ
3643 3040 3795 3095 Θεοῦ

2212 3116 2540 3187 ἀχωρίστως
2567 3115 2628 3170 ὃν
2663 3118 2778 3177 ἀεὶ,
2802 3118 2863 3169 τὸ
2885 3118 3161 3183 γινῶσκον
3187 3119 3256 3173 τὰ
3291 3121 3387 3173 τοῦ
3419 3122 3556 3175 Θεοῦ
3576 3125 3791 3179 πάντα..

2226 3200 2320 3263 Ὠς
2345 3201 2407 3254 sb
2440 3201 2664 3271 πνεῦμα
2695 3201 2757 3253 sb
2787 3205 2845 3255 ὲν
2879 3203 3011 3271 ἡμῖν
3036 3205 3103 3256 τὰ
3127 3205 3309 3275 ἡμῶν,
3342 3206 3402 3259 sb
3437 3208 3795 3279 ἀνθρώπινον

2211 3283 2356 3350 λέγω
2388 3286 2608 3354 πνεῦμα
2639 3287 2699 3339 sb
2749 3291 2807 3340 ὲν
2842 3290 3002 3359 ἡμῖν,
3052 3289 3219 3355 οὕτω,
3248 3291 3403 3362 φησὶ,
3440 3295 3534 3345 καὶ
3580 3294 3649 3345 τὰ
3682 3295 3789 3348 τοῦ

2212 3366 2351 3419 Θεοῦ
2381 3367 2555 3431 οὐδεὶς
2590 3368 2831 3436 ἔγνωκεν
2853 3410 2867 3431 ,
2924 3373 2972 3424 εί
3003 3373 3080 3442 μὴ
3112 3374 3172 3424 sb
3205 3375 3430 3444 Πνεῦμα
3489 3376 3586 3428 τοῦ
3619 3378 3788 3433 Θεοῦ.

2214 3452 2326 3503 Καὶ
2354 3452 2516 3504 πάλιν
2544 3456 2710 3521 φησὶν
2739 3457 2767 3507 ό
2788 3455 2979 3524 Σωτήρ
3000 3472 3012 3485 ·
3036 3455 3246 3521 Οὐδεὶς
3270 3458 3654 3526 ἐπιγινώσκει
3677 3464 3793 3515 τὸν

2213 3537 2367 3600 iter,
2393 3538 2445 3590 si
2475 3537 2561 3605 μὴ
2592 3540 2625 3589 ό
2656 3539 2880 3606 Πατὴρ.
2908 3540 3053 3593 οἱ·δὲ
3082 3530 3189 3594 τὸν
3218 3543 3448 3610 Πατέρα
3481 3561 3570 3609 τις
3592 3547 3788 3614 ἐπιγι-

2212 3624 2428 3674 νώσκει
2458 3621 2511 3672 ει
2541 3619 2627 3687 μὴ
2665 3623 2698 3673 ό
2744 3623 2900 3686 Υἱὸς,
2934 3624 3028 3675 καὶ
3061 3619 3108 3690 ᾧ
3139 3623 3215 3676 ἂν
3243 3625 3545 3693 ,βούληται
3585 3631 3618 3681 ό
3653 3630 3790 3696 Υἱὸς

2207 3704 2620 3769 ἀποκαλύψαι.
2652 3702 2825 3782 Τοῦτο
2849 3705 3042 3773 ἐκείνῳ
3078 3709 3285 3773 ὅμοιον,
3331 3710 3556 3763 κάκεῖνο
3588 3714 3783 3765 τούτου

2216 3786 2431 3841 ίσοδύνα
2442 3803 2568 3855 μον·
2620 3786 2785 3855 Ἡμῖν
2818 3787 2948 3855 γὰρ,
2983 3791 3172 3858 φησιν,
3191 3793 3225 3843 ό
3252 3792 3398 3854 Θεὸς
3422 3793 3782 3864 ἀπεκάλυψε

521 3870 619 3953 qia
649 3870 756 3923 τοῦ
799 3871 1153 3937 Πνεύματος
1202 3869 1415 3924 αὐτοῦ.
1449 3871 1593 3940 Ὅρα
1645 3869 1940 3939 τοιγαροῦν
1975 3870 2093 3933 πῶς
2137 3872 2266 3924 ποτε
2302 3871 2401 3941 μὲν
2445 3870 2638 3940 Πατὴρ
2704 3870 2835 3923 Υίὸν
2876 3872 3279 3940 ἀποκαλύπτει,
3339 3878 3468 3929 ποτὲ
3534 3878 3589 3930 δὲ
3654 3878 3780 3942 Tib;

523 3953 764 4024 Πατέρα,
798 3954 927 4005 ποτὲ
949 3953 1006 4005 δὲ
1034 3953 1094 4004 sb
1125 3953 1347 4022 Πνεῦμα
1396 3953 1544 4015 Υὲον,
1582 3955 1677 4007 καὶ
1714 3953 1937 4021 Πατέρα
1973 3953 2263 4015 ὡσαύτως.

1002 4047 1086 4099 Ea:
1118 4049 1297 4101 eadem
1347 4049 1608 4101 oratione.

596 4144 651 4194 lu
696 4140 879 4193 mundi
941 4140 1316 4208 procreatinne
1377 4142 1724 4208 perspicuum
1759 4150 1862 4204 est,
1890 4138 2108 4193 Patrem

521 4244 642 4279 eum
668 4224 802 4278 Filio
822 4236 874 4278 et
908 4222 1111 4292 Spiritu
1161 4224 1420 4293 colloqui,
1451 4224 1905 4291 quemadmodum
1936 4223 2111 4276 Moses

525 4316 758 4366 humano
808 4324 957 4363 nmre
1023 4309 1421 4377 colloquentem
1486 4308 1659 4377 ipsum
1704 4309 1909 4362 inducit
1947 4317 2111 4377 atque

522 4396 786 4449 dicentem
821 4409 836 4446 :
873 4392 1158 4446 Faciamus
1200 4393 1459 4445 hominem
1518 4390 1587 4443 ad
1632 4392 1913 4460 imaginem
1940 4398 1989 4445 et
2033 4394 2107 4446 si-

523 4478 868 4532 militudinem
914 4486 1150 4530 nostram
1188 4476 1229 4528 θ.
1271 4474 1369 4529 Cui
1422 4474 1567 4529 enim
1604 4475 1755 4540 dicit,
1796 4473 2104 4541 Faciamus,

523 4566 625 4618 nisi
661 4562 854 4627 Verbo,
885 4569 937 4615 et
958 4561 1235 4631 unigenito
1257 4559 1421 4624 Filio,
1455 4575 1551 4628 per
1583 4573 1741 4628 quem
1761 4560 1943 4614 omnia
1967 4558 2107 4613 facta

522 4656 669 4710 sunt,
695 4647 1145 4715 quemadmodum
1190 4644 1377 4698 scribit
1400 4644 1758 4713 evangelista,
1796 4650 1849 4696 et
1882 4643 2108 4712 Spiritui

468 4727 478 4737 ’
518 4734 589 4785 de
611 4746 719 4802 quo
735 4732 996 4800 scriptum
1020 4738 1105 4784 est
1137 4745 1151 4783 :
1180 4727 1405 4796 Spiritus
1427 4728 1654 4795 divinus,
1693 4728 1783 4797 qui
1803 4727 1927 4797 fecit
1950 4744 2031 4781 me
2052 4726 2111 4781 "i

520 4823 598 4872 Ac
648 4816 898 4887 quamvis
947 4816 1198 4868 oratione
1243 4828 1348 4867 non
1384 4813 1763 4877 declaraverit,
1814 4811 1882 4865 de
1910 4815 2109 4881 quibus

522 4905 686 4963 dicat,
708 4908 801 4953 aut
830 4912 966 4966 quos
987 4898 1314 4965 alloquatur,
1354 4906 1531 4949 tamen
1553 4896 1693 4964 quod
1713 4896 1778 4950 de
1795 4897 1913 4964 ipso
1930 4897 2106 4950 solum

522 5001 629 5041 non
659 4984 825 5045 dicat,
857 4989 1003 5046 patet
1030 4994 1093 5034 ex
1132 4994 1218 5041 eo,
1252 4979 1416 5047 quod,
1452 4978 1603 5040 Ecce,
1636 4979 1832 5046 inquit,
1853 4979 2025 5032 Adam
2048 4987 2107 5032 ut

522 5082 659 5120 unus
682 5081 709 5116 e
732 5064 875 5115 nobis
920 5062 1092 5129 factus
1118 5070 1192 5115 est
1217 5061 1258 5115 ⁸.
1294 5061 1357 5114 Et
1388 5076 1600 5114 rursum
1631 5075 1649 5113 :
1683 5052 1880 5121 Venite,
1907 5063 2102 5130 inquit,

524 5165 569 5205 ct
605 5146 970 5202 descendentes
1000 5145 1390 5211 confundantur:
1446 5145 1653 5210 linguas
1699 5145 1935 5211 ipsorum
1969 5149 2010 5211 ’,
2045 5157 2104 5199 ut

522 5245 576 5288 et
604 5244 891 5286 numerum
926 5242 1116 5280 eorum
1152 5228 1446 5293 intelligas.
1502 5228 1668 5279 Nemo
1724 5229 1871 5282 enim
1909 5231 2106 5284 audeat

523 5317 741 5386 angelos
774 5327 893 5365 cum
930 5312 1188 5364 Cl'enltii‘e
1224 5319 1278 5363 et
1326 5311 1555 5364 Domino
1589 5314 1880 5369 collocare.
1920 5312 2106 5381 Neque

526 5415 737 5453 rursum
775 5395 865 5449 Dei
895 5406 1121 5462 persona
1153 5408 1256 5447 una
1287 5404 1463 5461 potest
1492 5394 1739 5464 intelligi,
1764 5412 1886 5449 eum
1917 5398 2060 5452 dicat
2087 5414 2102 5452 :

525 5480 794 5551 Tanquam
814 5496 945 5532 unus
968 5495 994 5532 e
1016 5478 1181 5541 nobis,
1203 5489 1255 5532 et
1281 5497 1295 5533 :
1327 5477 1520 5543 Venite,
1539 5482 1955 5534 etdescendentes
1977 5497 2107 5535 con-

521 5564 883 5634 fundamus”.
906 5563 1255 5631 Perspicuum
1278 5576 1334 5619 et
1358 5565 1483 5618 illud
1498 5565 1736 5633 estquod
1755 5565 1820 5617 de
1839 5564 2106 5621 Sodomo-

592 5686 606 5714 ‘
634 5685 735 5741 isa.
763 5701 802 5751 ι,
832 5685 887 5740 2.
1001 5686 1021 5716 ¹
1052 5683 1223 5738 Exod.
1267 5700 1317 5738 tv
1347 5682 1439 5736 22.
1556 5681 1575 5712 ³
1609 5679 1816 5736 Coluss.
1848 5699 1884 5745 ι,
1920 5684 2008 5739 ili.

2121 5685 2191 5741 ‘I
2232 5689 2356 5744 Cor.
2380 5694 2457 5756 ἶιι,
2517 5688 2607 5743 ll.

991 5753 1151 5809 ‘Job.
1193 5770 1388 5820 sunt,
1438 5753 1529 5807 2i.
1605 5754 1626 5784 ⁵
1662 5752 1797 5806 Gen.
1838 5771 1915 5819 111,
1950 5759 2040 5811 2‘2.
2121 5752 2519 5827 ¹⁰1]1·11.χ1,’7.

2754 4050 2855 4105 Ἐκ
2883 4050 2989 4105 τοῦ
3020 4054 3230 4110 αὐτοῦ.

2282 4137 2442 4221 Κατὰ
2468 4140 2566 4209 τὴν
2594 4143 2958 4212 κοσμοποιίαν
3001 4147 3141 4215 πρὸς
3166 4148 3257 4201 τὸν
3284 4148 3415 4203 Υίδν
3444 4150 3535 4204 καὶ⁵
3562 4150 3779 4221 Πατέρα

2209 4219 2593 4306 διαλεγόμενος
2613 4223 2771 4293 δῆλός
2794 4226 2946 4278 ἐστιν
2978 4229 3005 4280 ό
3022 4229 3177 4294 Θεὸς,
3205 4231 3279 4295 ὡς
3301 4219 3783 4306 ἁνθρωπικωτέρῳ

2208 4309 2366 4370 τύπῳ
2391 4303 2738 4375 παρέστησεν
2789 4307 2817 4358 6
2860 4308 3127 4381 Μωῦσῆς,
3178 4313 3567 4384 διαλεγόμενον
3621 4303 3785 4373 αὑτὸν

2212 4387 2468 4453 εἰσάγων,
2525 4390 2622 4441 καὶ
2676 4389 2999 4456 φάσκοντα*
3052 4393 3413 4465 Ποιήσωμεν
3464 4399 3788 4468 ἄνθρωπον

2212 4473 2340 4523 κατ’
2369 4472 2575 4526 εἰκόνα
2605 4472 2924 4541 ἡμετέραν,
2980 4476 3081 4529 καὶ
3145 4479 3275 4533 καθ’
3322 4483 3634 4550 ὁμοίωσιν.
3664 4485 3789 4539 Τίνι

2211 4555 2317 4624 γὰρ
2353 4556 2497 4622 λέγει
2529 4555 2588 4608 sb
2614 4557 3017 4632 ποι-ήσωμενῆ
3047 4561 3126 4631 τῷ
3167 4563 3326 4634 Λόγῳ
3354 4568 3448 4620 καὶ
3503 4574 3791 4636 μονογενεῑ

2213 4640 2350 4711 Υίῷ,
2382 4640 2450 4693 δι’
2477 4638 2539 4695 οὗ
2565 4643 2633 4693 τὰ
2668 4643 2849 4696 πάντα
2879 4644 3100 4712 ἐγένετο
3141 4649 3285 4702 κατὰ
3341 4650 3435 4705 τὸν
3483 4636 3791 4720 Εὑαγγε).ι-

2213 4727 2365 4794 στῆν,
2391 4723 2485 4777 καὶ
2512 4724 2588 4794 τῷ
2623 4724 2929 4808 Πνεῦματι,
2950 4731 3078 4800 περὶ
3096 4724 3158 4783 οῦ
3192 4735 3794 4808 γέγραπται,Πνεῦμα

2212 4808 2373 4894 θεῖον
2405 4807 2471 4861 τὸ
2502 4807 2771 4878 ποιῆσὰν
2793 4829 2907 4880 pe;
2965 4814 3027 4866 Et
3073 4814 3131 4867 δὲ
3178 4819 3274 4868 καὶ
3311 4817 3385 4888 μὴ
3419 4819 3601 4890 ῥητῶς
3630 4822 3795 4894 δεδή-

2214 4892 2385 4958 λωκε,
2422 4897 2548 4962 περὶ
2569 4894 2753 4961 τίνων,
2811 4897 3010 4968 ἢπρδς
3041 4900 3196 4963 τίνας
3243 4902 3582 4972 διαλέγεται,
3634 4892 3794 4974 δμὼς

2219 4974 2292 5045 μὴ
2324 4975 2453 5044 περὶ
2477 4976 2673 5030 ἑαυτοῦ
2698 4979 2862 5048 μόνον
2892 4981 3072 5049 λέγειν
3094 4984 3253 5052 δῆλόν
3287 4988 3457 5053 ἐστιν,
3480 4989 3571 5042 ὅτε
3596 4991 3794 5061 φησὶν,

2227 5061 2385 5115 ἰὃοὺ
2416 5062 2598 5130 Ἀδὰμ
2629 5065 2881 5133 γέγονεν
2905 5066 2987 5133 ὡς
3013 5064 3101 5134 εἶς
3123 5070 3194 5134 ἐξ
3223 5070 3414 5139 ἡμῶν·
3448 5073 3544 5126 καὶ
3579 5074 3749 5127 πάλιν
3776 5088 3793 5103 ’

2212 5146 2395 5201 Δεῦτε
2429 5149 2795 5215 καταϐάντες
2827 5152 3186 5221 συτχέωμεν
3223 5156 3425 5209 αὐτῶν
3450 5156 3560 5223 τὰς
3590 5157 3797 5225 γλώσ-

2213 5246 2352 5297 σας,
2391 5233 2492 5286 ἵνα
2526 5234 2627 5287 καὶ
2665 5238 3274 5305 συναριθμουμένους
3329 5240 3591 5309 νοήσῃς.
3648 5240 3797 5293 Οὔτε

2212 5316 2323 5387 γὰρ
2357 5320 2437 5382 είς
2471 5321 2746 5388 ἰσοτιμίαν
2772 5320 3042 5387 ἀγγέλους
3104 5323 3362 5387 συντάξαι
3401 5326 3664 5396 τολμήσει
3704 5342 3796 5391 τις

2212 5406 2289 5473 τῷ
2321 5405 2672 5475 Δημιουργῷ,
2729 5406 2822 5457 καὶ
2864 5406 3136 5479 Δεσπότῃ,
3185 5407 3310 5460 οὔτε
3351 5410 3486 5462 Θεοῦ
3529 5412 3690 5464 πάλιν
3731 5412 3796 5466 ἓν

2212 5489 2503 5557 πρόσωπον
2524 5484 2636 5542 οἷόν
2653 5506 2715 5541 τε
2739 5490 2880 5541 νοεῖν
2905 5489 2964 5542 sb
2993 5489 3271 5557 λέγεσθαι,
3295 5494 3373 5558 ὡς
3395 5488 3481 5559 εἷς
3502 5495 3572 5558 ἐξ
3593 5492 3789 5561 ἡμῶν,

2212 5572 2519 5637 καὶ,.ὶεῦτε
2535 5574 2628 5626 καί
2655 5571 3020 5639 καταϐάντες
3042 5576 3412 5645 συγχέωμεν.
3444 5576 3705 5648 Ἐναργὲς
3726 5579 3790 5631 δὲ

2714 5688 2958 5745 “Matth.
3014 5708 3090 5760 ιιι,
3140 5694 3230 5747 27.
3345 5694 3527 5751 “Gen.
3587 5712 3625 5766 t,
3697 5693 3792 5751 26.
