4064 6392
276 283 381 363 7n

1226 273 1596 336 PANOPLIA
1639 272 2104 338 DOG’iiA'I‘lCA.
2141 302 2214 312 -
2250 278 2399 340 ἸῚΤ.
2447 279 2582 340 ΧΠ.

3440 281 3541 344 742

289 393 388 447 τοῦ
426 389 562 444 Θεοῦ
602 387 708 440 εἰσι
736 385 914 454 λόγια·
971 381 1170 453 ὁμοίως
1200 386 1292 435 καὶ
1318 383 1386 435 τά
1417 383 1511 435 τοῦ
1551 383 1700 435 Υῐοῦ.
1764 384 1862 435 Διά

1972 386 2243 456 loquitur;
2283 390 2333 442 id
2375 404 2611 460 namque
2635 391 2871 458 pertinet
2891 389 2954 443 ad
2973 399 3307 448 creaturam.
3340 396 3536 450 Verum

284 487 448 538 τοῦτο
482 482 602 534 οὐδὲ
627 479 799 542 ὀΥἱὸς
831 477 982 529 λαλεί
1010 474 1102 543 ἀφ’
1122 475 1338 529 ἑαυτοῦ.
1384 474 1445 528 ’0
1476 475 1584 544 γὰρ
1617 477 1853 544 πέμψαι,

279 595 377 646 με,
405 575 562 644 φησι,
601 571 824 639 Πατὴρ,
859 567 1090 633 ἐκεῖνός
1120 585 1223 636 μοι
1257 563 1386 620 εἷπε
1411 570 1466 621 τί
1491 569 1638 622 almo
1681 568 1778 622 καὶ
1805 571 1862 622 τί

279 670 564 735 ,λαλιὶσωο

296 855 412 908 Τοῦ
439 850 629 905 αὑτοῦ
660 849 728 901 ἐκ
763 847 884 900 τῶν
909 846 1058 915 πρὸς
1103 847 1496 915 Ἀμφιλόχιον
1544 844 1864 910 τριάκοντα

357 922 728 992 ngrata/cor,
764 919 1092 992 κεφάλαιον
1119 916 1185 992 ρ’.
1209 916 1861 992 ’ᾼφῳιστικαὶ-ἕννριιιι

362 985 496 1058 περὶ
551 992 656 1044 τοῦ
700 991 1044 1053 ΙΙνεύιιίιτος
1069 987 1143 1056 τῇ
1173 989 1290 1040 τῶν
1314 985 1569 1054 Γραφῶν
1603 987 1865 1039 ἀκολου.

353 1064 578 1119 θοίνσίιι
613 1060 998 1126 διδασκαλίᾳ.

504 1151 641 1220 Ἷιδη
687 1149 743 1202 δὲ
773 1148 866 1201 καὶ
909 1149 1037 1219 περὶ
1061 1147 1154 1199 τοῦ
1193 1147 1510 1218 Πνεόματος
1557 1147 1656 1210 τάς
1703 1147 1883 1210 κοινὰς

285 1241 455 1312 ἡμῶν
488 1241 698 1303 ἐννοίας
727 1239 908 1292 ὁποῖαί
940 1238 1085 1301 τινές
1129 1241 1264 1291 εἰσιν
1296 1239 1662 1309 ἐξετάσωμεν,
1695 1238 1793 1301 τάς
1825 1253 1885 1290 τε

293 1337 361 1387 ἐκ
390 1332 500 1384 τῶν
542 1332 774 1404 Γραφῶν
816 1333 943 1402 περὶ
980 1330 1144 1384 αὑτοῦ
1193 1331 1554 1401 συναχθείσαις
1597 1333 1748 1402 ἡμῖν,
1792 1330 1886 1383 καὶ

285 1425 361 1489 ἃς
386 1426 451 1478 ἐκ
485 1424 586 1493 τῆς
617 1423 870 1492 ἀγράφου
904 1421 1256 1491 παραδόσεως
1285 1420 1393 1472 τῶν
1429 1421 1689 1490 Πατέρων
1721 1419 1885 1472 διεδεο

295 1516 530 1587 ξάμεθα.
567 1515 792 1586 Πρῶτον
826 1515 924 1583 μὲν
975 1510 1098 1577 οὖν,
1146 1514 1258 1577 τίς,
1293 1513 1535 1576 ἀκούσας
1563 1511 1673 1564 τῶν
1717 1527 1887 1581 προσ-ο

289 1608 539 1678 ηγοριῶν
567 1606 663 1660 τοῦ
711 1606 1063 1677 Πνεῦματος,
1102 1605 1161 1657 οὑ
1205 1605 1543 1658 διανίσταται
1592 1607 1659 1674 τῇ
1701 1603 1884 1674 ψυχῇ,

293 1701 393 1754 καὶ
421 1699 556 1770 πρὸς
590 1699 690 1769 τὴν
710 1698 972 1750 ἀνωτάτω
999 1697 1162 1766 φύσιν
1199 1697 1298 1766 τὴν
1333 1696 1543 1750 ἔννοιαν
1563 1695 1886 1768 ὑπεραίρει;

294 1788 522 1859 Πνεῦμα
543 1788 652 1858 γὰρ
678 1785 814 1839 Θεοῦ
841 1787 1080 1858 εἴρηται,
1113 1787 1208 1839 καὶ
1230 1785 1456 1856 Πνεῦμα
1485 1787 1584 1856 τῆς
1607 1784 1886 1855 ἀληθείας,

291 1883 326 1934 ὃ
373 1881 528 1954 παρά
577 1879 672 1932 τοῦ
725 1878 938 1949 [ἰατρὸς
986 1877 1382 1950 ἐκπορεύεται·
1422 1876 1647 1948 Πνεῦμα
1698 1878 1886 1941 εὑθὲς,

293 1974 524 2045 Πνεῦμα
569 1972 921 2043 ἡγεμονικόν.
1140 1971 1363 2043 Πνεῦμα
1425 1971 1579 2040 ἅγιον
1636 1973 1668 2041 ἡ
1725 1969 1888 2042 κυρία

295 2066 464 2121 αὑτοῦ
500 2065 594 2118 καὶ
627 2065 904 2128 ίδιάέουσα
933 2064 1150 2134 κλῆσις·
1188 2065 1325 2136 ὅπερ
1366 2067 1429 2134 δὴ
1483 2064 1718 2134 μάλιστα
1755 2081 1891 2116 παν-

295 2159 390 2221 τὸς
559 2154 653 2208 τοῦ
697 2152 1029 2225 ἀσωμάτου,
1070 2157 1165 2208 καὶ
1213 2153 1467 2225 καθαρῶς
1497 2154 1662 2206 ἀΰ).ου
1700 2170 1758 2206 τε
1796 2155 1890 2206 καὶ

291 2246 542 2320 ἀμεροῦς
568 2246 743 2316 ὄνομά
769 2247 904 2299 ἐστι.
947 2246 1036 2298 Διὸ
1069 2247 1163 2299 καὶ
1200 2248 1228 2299 ὁ
1259 2245 1483 2317 Κύριος,
1511 2246 1610 2315 τὴν
1651 2247 1708 2299 ἐν
1741 2245 1889 2316 τόπῳ

293 2336 730 2410 προσκυνεῖσθαι
753 2336 844 2388 τὸν
869 2335 1001 2388 Θεὸν
1027 2335 1338 2406 ἡγουμένην
1493 2335 1779 2399 διδάσκων,
1808 2337 1891 2389 ὅτι

293 2428 677 2500 ἀπερίληπτον
710 2427 770 2479 τὸ
809 2424 1120 2495 ἀσώματον,
1153 2426 1416 2494 Πνεῦμα,
1446 2426 1630 2496 φησιν,
1661 2430 1692 2480 d
1725 2427 1887 2492 Θεός.

297 2521 373 2574 Οὐ
405 2521 585 2572 τοίνυν
615 2517 865 2584 δυνατὸν,
893 2517 1119 2589 Πνεῦμα
1147 2517 1478 2579 ἀκούσαντα,
1515 2535 1893 2589 περιγεγραμ-

299 2613 474 2685 μένην
511 2611 672 2680 φύσιν
721 2610 1034 2664 ἐντυπῶσαι
1079 2613 1144 2680 τῇ
1182 2609 1478 2681 διανοίᾳ,ῆ
1529 2614 1758 2680 τροπαῖς
1802 2610 1893 2662 καὶ

295 2703 652 2760 ἀλλοιώσεσιν
687 2702 1082 2772 ὑποκειμένην,
1119 2701 1152 2772 ἢ
1187 2702 1323 2764 ὅλως
1353 2701 1547 2772 ὁμοίαν
1570 2704 1635 2772 τῇ
1679 2702 1888 2753 κτίσει·

297 2795 438 2850 ἀλλὰ
462 2794 599 2866 πρὸς
620 2794 681 2846 τὸ
704 2793 964 2846 ἀνωτάτω
983 2794 1104 2855 ταῖς
1129 2792 1360 2854 ἐννοίαις
1382 2791 1683 2862 χωροῦντα,
1701 2809 1787 2844 νοε
1797 2791 1892 2863 ράν

295 2888 489 2941 οὐσίαν
522 2885 832 2953 ἐπάναγκες
885 2885 1084 2936 ἐννοεῖν
1105 2925 1119 2949 ,
1163 2882 1391 2955 ἄπειρον
1426 2882 1570 2936 κατά
1625 2882 1891 2952 δύναμιν,

302 2977 531 3050 μεγέθει
562 2976 967 3047 ἀπεριόριστον,
1014 2973 1294 3045 χρόνοιςῆ
1334 2974 1525 3026 αίῶσιν
1564 2974 1891 3046 ἀμέτρητον,

1970 477 2154 530 omnia
2188 477 2424 548 Spiritus
2453 482 2636 546 verba,
2677 480 2768 535 Dei
2801 483 3021 536 oracula
3059 493 3189 536 sunt
3239 499 3254 538 :
3282 485 3537 539 similiter

1971 583 2022 624 ct
2046 570 2160 623 Filii
2191 573 2354 626 dicta.
2391 573 2729 642 Quapropter
2755 590 2823 627 ne
2858 573 3026 629 Filius
3050 592 3118 644 qu
3145 577 3266 630 di-m
3299 592 3327 630 a
3361 578 3542 646 seipso

1973 665 2231 732 lojuitur.
2261 665 2362 729 Qui
2393 667 2529 718 enim
2552 668 2693 722 misit
2727 683 2803 718 me
2836 667 2996 722 Pater
3043 673 3240 737 inquit,
3297 672 3387 724 ille
3419 673 3544 726 ηιᾶΙιὶ

1973 759 2108 809 dixit
2137 759 2262 825 quid
2287 758 2460 810 dicam
2491 768 2539 810 et
2563 760 2688 827 quid
2730 759 2938 828 loquar.

1975 847 2232 918 Ejusdem
2259 868 2322 902 ex
2350 851 2563 916 triginta
2601 853 2832 918 capitum
2880 855 2947 905 ad
2998 855 3416 920 Amphilochium
3457 872 3543 905 rn-

2043 923 2146 987 pite
2177 924 2227 974 9.
2271 920 2544 987 Superata:
2565 924 2627 972 de
2659 923 2850 985 Spiritu
2884 936 3061 975 sum-to
3082 928 3378 990 sententiw,
3404 922 3544 977 Scr:-

2043 1000 2321 1057 pturarum
2359 994 2611 1044 doctrina:
2643 1003 3001 1046 cenaculum-(2'
3026 994 3061 1044 ¹.

2161 1141 2278 1196 Jam
2315 1159 2445 1197 vero
2491 1144 2658 1198 etiam
2711 1144 2778 1198 de
2821 1143 3024 1213 Spiritu
3063 1161 3385 1201 communes
3441 1167 3538 1202 no-

1961 1243 2089 1290 stra:
2141 1235 2394 1288 notiones
2434 1235 2744 1303 cujusmodi
2808 1236 2919 1289 sint
2973 1239 3368 1306 expendamus,
3427 1249 3542 1293 tum

1958 1340 2053 1380 cas
2086 1340 2206 1395 qua:
2253 1327 2412 1379 nobis
2457 1326 2526 1380 de
2569 1327 2664 1379 illo
2699 1326 3058 1397 eScripturis
3109 1329 3348 1384 collecta:
3393 1341 3541 1396 sunt,

1962 1423 2074 1467 tum
2103 1430 2196 1469 eas
2226 1431 2363 1484 quas
2407 1414 2632 1468 Patrum
2669 1417 2964 1471 traditione
2996 1412 3355 1489 non‘scripta
3389 1436 3545 1478 acce-

1960 1507 2162 1576 pimus.
2193 1505 2444 1559 Primum
2482 1507 2671 1576 igitur,
2696 1508 2842 1576 quis,
2870 1509 3072 1562 auditis
3099 1507 3335 1578 Spiritus
3361 1516 3545 1582 appel-

1961 1600 2283 1662 lationibus,
2329 1599 2514 1652 animo
2559 1615 2668 1652 non
2725 1601 2977 1670 erigitur,
3023 1610 3078 1654 et
3113 1604 3177 1654 ad
3233 1619 3544 1672 supremam

1963 1699 2214 1744 naturam
2265 1689 2658 1758 cegitationem
2713 1706 2822 1744 non
2860 1693 3104 1745 attollit?
3135 1691 3270 1745 Nam
3308 1693 3546 1763 Spiritus

1964 1781 2054 1836 Dei
2091 1781 2271 1834 dictus
2306 1789 2408 1844 est,
2456 1789 2510 1834 ct
2563 1781 2808 1850 Spiritus
2841 1784 3107 1848 veritatis,
3146 1786 3237 1852 qui
3272 1799 3338 1838 ex
3386 1784 3548 1841 Patre

1962 1871 2207 1942 procedit
2247 1878 2266 1906 ²
2299 1890 2312 1925 :
2343 1871 2582 1940 Spiritus
2613 1881 2819 1935 rectus,
2865 1873 3106 1942 Spiritus
3135 1877 3457 1945 principalis
3502 1881 3543 1929 ³.

1962 1964 2201 2034 Spiritus
2253 1975 2479 2018 sanctus
2506 2005 2520 2028 ,
2562 1966 2782 2033 propria
2835 1973 2920 2019 est
2973 1967 3118 2020 illius
3155 1982 3217 2020 ac
3252 1969 3548 2036 peculiaris

1959 2058 2249 2128 appellatio
2297 2075 2312 2112 :
2361 2057 2510 2126 quod
2559 2073 2692 2112 sane
2745 2073 2944 2112 nomen
2996 2059 3243 2112 omnium
3306 2061 3546 2115 maxime

1963 2168 2074 2203 rem
2108 2150 2488 2219 incorpoream
2531 2157 2584 2204 et
2619 2151 2686 2203 ab
2714 2151 2861 2204 omni
2892 2151 3119 2204 materia
3154 2167 3343 2220 puram
3375 2160 3427 2205 et
3456 2152 3543 2204 in-

1961 2242 2322 2311 compositam
2359 2242 2622 2295 declarat.
2661 2239 3007 2310 Quapropter
3035 2249 3088 2295 et
3125 2242 3389 2296 Dominus
3421 2257 3544 2295 cum

1961 2349 2102 2399 eam,
2138 2350 2259 2404 qua:
2305 2333 2471 2388 Deum
2520 2334 2572 2386 in
2610 2335 2730 2387 loco
2757 2333 2975 2388 adorari
3009 2335 3378 2396 existimabat,
3415 2336 3549 2389 edo-

1963 2435 2144 2491 ceret,
2187 2441 2301 2481 rem
2336 2428 2716 2496 incorporeum
2766 2425 3156 2495 comprehendi
3198 2438 3304 2478 non
3363 2440 3546 2493 posse,

1965 2516 2216 2584 Spiritus,
2240 2517 2439 2585 inquit,
2462 2525 2540 2570 est
2565 2515 2702 2568 Deus
2779 2557 2791 2569 .
2817 2515 3050 2570 Proinde
3077 2514 3190 2568 ﬁeri
3216 2530 3321 2568 non
3346 2523 3545 2584 potest,

1968 2617 2024 2662 ut
2065 2609 2158 2679 qui
2209 2609 2362 2663 audit
2409 2609 2698 2678 Spiritum,
2743 2616 2994 2661 naturam
3032 2608 3149 2660 loco
3199 2606 3552 2659 circumscri~

1970 2711 2138 2770 ptam,
2167 2709 2262 2755 aut
2287 2701 2689 2755 mutationibus
2713 2711 2768 2754 et
2789 2699 3211 2754 alterationibus
3234 2699 3550 2762 obnoxiam,

1969 2800 2061 2846 aut
2101 2795 2326 2847 omnino
2372 2801 2639 2848 creatura:
2679 2793 2911 2846 similem
2965 2793 3069 2846 sibi
3105 2793 3288 2843 animo
3336 2791 3501 2859 ﬁngat
3536 2809 3548 2843 ε

1969 2886 2063 2939 sed
2109 2885 2178 2939 ad
2227 2885 2280 2940 id
2313 2877 2458 2956 quod
2511 2901 2786 2940 summum
2837 2893 2921 2939 est
2969 2884 3299 2954 cogitatione
3332 2898 3554 2953 progre-

1967 2978 2147 3041 diens,
2167 2977 2561 3047 intelligentem
2583 2977 2947 3032 substantiam
2973 2976 3176 3044 cogitet
3199 2990 3428 3028 necesse
3447 2985 3552 3037 est,

297 3073 537 3143 ἄφθονον
572 3065 646 3124 ὧν
676 3069 788 3140 ἔχει
830 3068 1033 3122 καλῶν.
1081 3068 1224 3140 Πρὸς
1249 3067 1276 3120 ὃ
1312 3067 1488 3121 πάντα
1522 3067 1887 3137 ἐπέστραπται

1972 3067 2173 3122 virtute
2218 3067 2524 3132 inﬁnitam,
2569 3067 2946 3138 magnitudine
2986 3065 3554 3135 incircumscriptam,

297 3166 366 3218 τά
400 3161 682 3234 ἀτιασμοῦ
708 3161 1112 3233 προσδεόμενα·
1140 3156 1199 3214 οὗ
1232 3162 1410 3214 πάντα
1434 3161 1646 3232 ἐφίεται
1677 3162 1745 3214 τά
1775 3159 1887 3214 κατ’

1972 3174 2071 3212 nec
2107 3165 2412 3228 temporum
2461 3173 2562 3211 nec
2599 3159 2922 3212 sasculorum
2970 3156 3366 3211 dimensionem
3418 3158 3562 3209 rcci-

297 3256 508 3328 ἀρετὴν
563 3253 778 3319 ζῶντα,
817 3247 928 3306 οἷον
984 3252 1333 3323 ἐπαρδόμενα
1380 3255 1446 3324 τῇ
1501 3253 1758 3323 ἐπιπνοίᾳ
1804 3251 1887 3304 καὶ

1973 3253 2234 3321 picntem,
2273 3265 2336 3304 ea
2383 3266 2504 3320 qua:
2548 3250 2711 3303 habet
2744 3249 2886 3302 bna
2936 3249 3084 3320 large
3129 3249 3558 3318 imparticntem.

299 3345 653 3418 βοηθούμενα
689 3346 828 3417 πρὸς
857 3345 918 3397 τὸ
955 3346 1155 3397 οἰκεῖον
1196 3345 1408 3406 ἑαυτοῖς
1437 3343 1533 3396 καί
1563 3343 1706 3396 κατά
1736 3343 1887 3412 φύσιι

1973 3345 2054 3398 Ad
2083 3343 2244 3414 quem
2275 3344 2457 3397 omnia
2488 3351 2888 3397 convertuntur
2918 3357 3039 3410 qua:
3063 3350 3221 3410 (‘gcnt
3251 3339 3565 3396 sanctiﬁca-

301 3441 474 3502 τέλος.
517 3436 873 3490 Τελειωτικὸν
929 3435 1038 3488 τῶν
1092 3435 1298 3500 ἄλλων,
1349 3435 1482 3487 αὐτὸ
1551 3433 1610 3485 δὲ
1661 3433 1887 3502 οὐδαμοῖ

1975 3441 2124 3490 tione
2153 3455 2164 3489 :
2197 3451 2358 3505 quem
2391 3437 2576 3489 omnia
2613 3434 3051 3504 appetuntjuxta
3085 3435 3341 3487 virtutem
3369 3433 3562 3486 viven-

312 3532 586 3583 ἐλλεῖπον·
631 3530 731 3581 οὐκ
784 3526 1190 3589 ἐπισκευαστῶς
1379 3524 1520 3590 ζῶν,
1571 3524 1706 3577 ἀλλὰ
1755 3523 1887 3593 ζωῆς

1977 3528 2071 3589 tia,
2107 3525 2268 3594 cujus
2297 3523 2476 3578 alllatu
2502 3525 2648 3578 velut
2683 3525 2988 3594 irrigantur
3016 3533 3069 3577 et
3116 3522 3469 3591 adjuvantur,
3506 3530 3565 3576 ut

323 3622 577 3692 χορηγόν·
614 3622 676 3673 οὐ
715 3617 1054 3690 προσθήκαις
1089 3616 1478 3687 αὐξανόμενον,
1527 3614 1662 3668 ἀλλά
1698 3615 1887 3684 πλῆρες

1984 3621 2307 3689 perveniant
2333 3617 2399 3670 ad
2431 3617 2712 3686 proprium
2740 3632 2900 3671 suum
2928 3616 3343 3684 naturalemque
3377 3617 3560 3669 linem.

319 3713 515 3780 εὐθὺς,
676 3713 733 3764 ἐν
784 3710 960 3782 ἐαυτῷ
1011 3708 1320 3781 ἱδρυμένον,
1378 3707 1473 3760 καὶ
1507 3704 1780 3775 πανταχοῦ
1821 3704 1887 3757 ὃν.

1978 3708 2079 3774 Qui
2110 3707 2322 3777 perlicit
2356 3703 2727 3774 caetera,'ipse
2763 3721 2894 3761 vero
2926 3705 2981 3758 in
3030 3706 3184 3758 nullo
3220 3705 3400 3758 deﬁcit
3431 3723 3442 3756 :
3468 3706 3564 3774 qui

324 3805 626 3878 Ἀγιασμοῦ
671 3806 906 3874 γένεσις,
946 3803 1060 3874 φῶς
1109 3803 1322 3874 νοητὸν,
1356 3803 1506 3874 πάσῃ
1548 3800 1774 3870 δυνάμει
1817 3799 1887 3851 λοι

1980 3816 2090 3854 non
2120 3800 2253 3855 vivit
2277 3816 2372 3869 per
2398 3799 2881 3864 instaurationem,
2907 3799 3001 3853 sed
3026 3799 3190 3850 vitam
3220 3797 3562 3868 suppeditat;

308 3902 441 3970 γικῇ
479 3898 620 3969 πρὸς
649 3897 747 3968 τὴν
778 3897 876 3967 τῆς
903 3896 1161 3967 ἀληθείας
1201 3895 1416 3968 εῦρεσιν
1447 3891 1556 3949 οίόν
1578 3914 1698 3948 τινα
1731 3911 1887 3949 κατα·

1984 3911 2084 3947 nec
2117 3894 2532 3949 accessionibus
2563 3894 2830 3963 augescit,
2869 3893 2963 3948 sed
3002 3890 3186 3946 statim
3219 3893 3414 3961 plenus
3443 3899 3562 3945 est:

306 3991 540 4060 φάνειαν
579 3990 646 4042 δι’
678 3988 870 4042 ἑαυτοῦ
918 3989 1314 4060 παρεχόμενον·
1354 3989 1674 4060 Ἀπρόσιτον
1711 3991 1774 4058 τῇ
1807 3987 1887 4057 φά

1983 3985 2076 4055 qui
2127 3985 2180 4038 in
2237 3985 2419 4054 seipse
2476 3984 2749 4050 firmatur,
2793 3995 2846 4039 ct
2897 3998 3166 4052 nusquam
3223 3995 3334 4034 non
3389 3979 3562 4032 adest.

306 4100 393 4135 σει
415 4099 428 4112 ·
460 4081 713 4153 χωρητὸν
742 4080 809 4132 δι’
851 4080 1193 4151 ἀγαθότητα·
1227 4081 1406 4134 πάντα
1444 4081 1540 4151 μὲν
1572 4080 1812 4153 πληροῦν
1836 4083 1887 4150 τῇ

1985 4075 2152 4145 Origo
2192 4074 2682 4140 sanctiﬁcationis,
2725 4075 2815 4129 lux
2864 4071 3228 4142 intelligibilis
3254 4089 3266 4124 :
3297 4070 3568 4124 universae

307 4173 566 4243 δυνάμει,
602 4171 785 4242 μόνοις
821 4171 876 4224 δὲ
918 4171 976 4224 ὃν
1012 4171 1273 4241 μεθεκτὺν
1307 4175 1418 4234 τοῖς
1458 4172 1653 4239 ἀξίοις,
1687 4173 1784 4244 οὐχ
1824 4172 1887 4225 ὲν¹

1987 4167 2242 4236 potentiae
2290 4165 2542 4220 rationali
2585 4166 2653 4221 ad
2683 4166 2936 4222 veritatis
2970 4163 3444 4233 investigationem
3473 4177 3566 4214 ve-

312 4263 506 4334 μὲτρῳ
531 4262 911 4333 μετεχόμενον,
931 4261 1065 4314 ἀλλά
1099 4263 1218 4314 κατ’
1241 4262 1530 4330 ἀναλογίαν
1550 4263 1647 4333 τῆς
1671 4263 1887 4317 πίστεω;

1990 4257 2071 4310 Ιυι
2103 4258 2525 4312 illustrationcm
2561 4258 2854 4328 quamdam
2886 4273 2951 4313 ex
2986 4272 3107 4312 sese
3146 4255 3418 4324 praebens.
3459 4251 3572 4306 Nae

309 4355 558 4427 διαιροῦν
593 4355 691 4425 τὴν
729 4355 1031 4426 ἐνέργειαν.
1081 4353 1310 4407 Ἀπλοῦν
1347 4358 1414 4426 τῇ
1445 4355 1621 4426 οὐσίᾳ,
1665 4355 1887 4408 ποικίλοι

1990 4359 2113 4406 tura
2143 4351 2484 4415 inaccessus,
2520 4351 2614 4405 sed
2652 4351 2744 4420 qui
2794 4349 2915 4419 capi
2950 4349 3125 4419 possit
3158 4346 3230 4400 ob
3267 4343 3573 4414 benignita-

311 4450 436 4509 ταῖς
465 4446 760 4515 δυνάμεσιν
780 4463 792 4476 ·
827 4446 946 4498 ὃλον
985 4446 1202 4516 ἑκάστῳ
1235 4444 1427 4516 παρὸν,
1459 4446 1554 4497 καὶ
1587 4447 1706 4498 ὅλον
1741 4447 1887 4500 ἁπαν·

1992 4452 2138 4510 tem;
2172 4443 2356 4498 omnia
2398 4444 2620 4513 quidem
2664 4443 2900 4512 implens
2933 4441 3157 4500 virtute,
3199 4436 3296 4492 sed
3339 4436 3473 4490 solis
3507 4435 3577 4489 iis

309 4539 481 4608 ταχοῦ
517 4537 595 4591 ὅν.
632 4537 883 4602 Ἀπαθῶς
914 4537 1292 4610 μεριζόμενον,
1331 4538 1426 4590 καὶ
1471 4537 1778 4607 ὁλοσχερῶς
1818 4555 1887 4606 με

1993 4538 2086 4608 qui
2133 4536 2281 4606 digni
2333 4543 2462 4591 sunt
2507 4533 3017 4592 communicabilis,
3051 4531 3256 4600 quibus
3303 4543 3426 4583 sese
3470 4543 3580 4581 non

1994 4629 2187 4683 eadem
2235 4629 2480 4697 impertit
2510 4642 2796 4686 mensura,
2844 4625 2937 4678 sed
2983 4623 3137 4692 juxta
3169 4621 3581 4690 proportionem

2007 4719 2127 4775 ﬁdei
2173 4716 2496 4787 dispertitur
2532 4712 2639 4767 vim
2682 4727 2858 4768 suam.
2896 4708 3140 4780 Simplex
3172 4707 3436 4768 essentia,
3476 4719 3569 4756 va-

2004 4811 2120 4864 rius
2159 4809 2457 4879 polentiis;
2492 4807 2584 4878 qui
2634 4803 2870 4875 singulis
2916 4810 3066 4857 totus
3112 4800 3286 4865 adest,
3343 4805 3395 4852 et
3423 4802 3572 4851 totus

2005 4900 2206 4968 ubique
2231 4908 2334 4953 est.
2363 4899 2467 4963 Qui
2500 4898 2578 4951 sic
2607 4895 2870 4950 dividitur
2894 4901 2954 4947 ut
2981 4893 3098 4962 ipse
3132 4890 3265 4944 nihil
3296 4887 3573 4958 patiatur;

2006 4993 2166 5062 cujus
2220 4994 2299 5046 sic
2348 5005 2541 5045 omnes
2575 4988 2872 5058 participes
2910 4994 3060 5047 sunt,
3117 4993 3175 5036 ut
3205 4982 3320 5051 ipse
3363 4986 3574 5032 maneat

2008 5085 2240 5154 integer,
2278 5081 2414 5136 radii
2460 5080 2659 5136 solaris
2695 5079 2747 5132 in
2781 5093 3011 5140 morem,
3057 5075 3217 5143 cujus
3252 5070 3578 5127 beneﬁcium

322 5193 446 5244 ὅσον
482 5184 620 5244 αὖτά
652 5191 893 5261 πέφυκεν
923 5223 939 5248 ν
1087 5189 1186 5257 οὐχ
1214 5188 1336 5240 ὅσον
1359 5185 1534 5235 ἐκεῖνο
1554 5181 1796 5233 δύναται.
1831 5175 1838 5184 “

2009 5176 2212 5230 [ruenti
2263 5185 2522 5243 tanquam
2569 5172 2666 5226 uni
2711 5171 2886 5241 adest,
2939 5177 2995 5224 et
3035 5176 3217 5222 tamen
3269 5172 3471 5219 terram
3515 5173 3579 5212 ac

327 5302 477 5339 mare
523 5287 782 5349 illustrat,
834 5285 1205 5351 misceturque
1240 5280 1371 5334 aeri.
1427 5279 1518 5332 Sic
1567 5285 1620 5332 et
1666 5275 1903 5343 Spiritus
1944 5281 2190 5335 sanctus,
2228 5269 2527 5338 unicuique
2565 5266 2849 5337 εθραεὶυηι
3020 5277 3145 5317 cum
3217 5259 3362 5315 adsit
3421 5253 3579 5351 (ιιξπξί

325 5379 453 5442 soli,
488 5377 845 5431 sullicieutcm
875 5344 1132 5430 omnibus
1159 5374 1388 5446 gratiam
1448 5384 1513 5423 ac
1576 5367 1846 5434 integram
1887 5360 2126 5416 infundit
2169 5381 2180 5414 :
2249 5375 2358 5431 quo
2414 5357 2673 5411 fruuntur
2702 5367 3045 5425 quaecunque
3093 5349 3160 5404 de
3211 5349 3306 5400 illo
3352 5344 3578 5414 partici-

328 5478 479 5540 pant,
509 5477 774 5538 quantum
803 5469 939 5537 ipsis
988 5468 1069 5524 ias
1105 5477 1188 5522 est
1223 5473 1435 5530 natura,
1469 5477 1579 5514 non
1612 5463 1884 5528 quantum
1919 5455 2006 5509 ille
2039 5461 2234 5524 potest.
2910 5539 2918 5540 ί
3149 5531 3162 5540 _
3283 5527 3316 5540 Α
3393 5539 3411 5540 ἡ
3521 5522 3549 5540 Ι,

529 5560 816 5622 Οίκείωσις
847 5559 902 5611 δὲ
937 5560 1253 5630 Πνεύματος
1287 5555 1419 5628 πρὸς
1447 5554 1623 5624 ψυχὴν
1651 5551 1748 5620 οὐχ
1768 5549 1795 5599 ὁ
1817 5547 1887 5600 διὲ

2197 5545 2432 5615 Spiritus
2465 5555 2642 5597 autem
2678 5557 2801 5596 cum
2834 5539 3013 5593 anima
3041 5527 3355 5601 coniunctio
3390 5537 3494 5576 non
3521 5527 3582 5576 lit

327 5656 494 5709 τόπου
542 5653 944 5725 προσεγγισμὸς
991 5654 1130 5720 (πῶς
1173 5655 1280 5720 γὰρ
1327 5655 1391 5704 ἂν
1457 5647 1782 5718 πλησιάσαις
1826 5642 1887 5712 τᾷ

2015 5637 2116 5691 1υοί
2148 5636 2550 5707 propinquitate
2583 5635 2730 5705 (nam
2774 5634 2867 5700 qui
2895 5629 2986 5682 ﬁat
3019 5634 3078 5680 ut
3103 5623 3167 5678 ad
3197 5621 3581 5686 incorporeum

409 5753 424 5782 ⁸
457 5747 618 5802 Joan.
661 5765 756 5812 xtl,
793 5751 880 5805 49.
959 5754 978 5782 ¹
1010 5749 1168 5806 Joan.
1215 5751 1417 5813 κι”,26.
1495 5748 1514 5779 ³
1553 5745 1692 5800 Psal.
1731 5761 1770 5811 ι,
1808 5743 1887 5810 12,

1972 5744 2026 5799 5.
2101 5742 2121 5774 ⁸
2152 5741 2310 5796 Joan.
2345 5757 2416 5798 tv.
2452 5739 2531 5791 9-4

312 4632 611 4701 τεχόμενον
657 4645 673 4660 ·
821 4631 962 4684 κατά
999 4632 1097 4701 τὴν
1127 4630 1309 4684 εἰκόνα
1347 4631 1445 4700 τῆς
1480 4629 1712 4701 ἡλιακῆς
1753 4630 1902 4682 ἀκτῖ-

318 4748 436 4795 νος,
463 4748 533 4802 ης
573 4732 606 4801 ἡ
651 4730 827 4802 χάρις,
864 4730 942 4801 τῷ
978 4728 1297 4783 ἀπολαύοντι
1334 4727 1406 4789 ὡς
1454 4726 1598 4796 μόνῳ
1628 4719 1896 4793 παροῦσα,

320 4823 422 4876 καὶ
453 4821 558 4890 γῆν
590 4821 889 4892 ἐπιλάμπει
919 4819 1014 4873 καὶ
1039 4819 1332 4882 θάλασσαν,
1369 4815 1556 4886 καὶτῷ
1585 4813 1704 4884 ἀέρι
1742 4811 1899 4882 ἐγκέ-

322 4929 547 4984 κραται.
578 4913 733 4966 Οὕτω
769 4911 834 4982 δὴ
865 4913 957 4965 καὶ
984 4911 1044 4963 τὸ
1072 4909 1297 4978 Πνεῦμα
1330 4908 1542 4976 ἑκάστῳ
1583 4906 1687 4958 τῶν
1725 4905 1901 4956 δεκτι-

319 5009 457 5069 κῶν,
494 5007 568 5070 ὡς
604 5008 748 5078 μόνῳ
793 5007 986 5078 παρὸν,
1031 5003 1231 5074 διαρκῆ
1279 5004 1389 5063 τοῖς
1444 5000 1576 5050 πᾶσι
1604 4998 1702 5067 τὴν
1744 4997 1900 5066 χάριν

320 5098 612 5169 ὀλόκληρον
664 5099 988 5169 ἐπαφίησιν·
1042 5091 1102 5150 οὗ
1149 5092 1410 5148 ἀπολαύει
1461 5091 1529 5143 τὰ
1572 5091 1899 5160 μετέχοντα,

1087 5189 1186 5257 οὐχ
1214 5188 1336 5240 ὅσον
1359 5185 1534 5235 ἐκεῖνο
1554 5181 1796 5233 δύναται.
1831 5175 1838 5184 “
