4064 6438
518 304 623 366 743

1784 290 2170 354 EU'l'BYMIl
2213 296 2579 356 ZlGABENI

3670 293 3772 362 illi

523 420 880 490 corporaliter
915 419 1141 474 accedas
1158 417 1224 488 ?),
1256 417 1348 472 sed
1372 432 1400 470 a
1423 414 1814 486 cupiditatibus
1845 430 2088 479 recessu,

2185 415 2457 486 ἀσωμάτῳ
2482 418 2804 487 σωματικῶς
2826 419 2887 487 ;),
2920 420 3031 473 ἀλλ’
3050 422 3077 472 6
3104 422 3385 493 χωρισμὸς
3412 421 3520 474 τῶν
3547 421 3755 486 παθῶν,

523 528 643 580 quae
672 521 795 581 post
816 520 1161 566 accesserunt
1187 510 1377 562 animae
1398 517 1619 578 propter
1640 507 1931 561 amicitiam
1963 521 2091 576 erga

523 617 766 666 carnem,
790 612 886 657 eta
904 602 993 657 Dei
1023 603 1298 657 consortio
1324 602 1647 654 alienarunt.
1675 600 1879 669 Itaque,
1904 601 1950 655 si
1968 601 2093 669 quis

523 696 692 756 abeo,
714 695 856 763 quod
888 694 1001 748 vitii
1033 694 1153 748 labe
1186 700 1555 759 contraxerat,
1588 693 1785 763 probro
1808 701 2087 762 purgetur,

520 794 681 854 atque
703 785 769 837 ad
804 785 1041 837 nativam
1079 785 1537 853 pulchritudinem
1563 799 1816 839 reversus
1842 784 1984 837 velut
2005 798 2092 836 re-

519 878 618 946 giae
646 877 862 945 imagini
900 875 1127 951 formam
1165 887 1393 931 veterem
1432 890 1527 946 per
1556 877 1845 945 puritatem
1878 873 2088 938 reddat,

517 967 620 1020 hoc
646 982 755 1020 uno
774 967 991 1021 demum
1027 968 1186 1021 modo
1212 976 1393 1037 potest
1423 968 1489 1021 ad
1522 965 1858 1020 Paraclctum
1896 980 2091 1035 appro-

518 1056 803 1124 pinquare.
855 1055 949 1111 llle
999 1067 1213 1121 autem,
1261 1057 1426 1110 veluti
1484 1057 1598 1119 sol,
1653 1072 1845 1125 purum
1896 1063 2089 1110 nat-tus

516 1149 756 1211 oculum,
793 1148 1044 1204 ostendet
1079 1149 1175 1203 tibi
1211 1149 1263 1201 in
1286 1149 1471 1216 seipso
1506 1149 1794 1217 imaginem
1831 1149 1973 1201 illius
1997 1150 2087 1217 qui

517 1240 689 1295 videri
725 1257 835 1295 non
874 1250 1073 1311 potest.
1117 1241 1171 1294 ln
1219 1241 1373 1295 beata
1423 1251 1599 1294 autem
1636 1242 1798 1309 hujus
1838 1241 2090 1309 imaginis

517 1332 973 1401 contemplatione
1016 1332 1226 1387 videbis
1272 1334 1595 1387 ineffabilem
1642 1333 1920 1402 archetypi
1971 1334 2092 1401 pul'

518 1421 900 1476 chritudinem.
920 1421 1023 1475 Per
1052 1422 1196 1476 hunc
1229 1424 1391 1477 corda
1429 1423 1788 1477 sustolluntur
1818 1423 1871 1475 in
1897 1423 2088 1488 altum,

518 1527 683 1566 manu
731 1511 1007 1565 ducuntur
1043 1512 1277 1576 inﬁrmi,
1326 1514 1673 1582 proﬁcientes
1714 1514 2084 1584 perﬁciuntur.

519 1600 621 1657 llic
640 1605 720 1658 eis
757 1604 852 1672 qui
875 1604 942 1658 ab
967 1605 1116 1658 omni
1146 1605 1305 1659 sorde
1342 1608 1556 1674 purgati
1589 1618 1715 1660 sunt
1743 1609 2086 1675 illucescens,

521 1710 617 1765 per
643 1696 1081 1750 communionem
1108 1712 1270 1765 quam
1296 1713 1418 1750 cum
1452 1698 1567 1766 ipso
1591 1699 1811 1765 habent,
1834 1699 2092 1767 spiritua-
2118 1729 2158 1781 Β

521 1786 601 1840 les
634 1786 825 1840 reddit.
859 1786 924 1839 Et
945 1786 1399 1855 quemadmodum
1431 1803 1659 1857 corpora
1694 1790 1883 1852 nitida,
1920 1791 2089 1859 pellu-

519 1878 770 1945 cidaque,
796 1887 1045 1932 contacta
1079 1880 1251 1945 radio,
1288 1880 1420 1935 ﬁunt
1443 1890 1495 1936 ct
1527 1883 1643 1951 ipsa
1675 1897 1838 1951 supra
1870 1883 2088 1937 modum

519 1966 824 2036 splendida,
876 1969 1124 2021 etaliqu
1176 1968 1438 2039 fulgorem
1471 1988 1536 2025 ex
1561 1986 1682 2026 sese
1730 1972 2087 2041 profundunt,

521 2057 593 2109 ita
620 2060 814 2110 anima:
854 2074 975 2126 qua:
1018 2056 1277 2126 Spiritum
1313 2059 1523 2124 ferunt,
1567 2062 2020 2133 illustranturquc
2058 2080 2090 2117 a

520 2143 753 2215 Spiritu,
775 2147 909 2201 ﬁunt
934 2144 986 2202 et
1018 2149 1149 2216 ipsa:
1172 2149 1504 2218 spirituales,
1532 2160 1585 2205 et
1624 2152 1676 2205 in
1699 2153 1834 2208 alios
1857 2156 2087 2224 gratiam

517 2238 792 2293 omittunt.
824 2238 963 2292 llinc
988 2240 1296 2293 futurorum
1323 2242 1683 2309 pt'a‘scieutia,
1706 2245 2087 2313 mysteriorum

516 2330 906 2401 intelligentia,
948 2333 1285 2385 occultorum
1330 2334 1779 2403 comprehensio,
1824 2336 2088 2390 donorum

516 2419 957 2483 distributiones,
999 2424 1241 2478 cmlcstis
1292 2428 1639 2481 conversatio
1665 2467 1678 2490 ,
1721 2444 1843 2481 cum
1884 2429 2091 2499 angelis

515 2512 710 2565 chorea
744 2530 757 2565 :
790 2512 917 2565 hinc
941 2512 1195 2583 gaudium
1226 2530 1504 2584 nunquam
1541 2514 1856 2580 ﬁniendum,
1885 2518 2011 2571 hinc
2034 2518 2090 2572 in

516 2606 625 2657 Deo
658 2605 1079 2672 perseverantia,
1114 2606 1241 2659 hinc
1268 2606 1570 2660 similitudo
1598 2624 1720 2660 cum
1745 2608 1873 2673 Deo,
1899 2616 1952 2663 et
1982 2625 2092 2677 quo

514 2695 651 2748 nihil
678 2697 967 2750 sublimius
1001 2698 1175 2764 expeti
1220 2705 1416 2766 potest,
1449 2698 1575 2751 hinc
1606 2706 1691 2752 est
1721 2707 1779 2752 ut
1806 2700 1940 2755 deus
1971 2702 2086 2755 ﬁas.

515 2870 769 2942 Ejusdem
803 2873 1052 2926 adversus
1087 2889 1171 2925 eos
1203 2875 1292 2941 qui
1314 2875 1491 2925 dicunt
1526 2890 1626 2926 non
1660 2886 1900 2942 oportere
1939 2874 2085 2927 Patri

613 2950 660 2992 et
688 2938 826 2994 Filio
849 2942 1138 3012 adjungcre
1162 2938 1421 3011 Spiritum
1446 2938 1708 2996 simctum.
1736 2944 1866 3012 Cap.
1897 2946 1979 2998 ll).

585 3029 954 3098 NonOpot-tet,
989 3033 1257 3100 inquiunt,
1326 3032 1470 3087 Patri
1535 3042 1588 3087 et
1640 3033 1774 3088 Filio
1829 3035 2089 3106 adjuugec

2183 505 2345 577 ἅπερ,
2387 507 2494 558 ἀπὸ
2521 508 2619 577 τῆς
2653 510 2786 579 πρὸς
2821 510 2918 581 τὴν
2954 512 3131 582 σάρκα
3172 512 3350 578 φιλίας
3384 511 3607 583 ὕστερον
3638 514 3751 564 ἑπι-

2184 594 2439 663 γινόμενα
2479 599 2543 667 τῇ
2583 596 2750 668 ψυχῇ,
2797 599 2899 669 τῆς
2953 601 3059 653 ἀπὸ
3110 600 3204 653 τοῦ
3249 602 3383 654 Θεοῦ
3429 603 3759 672 οἰκειότητος

2183 685 2532 756 ἠλλοτρίωσε.
2569 689 2927 759 Καθαρθέντα
2965 690 3029 762 δὴ
3069 687 3162 744 οὖν
3193 692 3300 744 ἀπὸ
3332 691 3424 745 τοῦ
3457 692 3695 762 αἴσχους,
3732 695 3761 746 ὃ

2183 778 2491 847 ἀνεμάξατο
2528 780 2615 833 διὰ
2653 782 2751 851 τῆς
2778 784 2995 848 κακίας,
3040 786 3130 837 καὶ
3169 784 3301 854 πρὸς
3334 785 3395 837 τὸ
3437 787 3501 838 ἐκ
3542 786 3760 854 φύσεως

2183 867 2375 932 κάλλος
2414 869 2793 936 ἐπανελθόντα,
2848 874 2943 925 καὶ
2989 870 3099 926 οἶον
3139 874 3307 926 εἰκόνι
3360 873 3606 945 βασιλικῇ
3657 875 3759 945 τὴν

2184 960 2415 1031 ἀρχαίαν
2456 964 2669 1034 μορφὴν
2703 964 2792 1018 διὰ
2832 967 3203 1037 καθαρότητος
3250 969 3536 1031 ἀποδόντα,
3584 967 3761 1029 οὕτως

2185 1055 2298 1106 ἐστὶ
2324 1056 2498 1124 μόνως
2520 1058 2877 1127 προσεγγίσαι
2900 1060 2976 1129 τῷ
2996 1060 3357 1130 Παρακλήτῳ.
3393 1060 3451 1112 Ὁ
3478 1059 3542 1122 δ’,
3569 1059 3761 1128 ὥσπερ

2184 1142 2350 1212 ἣλιος,
2389 1145 2798 1217 κεκαθαρμένον
2822 1148 2975 1219 ὄμμα
3007 1150 3360 1220 παραλαϐὼν,
3396 1150 3557 1216 δείξει
3590 1168 3671 1202 σοι
3700 1155 3762 1202 ὲν

2186 1234 2361 1304 ἑαυτῷ
2399 1238 2497 1305 τὴν
2532 1240 2713 1291 εἰκόνα
2749 1242 2842 1293 τοῦ
2885 1241 3136 1310 ἀοράτου.
3180 1243 3265 1294 Ἑν
3294 1242 3348 1293 δὲ
3383 1243 3459 1312 τῷ
3502 1243 3763 1311 μακαρίῳ

2184 1325 2280 1393 τῆς
2311 1326 2515 1389 εἰκόνος
2542 1328 2772 1397 θεάματι
2809 1330 2870 1382 τὸ
2898 1331 3136 1401 ἄρρητον
3170 1332 3288 1401 ὄψει
3320 1332 3413 1384 τοῦ
3447 1334 3762 1403 ἀρχετύπου

2185 1416 2400 1480 κάλλος.
2433 1417 2532 1471 Διά
2556 1419 2744 1473 τούτου
2785 1422 3023 1492 καρδιῶν
3051 1423 3310 1486 ἀνάϐασις
3336 1464 3350 1485 ,
3487 1440 3764 1494 χειραγω⁹

2185 1504 2277 1571 γία
2303 1507 2409 1560 τῶν
2439 1508 2827 1577 ἀσθενούντων,
2860 1511 2969 1564 τῶν
3003 1513 3421 1584 προκοπτόντων
3456 1513 3758 1578 τελείωσις.

2186 1595 2377 1658 Τοῦτο,
2413 1599 2525 1659 τοῖς
2570 1599 2678 1651 ἀπὸ
2719 1599 2898 1669 πάσης
2947 1602 3164 1670 κηλίδος
3202 1604 3633 1672 κεκαθαρμένοις
3671 1606 3765 1657 ἐλ-

2185 1685 2417 1757 λάμπον,
2458 1691 2522 1758 τῇ
2560 1690 2693 1759 πρὸς
2715 1691 2875 1743 ἑαυτὸ
2904 1692 3155 1762 κοινωνίᾳ
3193 1694 3593 1762 πνευματικοὺς
3623 1695 3764 1748 ἀπο-

2183 1778 2442 1833 δείκνυσι.
2485 1781 2594 1832 Καὶ
2635 1780 2823 1852 ὥσπερ
2862 1781 2932 1834 τά
2972 1782 3201 1851 λαμπρά
3240 1785 3334 1836 καὶ
3381 1784 3609 1855 διαφανῆ
3647 1785 3763 1837 τῶν

2186 1869 2471 1940 σωμάτων,
2514 1872 2729 1934 ἀκτῖνος
2778 1873 2959 1934 αὐτοῖς
3002 1872 3350 1943 ἐμπεσούσης
3386 1918 3400 1939 ,
3534 1877 3674 1928 αὑτά
3696 1893 3762 1928 τε

2184 1958 2393 2027 γίνεται
2436 1960 2777 2030 περιλαμπῆ,
2820 1963 2912 2014 καὶ
2953 1962 3146 2032 ἑτέραν
3193 1963 3365 2032 αὐγὴν
3407 1964 3499 2031 ἀφ’
3546 1964 3764 2016 ἑαυτῶν
3804 1951 3813 1959 ’

2184 2049 2515 2102 ἀποστίλϐει·
2558 2050 2730 2113 οὕτως
2762 2052 2818 2102 αἱ
2861 2052 3302 2122 πνευματοφόροι
3336 2052 3524 2120 ψυχαὶ,
3554 2052 3764 2123 ἐλλαμ-

2186 2143 2398 2212 φθεῖσαι
2424 2144 2571 2214 παρά
2603 2144 2695 2196 τοῦ
2727 2144 3061 2214 Πνεύματος,
3095 2145 3256 2199 αὐταί
3287 2162 3342 2197 τε
3371 2144 3764 2197 ἀποτελοῦνται

2188 2237 2574 2305 πνευματικαὶ,
2616 2236 2709 2288 καὶ
2748 2238 2828 2298 εἰς
2868 2237 3084 2306 ἐτέρους
3118 2238 3215 2307 τὴν
3237 2237 3397 2308 χάριν
3428 2237 3762 2302 ἐξαποστέλ-

2186 2328 2384 2380 λουσιν.
2432 2327 2706 2380 Ἐντεῦθεν
2742 2326 3042 2397 μελλόντων
3073 2327 3401 2397 πρόγνωσις,
3446 2326 3761 2396 μυστηρίων

2187 2417 2420 2480 σύνεσις,
2457 2417 2853 2489 κεκρυμμένων
2866 2416 3187 2487 κατάληψις,
3206 2418 3556 2488 χαρισμάτων
3580 2417 3759 2470 διανο-

2188 2512 2308 2580 μαὶ,
2339 2510 2397 2563 τὸ
2420 2511 2666 2581 οὐράνιον
2695 2510 3013 2581 πολίτευμα,
3037 2514 3068 2580 ὴ
3106 2511 3241 2579 μετά
3270 2508 3517 2577 ἀγγέλων
3545 2508 3756 2579 χορεία,

2184 2604 2216 2673 ἡ
2244 2601 2597 2671 ἀτελεύτητος
2779 2602 3103 2673 εὐφροσύνη,
3141 2603 3173 2672 ἡ
3210 2602 3267 2653 ὲν
3303 2599 3422 2670 Θεῷ
3449 2600 3696 2670 διαμονὴ,
3721 2604 3754 2670 ἡ

2186 2694 2320 2764 πρὸς
2375 2695 2504 2747 Θεὸν
2547 2695 2822 2765 ὁμοίωσις,
2879 2695 2937 2747 τὸ
2992 2694 3291 2764 ἀκρότατον
3340 2694 3452 2748 τῶν
3493 2692 3757 2762 ὁρεκτῶν,

2188 2783 2308 2838 θεὸν
2336 2785 2606 2852 γενέσθαι.

2187 2875 2301 2928 Τοῦ
2319 2878 2503 2930 αὑτοῦ
2518 2878 2666 2945 πρὸς
2686 2877 2826 2942 τοὺς
2846 2878 3227 2946 λέγοντας-μὴ
3251 2876 3460 2943 γρῆναι
3490 2873 3759 2928 συντάσ-

2254 2960 2385 3001 σειν
2406 2948 2583 3016 Πατρί
2602 2949 2699 3001 καί
2723 2949 2829 3011 Υἱῶ
2852 2951 2915 3000 τὸ
2932 2948 3375 3015 ἅγιοι-Πνεῦμα.
3399 2948 3621 3013 Κεφαλ.
3642 2951 3699 2998 t'.

2255 3039 2327 3090 Οὔ
2382 3041 2510 3108 χρὴ,
2546 3041 2701 3108 φασὶ,
2750 3041 2925 3110 Πατρὶ
2972 3042 3068 3093 καὶ
3101 3040 3213 3110 ne;
3274 3037 3632 3106 συντετάχθαι
3691 3035 3753 3088 τὸ

515 3137 574 3176 re
600 3120 1135 3189 Spiritumsanctum
1176 3142 1192 3175 :
1221 3125 1414 3194 partim
1463 3139 1526 3179 eo
1585 3127 1726 3195 quod
1772 3128 1842 3181 sit
1896 3127 2088 3182 aliena:

2185 3128 2342 3195 ἅγιον
2373 3131 2618 3198 Πνεῦμα,
2648 3131 2735 3184 διά
2771 3147 2833 3185 τε
2865 3128 2926 3183 τὸ
2955 3132 3052 3201 τῆς
3081 3130 3293 3198 φύσεως
3320 3129 3618 3198 ἀλλότριον,
3665 3127 3765 3179 καὶ

516 3226 745 3282 naturae,
773 3216 966 3287 partim
992 3215 1136 3286 quod
1173 3216 1436 3285 dignitate
1466 3208 1545 3271 ’sit
1580 3215 1829 3270 inferior.
1878 3216 2085 3281 Quibus

514 3324 728 3379 aequum
759 3314 842 3360 est
870 3312 928 3358 ut
960 3306 1329 3374 apostolorum
1361 3307 1544 3361 verbis
1595 3306 2027 3375 respondeamus
2073 3326 2084 3360 :

514 3397 625 3451 Deo
662 3404 858 3464 oportet
890 3394 1096 3449 obedire
1126 3396 1293 3464 magis
1329 3411 1487 3463 quam
1522 3396 1818 3450 hominibus
1885 3398 1922 3449 '-.
1954 3396 2087 3450 Nam

516 3488 562 3541 si
582 3485 843 3540 Dominus
877 3495 1063 3554 aperte
1088 3486 1142 3538 in
1172 3484 1431 3540 tradendo
1462 3487 1743 3543 salutifero
1766 3488 2089 3558 baptismate

516 3579 771 3648 praecepit
800 3577 1106 3646 discipulis,
1141 3586 1198 3631 ut
1238 3578 1575 3646 baptizarent
1602 3594 1791 3635 omnes
1817 3589 2003 3650 gentes
2033 3580 2085 3633 in

512 3669 732 3722 nomine
757 3666 936 3721 Patris
970 3676 1022 3720 ct
1065 3668 1185 3722 Filii
1222 3677 1276 3723 et
1324 3669 1561 3740 Spiritus
1595 3672 1770 3725 sancti
1841 3673 1859 3702 ²
1882 3711 1895 3736 ,
1945 3672 2087 3725 haud

436 3809 446 3818 ,
512 3756 835 3827 dedignatus
886 3773 1011 3809 cum
1056 3757 1149 3813 illo
1203 3762 1541 3815 consortiqu
1590 3780 1602 3815 :
1647 3769 1838 3816 contra
1883 3762 1973 3816 isti
2004 3762 2087 3816 di-

510 3858 674 3911 cunt,
721 3864 828 3902 non
880 3859 1131 3916 Oportere
1175 3848 1441 3920 Spiritum
1490 3850 1632 3905 Patri
1844 3851 2087 3923 Filioque

509 3940 861 4009 conjungere;
896 3954 963 3992 an
991 3954 1096 3993 non
1132 3939 1226 3995 Dei
1262 3950 1535 4011 prazcepto
1585 3944 1762 4011 palam
1791 3941 2087 3998 adversan-

510 4030 638 4086 tur?
671 4029 905 4093 Etenim,
934 4031 977 4085 si
1010 4030 1201 4084 dicunt
1229 4031 1540 4100 hujusmodi
1566 4034 1949 4100 conjunctione
1981 4050 2087 4088 non

509 4118 773 4173 declarari
799 4119 961 4171 ullam
997 4121 1437 4174 communionem
1468 4130 1564 4172 aut
1613 4121 1973 4186 consortium;
2006 4121 2089 4174 di-

508 4223 638 4268 cant
664 4213 925 4280 quidnam
954 4212 1245 4265 conveniat
1295 4212 1396 4267 hoc
1444 4212 1759 4267 existimare
1783 4252 1798 4278 ,
1833 4221 1886 4267 et
1926 4228 2084 4283 quam

511 4304 672 4357 aliam
699 4301 925 4356 ell'crant
948 4303 1118 4372 magis
1146 4304 1477 4372 peculiarem
1504 4305 1770 4357 consortii
1798 4305 2089 4359 rationem?

512 4393 580 4447 Et
613 4393 830 4462 quidem
875 4394 920 4448 si
956 4393 1219 4448 Dominus
1271 4395 1371 4448 sibi
1417 4403 1470 4449 ct
1505 4393 1649 4447 Patri
1684 4410 1790 4449 non
1840 4395 2087 4465 adjunxit

516 4481 778 4551 Spiritum
817 4479 869 4535 in
901 4482 1193 4552 baptismo.
1220 4498 1397 4552 neque
1423 4484 1587 4537 etiam
1614 4484 1772 4539 nobis
1802 4485 1934 4538 vitio
1966 4501 2087 4540 ver-

2188 4496 2328 4551 κατά
2371 4497 2431 4549 τὸ
2475 4496 2777 4566 βάπτισμα,
2827 4491 2962 4564 μηδὲ
3003 4494 3132 4562 ἡμῖν

513 4579 628 4624 tant
659 4570 803 4641 quod
836 4588 930 4626 eos
963 4573 1373 4643 conjungimus.
1413 4573 1556 4627 Nihil
1585 4575 1729 4627 enim
1761 4591 1862 4630 nos
1906 4574 2084 4631 divera

511 4678 630 4717 sum
667 4679 840 4733 neque
882 4666 1147 4720 sentimus
1174 4706 1187 4728 ,
1227 4682 1400 4735 neque
1434 4667 1728 4735 loquimur.
1766 4667 1860 4722 Sin
1903 4679 2083 4723 autem

510 4757 622 4812 illic
675 4758 1007 4826 conjunctus
1064 4768 1148 4812 est
1195 4757 1338 4811 Patri
1389 4767 1444 4813 et
1490 4759 1628 4814 Filio
1674 4758 1931 4829 Spiritus,
1987 4778 2085 4815 nec

509 4848 800 4917 quisquam
844 4859 925 4903 est
969 4849 1105 4901 adeo
1155 4844 1482 4919 impudens,
1516 4859 1575 4902 ut
1607 4851 1756 4905 aliud
1788 4852 2082 4921 quidquam

511 4938 678 5002 dicat,
726 4954 792 4991 nc
823 4939 903 4993 sic
933 4939 1150 5008 quidem
1180 4954 1280 4994 nos
1314 4940 1368 4992 in
1388 4940 1480 5009 jus
1511 4952 1726 5006 vocent,
1757 4944 1803 4996 si
1836 4944 2083 5013 Scriptu-

510 5043 602 5082 ras
629 5029 929 5096 sequimur.

702 5118 807 5174 Sed
841 5121 961 5175 belli
991 5122 1279 5178 adversum
1317 5138 1417 5179 nos
1450 5118 1747 5194 apparatus
1779 5126 2082 5184 instructus

507 5219 611 5275 est,
629 5211 917 5279 omnisque
937 5213 1195 5282 cogitatio
1228 5215 1437 5269 intenta
1464 5223 1549 5271 est
1577 5214 1630 5268 in
1654 5231 1776 5279 nos,
1812 5226 1864 5271 et
1888 5218 2083 5289 lingua:

508 5302 900 5356 maledicorum
931 5303 1021 5356 hic
1056 5303 1431 5362 vehementius
1467 5306 1784 5377 jaculantur
1813 5325 1975 5379 quam
2019 5312 2078 5378 ii,

507 5392 598 5461 qui
631 5391 910 5447 Christum
956 5391 1306 5457 occiderant,
1358 5398 1485 5449 olim
1530 5398 1798 5466 lapidibus
1834 5400 2080 5470 impctie-

507 5496 633 5537 runt
656 5482 1014 5554 Stephanum.
1048 5480 1248 5536 Verum
1283 5501 1351 5538 ne
1382 5498 1811 5556 consequantur,
1836 5501 1893 5546 ut
1917 5492 2081 5547 lateat

588 5643 606 5677 ³
634 5647 758 5701 Act.
792 5660 843 5714 ν,
872 5645 961 5701 29.
1037 5647 1058 5678 ³
1093 5644 1285 5701 Matth.
1322 5662 1508 5713 xxvm,
1550 5649 1633 5706 l9.

2186 3218 2246 3271 τὸ
2272 3223 2368 3290 τῆς
2391 3220 2546 3286 ἀξίας
2572 3219 2848 3282 καταδεές.
2875 3218 3018 3290 Πρὸς
3039 3216 3133 3281 οὓς
3156 3216 3362 3271 δίκαιον
3383 3214 3480 3284 τὴν
3504 3216 3606 3266 τῶν
3632 3215 3760 3267 ἀπο·

2192 3312 2392 3364 στόλων
2435 3313 2618 3381 φωνὴν
2663 3308 3062 3382 ἀποκρίνασθαι
3103 3341 3121 3370 ,
3285 3308 3364 3359 ὅτι
3415 3309 3764 3373 Πειθαρχεῖν

2191 3399 2312 3465 Θεῷ
2343 3400 2437 3454 δεῖ
2445 3399 2684 3469 μᾶλλον
2706 3399 2743 3467 ἢ
2771 3396 3119 3465 ἀνθρώποις.
3154 3395 3215 3447 Ei
3241 3393 3347 3465 γὰρ
3379 3395 3407 3445 6
3432 3392 3528 3463 μὲν
3559 3391 3765 3462 Κύριος

2191 3493 2376 3562 σαφῶς
2411 3496 2469 3547 ὲν
2509 3495 2574 3564 τῇ
2611 3491 2905 3562 παραδόσει
2940 3487 3033 3541 τοῦ
3082 3486 3347 3559 σωτηρίου
3389 3484 3769 3555 βαπτίσματος

2189 3585 2490 3659 προσέταξε
2524 3588 2636 3650 τοῖς
2668 3586 2942 3655 μαθηταῖς
2991 3580 3268 3650 βαπτίζειν
3314 3577 3490 3631 πάντα
3527 3577 3595 3631 τὰ
3633 3575 3768 3647 ἔθνη

2189 3679 2267 3740 εἰς
2311 3676 2481 3745 ὄνομα
2524 3674 2735 3744 Ιιατρὸς
2783 3672 2876 3725 καὶ
2912 3670 3043 3724 Υίοῦ
3087 3671 3180 3722 καὶ
3227 3667 3382 3735 ἁγίου
3422 3666 3762 3736 Πνεύματος,

2187 3767 2286 3821 οὐκ
2318 3765 2565 3830 ἀπαξιῶν
2593 3766 2690 3835 τὴν
2722 3764 2858 3835 πρὸς
2898 3762 3030 3817 αὐτὸ
3067 3761 3370 3823 κοινωνίαν,
3400 3754 3545 3812 οῦτοι
3590 3757 3647 3811 δὲ
3685 3758 3765 3828 μὴ

2187 3860 2383 3930 χρῆναι
2419 3857 2549 3911 αὐτὸ
2576 3855 2751 3926 Πατρὶ
2782 3856 2875 3908 καὶ
2900 3851 3014 3922 Υἱῷ
3037 3852 3353 3906 συντάσσειν
3383 3848 3618 3917 λέγουσι·
3645 3846 3766 3909 πῶς

2187 3950 2307 4018 οὐχὶ
2336 3951 2402 4019 τῇ
2432 3945 2525 3999 τοῦ
2558 3944 2691 3998 Θεοῦ
2724 3944 2950 4014 διαταγῇ
2983 3941 3263 4014 προδήλως
3290 3939 3667 4001 ἀνθίστανται;
3698 3935 3758 3987 Ei

2192 4039 2289 4109 μὲν
2326 4039 2430 4109 γὰρ
2473 4038 2572 4090 οὐκ
2609 4031 2747 4089 εἷναί
2782 4052 2913 4103 φασι
2948 4035 3047 4105 τὴν
3083 4033 3337 4101 τοιαύτην
3370 4029 3614 4094 σύνταξιν
3641 4044 3755 4079 κοι-

2189 4130 2381 4193 νωνίας
2432 4128 2575 4191 τινὸς
2617 4127 2711 4181 καὶ
2745 4125 3039 4194 συναφείας
3072 4123 3393 4190 δηλωτικὴν,
3431 4120 3758 4182 εἰπάτωσαν,

2185 4221 2239 4274 τί
2274 4221 2371 4290 μὲν
2400 4219 2638 4289 νομίζειν
2667 4216 2823 4270 τοῦτο
2853 4216 3155 4288 προσήκει;
3193 4215 3313 4267 τίνα
3341 4213 3396 4265 δὲ
3423 4212 3605 4280 ἓτερον
3634 4225 3763 4261 συν-

2187 4311 2379 4379 αφείας
2422 4309 2622 4381 τρόπον
2672 4309 3000 4378 οἰκειότερον
3040 4306 3258 4376 ἔχουσι;
3299 4303 3557 4369 Καίτοιγε
3598 4299 3645 4350 εί
3688 4297 3765 4368 μὴ

2189 4402 2423 4472 συνῆψεν
2459 4403 2487 4453 6
2518 4401 2722 4472 Κύριος
2770 4399 2949 4469 ἑαυτῷ
2986 4400 3078 4451 καὶ
3111 4397 3187 4469 τῷ
3220 4397 3393 4467 Πατρὶ
3431 4395 3491 4447 τὸ
3538 4389 3785 4461 Πνεῦμα,

3324 4488 3421 4561 τὴν
3472 4487 3769 4555 συνάφειαν

2186 4585 2612 4655 ἐγκαλείτωσαν.
2666 4582 2831 4636 Οὐδὲν
2879 4581 2991 4653 γὰρ
3040 4584 3200 4653 ἡμεῖς
3249 4580 3586 4651 ἀλλοιότερον
3637 4576 3768 4631 οὔτε

2186 4679 2510 4751 φρονοῦμεν,
2539 4676 2663 4729 οὔτε
2694 4673 3063 4745 φθεγγόμεθα.
3089 4674 3151 4726 Εἰ
3177 4674 3231 4726 δὲ
3257 4673 3527 4742 συνῆπται
3552 4671 3668 4723 ἐκεῖ
3687 4666 3769 4739 τῷ

2186 4771 2361 4840 ΙΙατρὶ
2394 4769 2489 4822 καὶ
2529 4767 2607 4838 τῷ
2653 4766 2788 4837 Υἱῴ,
2826 4767 2919 4819 καὶ
2950 4766 3123 4828 οὐδεὶς
3146 4763 3335 4836 ,οὕτως
3367 4762 3587 4834 ἀναιδὴς
3623 4760 3767 4813 ὥστε

2185 4862 2311 4914 ἄλλο
2344 4878 2394 4912 τι
2440 4859 2630 4929 φῆσαι,
2683 4858 2803 4929 μηδ’
2842 4856 3013 4920 οὕτως
3063 4857 3193 4927 ἡμῖν
3239 4854 3663 4924 ἐγκαλείτωσαν,
3714 4853 3768 4905 εί

2186 4955 2295 5015 τοῖς
2322 4950 2729 5022 γεγραμμένοις
2750 4948 3169 5017 ἀκολουθοῦμεν.

2395 5126 2529 5180 Ἀλλ’
2556 5129 2587 5198 ἠ
2613 5127 2709 5199 μὲν
2734 5126 3055 5197 παρασκευὴ
3082 5123 3173 5177 τοῦ
3204 5122 3326 5176 καθ’
3350 5121 3506 5192 ἡμῶν
3526 5118 3767 5189 πολέμου

2185 5218 2472 5289 ἐξήρτυται
2519 5253 2533 5279 ,
2648 5219 2742 5271 καὶ
2770 5217 2919 5269 πᾶσα
2946 5215 3152 5270 διάνοια
3184 5215 3318 5284 πρὸς
3348 5215 3494 5284 ἡμᾶς
3519 5213 3766 5271 τέταται,

2184 5308 2277 5361 καὶ
2313 5309 2550 5377 γλῶσσαι
2582 5308 2915 5379 βλασφημῶν
2951 5302 3052 5360 ὧδε
3090 5306 3369 5371 τοξεύουσι
3408 5302 3768 5374 σφοδρότερον

2184 5400 2471 5471 βάλλουσαι
2492 5401 2523 5471 ἢ
2547 5401 2636 5454 τὸν
2658 5400 2927 5468 Στέφανον
2952 5399 3065 5452 τότε
3082 5403 3191 5463 τοῖς
3214 5397 3381 5460 λίθοις
3401 5397 3450 5449 oi
3475 5392 3770 5468 χριστοφό-

2181 5509 2280 5549 νοι·
2324 5498 2397 5567 μὴ
2441 5495 2857 5549 λανθανέτωσαν
2897 5495 2974 5563 δὲ,
3019 5494 3102 5549 ὅτι
3148 5493 3442 5567 πρόσχημα
3485 5488 3585 5563 μὲν
3614 5488 3767 5560 ἡμᾶς
