4064 6392
314 324 419 386 ἨἹ

1531 326 1917 389 EUTIlYMll
1954 324 2316 387 ZlGABENl

3468 325 3577 388 7&8

314 476 691 532 ricatoribus?
726 491 909 531 nonne
938 476 1008 532 iis
1039 475 1130 546 qui
1165 473 1323 529 tidem
1367 474 1739 545 abnegarunt?
1786 473 1890 531 Sed

2000 476 2085 547 τὴν
2115 473 2296 525 πίστιν
2324 473 2722 545 ἀρνησαμένοις
2744 492 2758 540 ;
2783 475 2878 537 Τίς
2905 474 2962 527 δὲ
2990 475 3090 545 τῆς
3118 475 3402 548 ἀρνήσεως
3425 474 3575 543 ἐλεγ-

316 568 460 633 undc
491 570 795 638 probantur
816 568 1153 638 abnegasse?
1180 566 1371 623 Nonne
1402 566 1550 633 hinc,
1581 568 1728 638 quod
1761 582 1892 623 suas

318 662 419 728 ipsi
447 660 818 729 professiones
854 660 1038 713 irritas
1066 658 1350 713 fecerunt?
1375 658 1517 725 Quid
1549 669 1727 714 autem
1762 674 1891 731 pro-

318 752 448 807 fessi
481 760 630 815 sunt,
655 760 749 803 aut
776 750 1040 820 quando?
1068 749 1310 806 Professi
1344 759 1474 806 sunt
1499 752 1727 807 credere
1751 768 1810 808 se
1835 754 1889 805 in

313 840 528 895 Patrem
563 847 615 894 et
653 839 849 895 Filium
889 848 945 895 et
989 840 1252 910 Spiritum
1287 851 1538 895 sanctum
1561 881 1575 907 ,
1607 853 1722 897 tum
1762 858 1886 897 cum

313 931 695 985 renuntiantes
724 930 942 985 diabolo
976 940 1033 985 et
1060 932 1270 1001 angelis
1300 932 1422 1002 ejus
1452 933 1794 989 salutiferam
1830 935 1893 987 il-

314 1019 420 1073 lam
473 1034 661 1073 vocem
701 1018 1013 1074 ediderunt.
1065 1019 1223 1085 Quod
1276 1020 1444 1089 igitur
1488 1021 1609 1077 istis
1662 1020 1888 1091 dignum

312 1111 639 1165 vocabulum
686 1112 1053 1182 excogitatum
1091 1121 1170 1167 est
1213 1128 1243 1165 a
1293 1114 1421 1169 filiis
1474 1113 1654 1170 lucis?
1700 1112 1891 1167 Nonne

316 1195 557 1268 perfuga:
577 1211 645 1251 ac
670 1197 1127 1265 praevaricatores
1155 1197 1504 1266 appellantur
1528 1240 1545 1263 ,
1580 1207 1638 1253 ut
1677 1198 1771 1268 qui
1812 1212 1904 1254 sa-

317 1288 447 1343 lutis
477 1303 592 1342 sua:
616 1296 773 1357 pacta
814 1287 1111 1342 violarint?
1145 1289 1266 1353 Quo
1299 1290 1464 1358 igitur
1508 1290 1728 1345 nomine
1764 1304 1890 1345 eum

317 1378 413 1449 qui
446 1378 615 1433 Deum
650 1380 966 1448 abnegavit,
987 1396 1099 1450 quo
1123 1396 1249 1436 eum
1281 1381 1373 1451 qui
1416 1382 1696 1437 Christum
1730 1384 1891 1438 abne«

317 1471 486 1543 gavit,
518 1470 827 1541 appellem?
860 1470 1109 1538 Quonam
1145 1473 1280 1537 alio,
1314 1488 1478 1544 quam
1511 1476 1898 1544 praevaricato-

318 1564 399 1618 ris
430 1578 494 1618 ac
523 1564 868 1620 desertoris?
899 1568 970 1617 At
996 1564 1045 1620 ei
1075 1565 1168 1634 qui
1202 1568 1413 1636 negavit
1436 1565 1721 1636 Spiritum,
1753 1568 1899 1638 quod

319 1668 409 1708 mc
447 1652 530 1708 vis
558 1667 754 1707 nomen
786 1653 1104 1724 imponere?
1135 1655 1327 1710 Nonne
1356 1656 1461 1710 hoc
1493 1656 1633 1712 idem
1653 1696 1670 1723 ,
1702 1659 1901 1729 quippe

321 1745 413 1813 qui
448 1753 663 1815 pactum
695 1761 819 1800 cum
855 1745 966 1800 Deo
1006 1747 1199 1801 initum
1234 1747 1493 1801 violarit?
1522 1747 1664 1819 Ergo
1693 1764 1816 1803 cum
1846 1757 1903 1803 et

1987 584 2116 638 χος;
2150 567 2262 636 Οὐχ
2290 565 2372 620 ὅτι
2396 566 2495 628 τὰς
2523 567 2733 629 οἰκείας
2754 566 3043 636 ὁμολογίας
3070 566 3377 637 memon;
3416 566 3573 636 Ὠμο-

1988 658 2224 728 λόγησαν
2242 657 2299 710 δὲ
2327 657 2400 717 τί,
2425 657 2457 726 ἢ
2480 657 2641 721 more;
2663 657 2947 710 Πιστεύειν
2973 659 3054 721 είς
3081 658 3299 729 Πατέρα
3325 659 3418 711 καὶ
3445 659 3575 712 Υίὸν

1988 751 2083 803 καὶ
2106 750 2261 817 ἅγιον
2288 748 2531 819 Πνεῦμα,
2562 751 2672 814 ὅτε,
2705 749 3103 819 ἀποταξάμενοι
3124 748 3204 819 τῷ
3221 750 3455 821 διαϐόλῳ
3476 753 3570 804 καὶ

1989 843 2103 903 τοῖς
2136 839 2391 908 ἀγγέλοις
2426 839 2614 904 αὑτοῦ,
2660 840 2760 911 τὴν
2805 843 3069 911 σωτήριον
3100 841 3317 910 ἐκείνην
3348 841 3572 910 ἀφῆκαν

1990 934 2191 997 φωνήν.
2236 926 2331 991 Τίς
2365 922 2457 981 οὖν
2490 928 2776 999 πρέπουσα
2805 928 3015 993 τούτοις
3049 929 3393 1000 προσηγορία
3424 931 3577 998 ποιρά

1988 1018 2098 1072 τῶν
2128 1020 2333 1072 τέκνων
2378 1018 2470 1072 τοῦ
2515 1020 2691 1089 φωτὸς
2732 1020 3030 1092 ἑξευρέθη;
3079 1021 3213 1091 Οὐχὶ
3262 1020 3578 1091 παραϐάται

1990 1108 2510 1181 προσαγορεύονται,
2553 1109 2630 1174 ὡς
2656 1112 2738 1174 είς
2769 1110 2869 1174 τάς
2900 1113 2999 1182 τῆς
3028 1114 3303 1183 σωτηρίας
3365 1100 3375 1111 κ
3474 1114 3575 1167 αὑ-

2006 1196 2114 1251 τῶν
2149 1199 2422 1270 συνθήκας
2459 1203 3041 1274 παρασπονδήσαντεςς
3086 1206 3151 1258 Τί
3187 1202 3281 1259 οὖν
3309 1207 3450 1262 εἴπω
3483 1209 3579 1261 τὸν

2005 1292 2359 1364 ἀρνησίθεον;
2399 1294 2453 1347 τί
2480 1294 2537 1348 δὲ
2575 1294 2667 1349 τὸν
2707 1297 3153 1368 ἀρνησίχριστονς
3194 1299 3260 1352 Τί
3289 1298 3417 1353 ἄλλο
3448 1316 3510 1368 γε
3541 1300 3575 1370 ἢ

2001 1388 2356 1461 παραϐάτην;
2403 1388 2495 1459 Τῷ
2525 1390 2581 1444 δὲ
2620 1390 2682 1444 τὸ
2710 1389 2935 1461 Πνεῦμα
2963 1392 3326 1463 ἀρνησαμένῳ
3355 1393 3479 1447 τίνα
3509 1410 3581 1463 με

2002 1480 2181 1550 βούλει
2211 1483 2583 1554 προσηγορίαν
2621 1481 2841 1547 Madet;
2876 1484 2950 1536 Ού
2994 1482 3092 1554 τὴν
3137 1481 3307 1554 αὐτὴν
3349 1483 3577 1554 ταύτην,

1999 1572 2076 1637 ὡς
2093 1572 2192 1637 τὰς
2215 1573 2351 1645 πρὸς
2371 1573 2503 1627 Θεὸν
2527 1572 2835 1646 παραϐάντι
2859 1574 3130 1645 συνθήκας
3147 1593 3161 1639 ;
3185 1576 3395 1630 Οὐκοῦν
3415 1577 3577 1629 ὁπότε

2001 1663 2096 1716 καὶ
2123 1665 2157 1733 ή
2188 1663 2449 1733 ὁμολογία
2488 1663 2591 1733 τῆς
2628 1665 2708 1728 είς
2743 1664 2877 1718 αὐτὸ
3072 1666 3307 1730 πίστεως
3346 1666 3438 1718 τὸν
3479 1667 3581 1736 τῆς

2001 1754 2279 1817 εὐσεϐείας
2332 1754 2680 1825 μακαρισμὸν
2732 1754 3000 1827 προξενεῖ,
3045 1757 3139 1810 καὶ
3181 1756 3473 1827 ήᾶρνησις
3512 1759 3579 1827 τῇ

322 1835 444 1890 fidei
496 1836 548 1890 in
609 1834 872 1906 Spiritum
916 1839 1187 1907 professio
1237 1839 1634 1895 beatitudinem
1682 1841 1896 1910 pietatis

2002 1843 2323 1913 κατακρίσει
2355 1844 2456 1914 τῆς
2487 1842 2780 1915 ἀθεότητος
2814 1844 3105 1898 ὑποϐάλλει
3127 1884 3142 1909 ,
3179 1844 3298 1909 πῶς
3328 1846 3388 1898 οὐ
3419 1846 3581 1914 φοϐε-

322 1929 480 1983 nobis
509 1928 796 1991 conciliet,
834 1941 888 1985 et
934 1931 1221 2001 abuegatio
1259 1932 1476 1986 crimini
1511 1931 1765 2003 abnegati
1804 1930 1900 1986 Dei

323 2020 486 2073 faciat
514 2021 816 2076 obnoxios:
852 2038 1056 2087 annon
1090 2023 1423 2079 horrendum
1440 2034 1525 2081 est
1545 2028 1723 2095 ipsum
1755 2040 1902 2081 nunc

320 2114 570 2182 rejicere,
594 2130 701 2168 non
728 2115 929 2184 ignem,
958 2131 1064 2171 non
1097 2115 1360 2187 gladium,
1385 2134 1495 2173 non
1522 2133 1767 2185 crucem,
1791 2134 1898 2174 non

320 2201 551 2272 ﬂagella,
586 2219 695 2258 non
736 2212 938 2269 rotam,
974 2220 1080 2259 non
1113 2213 1383 2262 tormenta
1412 2216 1758 2271 metuentes,
1804 2214 1899 2266 sed

320 2295 453 2351 solis
475 2295 908 2365 sophismatibus
934 2298 1460 2370 seductionibusque
1503 2301 1771 2366 istorum,
1805 2304 1897 2373 qui

322 2382 551 2453 Spiritui
595 2385 824 2443 rebelles
876 2398 1028 2455 sunt,
1071 2389 1374 2461 deceptos?
1408 2391 1698 2450 Testificor
1749 2397 1898 2449 omni

320 2476 526 2529 homini
554 2476 830 2531 Christum
864 2479 1171 2547 profitenti,
1204 2490 1259 2537 et
1293 2481 1458 2536 Deum
1483 2485 1729 2553 neganti,
1752 2487 1896 2553 quod

315 2566 572 2622 Christus
611 2568 743 2623 nihil
800 2568 874 2624 illi
918 2571 1198 2640 proderit;
1235 2582 1329 2626 aut
1375 2571 1544 2628 Deum
1595 2577 1891 2640 invocanti,

315 2655 510 2711 Filium
545 2675 674 2715 vero
707 2664 1013 2731 spernenti,
1045 2664 1191 2732 quod
1226 2664 1408 2720 inanis
1435 2673 1522 2721 est
1549 2665 1683 2722 ﬁdes
1726 2658 1893 2724 illius.

317 2746 451 2806 Item
485 2751 533 2805 ei
563 2751 656 2822 qui
701 2752 965 2822 Spiritum
1009 2755 1224 2824 rejicit,
1278 2756 1540 2812 testiﬁcor
1581 2759 1727 2827 quod
1766 2759 1898 2816 fides

318 2842 438 2907 ejus
469 2856 573 2910 qua
601 2842 889 2912 profitetur
922 2844 1137 2901 Patrem
1180 2855 1233 2903 et
1270 2846 1489 2911 Filium,
1534 2851 1715 2908 inanis
1749 2855 1854 2908 erit
1882 2873 1895 2907 :

317 2949 479 3001 quam
656 2952 760 2991 nec
786 2937 986 2993 habere
1021 2947 1201 3008 potest
1240 2940 1344 2995 nisi
1387 2940 1552 2997 simul
1584 2943 1728 2998 adsit
1778 2943 1899 3012 Spi-

320 3024 482 3079 ritus.
527 3024 646 3080 Non
681 3028 828 3083 enim
878 3029 1051 3083 credit
1082 3030 1134 3083 in
1175 3029 1402 3092 Filium,
1432 3034 1523 3102 qui
1576 3049 1683 3088 non
1726 3035 1898 3091 credit

320 3114 574 3187 Spiritui;
605 3135 704 3176 nec
726 3121 900 3175 credit
928 3122 983 3176 in
1013 3121 1249 3185 Patrem.
1274 3127 1366 3194 qui
1398 3142 1504 3180 non
1536 3127 1710 3182 credit
1740 3126 1896 3184 Filio.

322 3209 433 3264 Nec
462 3213 601 3267 enim
641 3224 809 3280 potest
848 3216 1019 3271 dicere
1047 3215 1333 3271 Dominum
1345 3217 1551 3284 Iesum,
1572 3221 1676 3274 nisi
1701 3222 1753 3274 in
1784 3219 1902 3288 Spi-

318 3305 425 3354 ritu
449 3312 631 3356 sanrto
659 3305 672 3335 ¹
699 3312 801 3369 ;ct,
823 3304 986 3360 Deum
1018 3324 1167 3361 nemo
1191 3310 1317 3364 vidit
1334 3327 1586 3381 unquam,
1607 3312 1698 3366 sed
1720 3314 1900 3383 unige-

320 3392 463 3444 nitus
503 3391 700 3458 Filius,
733 3396 918 3463 quiest
959 3399 1010 3451 in
1044 3400 1164 3453 sinu
1190 3400 1399 3466 Patris,
1429 3402 1511 3456 hic
1552 3404 1702 3458 nobis
1742 3421 1898 3459 enar-

319 3482 455 3535 ravit
512 3482 557 3536 ⁸.
589 3482 815 3554 Insuper
855 3489 979 3542 talis
1014 3505 1209 3558 expers
1248 3499 1333 3547 est
1373 3508 1513 3547 verae
1542 3492 1896 3554 adorationis.

316 3570 505 3645 Neque
533 3576 676 3631 enim
710 3576 825 3634 fieri
858 3590 1056 3650 potest,
1093 3591 1151 3635 ut
1182 3584 1303 3653 quis
1335 3581 1531 3639 Filium
1558 3584 1768 3649 adoret,
1792 3585 1898 3641 nisi

318 3666 373 3719 in
407 3665 611 3736 Spiritu
648 3679 873 3735 sancto,
914 3685 1005 3728 aut
1049 3683 1105 3728 ut
1141 3673 1359 3730 Patrem
1406 3676 1655 3743 invocet,
1703 3678 1809 3734 nisi
1846 3677 1899 3732 in

317 3757 630 3831 adoptionis
658 3761 884 3835 Spiritu.
1172 3770 1175 3775 ’

323 3975 574 4042 Ejusdem
606 3979 857 4058 adversus
893 3992 980 4031 eos
1008 3978 1097 4058 qui
1123 3978 1304 4058 dicunt
1331 3977 1578 4058 .sufécere
1600 3976 1894 4058 ,ρπριὶσηιπ

542 4059 746 4102 tentant
778 4050 832 4102 in
889 4044 1100 4101 nomine
1129 4044 1363 4100 Domini.
1402 4044 1557 4115 'Cap.
1592 4045 1681 4099 12.

398 4160 679 4214 Neminem
732 4172 863 4213 vero
925 4159 978 4212 in
1012 4158 1259 4212 fraudem
1282 4159 1505 4213 inducat
1556 4157 1688 4212 illud
1752 4158 1898 4227 Apo~

325 4254 477 4315 stoti,
510 4255 655 4320 quod
679 4251 857 4306 Patris
879 4260 934 4305 et
968 4250 1205 4320 Spiritus
1221 4252 1395 4305 sancti
1428 4264 1626 4304 nomen
1683 4250 1739 4304 in
1804 4252 1898 4304 ha-

326 4346 529 4413 ptirmo
567 4343 1144 4397 commemorationem
1196 4342 1506 4411 frequenter
1540 4343 1776 4397 omittit:
1810 4359 1902 4397 ne-

326 4451 438 4504 que
466 4435 585 4488 ideo
616 4441 763 4502 putet
790 4430 1184 4487 iuditl‘ereutem
1213 4447 1334 4488 esse
1364 4433 1643 4487 nominum
1684 4435 1904 4488 invoca-

2005 1936 2096 2006 ρὸν
2122 1935 2281 1990 τοῦτο
2451 1935 2545 1990 νῦν
2582 1936 2870 2005 ἀθετῆσαι,
2912 1938 2974 1989 ού
3019 1937 3151 2008 πῦρ,
3196 1938 3257 1991 ού
3301 1937 3474 2007 ξίφος,
3516 1937 3584 1989 οὐ

2004 2029 2256 2098 σταυρὸν,
2286 2029 2349 2081 ού
2384 2030 2674 2100 μάστιγας,
2710 2030 2773 2081 ού
2803 2029 3016 2100 τροχὸν,
3054 2031 3115 2082 ού
3165 2028 3579 2100 στρεϐλωτήρια

2003 2121 2357 2192 φοϐηθέντας,
2387 2120 2521 2175 ἀλλὰ
2556 2120 2854 2191 σοφίσμασι
2887 2121 3070 2193 μόνοις
3099 2122 3191 2175 καὶ
3221 2124 3581 2192 παραγωγαῖς

2002 2213 2109 2266 τῶν
2134 2213 2604 2285 πνευματομάχων
2634 2212 3184 2283 παρακρουσθένταςς
3213 2211 3578 2283 Μαρτύρομαι

2004 2305 2168 2359 παντὶ
2206 2303 2476 2376 ἀνθρώπῳ
2507 2303 2859 2374 ὁμολογοῦντι
2888 2304 3145 2374 Χριστὸν,
3191 2303 3283 2357 καὶ
3322 2302 3413 2355 τὸν
3445 2301 3582 2354 Θεὸν

2001 2393 2341 2465 ἀρνουμένῳ,
2388 2394 2471 2446 ὅτι
2518 2392 2752 2464 Χριστὸς
2796 2393 2956 2447 αὑτὸν
3008 2392 3162 2447 οὐδὲν
3205 2393 3494 2463 ὠφελήσει·
3543 2393 3580 2459 ἢ

2002 2485 2134 2537 Θεὸν
2171 2483 2603 2555 ἐπικαλουμένῳ,
2638 2484 2729 2538 τὸν
2767 2484 2823 2537 δὲ
2868 2484 2994 2537 Υίὸν
3163 2483 3464 2545 ἁθετοῦντι,
3495 2485 3580 2536 ὅτι

2003 2579 2207 2648 ματαία
2247 2579 2398 2631 ἐστὶν
2443 2580 2476 2649 ή
2527 2578 2709 2641 πίστις
2751 2577 2937 2630 αὑτοῦ·
2986 2578 3082 2630 καὶ
3127 2575 3204 2646 τῷ
3244 2576 3306 2629 τὸ
3355 2575 3579 2646 Πνεῦμα

2001 2670 2442 2741 παραιτουμένῳ,
2469 2671 2550 2722 ὅτι
2583 2672 2615 2740 ή
2646 2670 2725 2733 είς
2757 2668 2974 2738 Πατέρα
3001 2668 3095 2721 καὶ
3120 2667 3247 2721 Υἱδν
3271 2668 3454 2731 πίστις
3482 2669 3582 2719 αὐ-

2000 2762 2079 2832 τῷ
2110 2765 2191 2826 είς
2223 2762 2376 2816 κενὸν
2405 2761 2761 2831 ἀποϐήσεται,
2802 2761 2871 2829 ἣν
2900 2758 3019 2813 οὐδὲ
3044 2758 3188 2828 ἔχειν
3221 2756 3463 2819 δύναται,
3503 2759 3580 2827 μὴ

2002 2860 2379 2931 συμπαρόντος
2419 2858 2512 2910 τοῦ
2558 2856 2894 2925 Πνεύματοε.
2938 2854 3015 2906 Οὐ
3059 2852 3302 2906 πιστεύει
3344 2851 3442 2923 μὲν
3467 2851 3579 2921 γὰρ

2001 2956 2081 3014 είς
2115 2951 2243 3005 Υίὸν
2270 2953 2298 3004 6
2326 2950 2399 3020 μὴ
2433 2950 2700 3002 πιστεύων
2731 2946 2806 3017 τῷ
2837 2945 3135 3016 ῐῐνεύματι·
3164 2946 3222 2999 οὐ
3256 2944 3501 2998 πιστεύει
3521 2946 3580 2997 δὲ

2001 3042 2081 3101 είς
2116 3039 2333 3109 Πατέρα
2372 3041 2400 3091 6
2436 3040 2509 3109 μὴ
2538 3038 2836 3100 πιστεύσας
3008 3035 3088 3107 τῷ
3117 3035 3249 3105 Υἱῷ.
3290 3036 3439 3087 υῦτε
3468 3033 3580 3102 γὰρ

2000 3130 2247 3183 δύναται
2276 3128 2467 3182 εἰπεῖν
2492 3129 2712 3195 Κύριοι·
2748 3126 2985 3193 Ἰησοῦν
3003 3128 3056 3179 εί
3077 3124 3161 3194 μὴ
3188 3124 3257 3176 ἐν
3281 3124 3579 3191 Πνεύιιατι

2001 3220 2164 3291 ἁγίῳ·
2198 3221 2314 3283 καὶ,
2370 3218 2519 3273 Θεὸν
2548 3218 2750 3283 οὐδεὶς
2788 3216 3011 3284 ἑώρακε
3064 3216 3316 3279 πώποτε,
3369 3214 3506 3268 ἀλλ’
3548 3216 3582 3266 ὀ

1998 3312 2334 3382 μονογενὴς
2373 3312 2526 3376 mc.
2574 3314 2605 3363 ό
2632 3308 2717 3363 ὢν
2743 3311 2813 3362 ἐν
2842 3309 2969 3375 τοῖς
3018 3309 3270 3373 κόλποις
3301 3307 3408 3361 τοῦ
3461 3308 3581 3359 Παη

2002 3404 2161 3472 ατρὸς.
2201 3392 2381 3467 οὗτος
2424 3402 2568 3472 ἡμῖν
2751 3400 3112 3469 ἐξηγήσατο.
3159 3398 3418 3467 Ἀμοιρὸς
3466 3398 3583 3449 ἐστι

2004 3493 2218 3564 καὶτῆς
2240 3493 2499 3564 ἀληθινῆς
2525 3492 2947 3562 προσκυνήσεως
2974 3492 3003 3542 6
3022 3489 3279 3551 τοιοῦτος.
3310 3486 3450 3539 υύτε
3472 3487 3587 3554 γὰρ

2007 3583 2133 3637 Υίὸν
2174 3582 2547 3653 προσκυνῆσαι
2585 3579 2809 3634 δυνατὸν
2841 3579 2890 3631 εί
2933 3578 3006 3648 μὴ
3206 3581 3263 3628 ὲν
3303 3575 3585 3645 Πνεύματι

2004 3677 2166 3746 ἁγίῳ,
2193 3674 2314 3728 οὔτε
2345 3672 2772 3728 ἐπικαλέσασθαι
2805 3672 3032 3725 δυνατὸν
3059 3670 3147 3722 τὸν
3180 3670 3397 3743 Πατέρα
3420 3670 3469 3722 εί
3507 3668 3583 3738 μὴ

2006 3772 2062 3822 ἐν
2088 3768 2164 3836 τῷ
2190 3768 2285 3837 τῆς
2310 3753 2579 3827 υἱοθεσίας
2614 3766 2906 3835 Πνεύματι.

2007 3946 2123 4002 Τοῦ
2139 3947 2328 4004 αὐτοῦ
2352 3949 2498 4014 πρὸς
2535 3946 2678 4011 τοὺς
2698 3946 2990 4017 λέγοντος
3011 3945 3288 4013 ἐξαρκεῖν
3304 3944 3423 4017 *καὶ
3452 3946 3583 4017 με’·

2078 4034 2186 4072 νον
2224 4019 2389 4078 τὸείς
2421 4018 2526 4071 τὸν
2546 4017 2764 4085 Κύριον
2782 4014 3127 4085 βάπτισμα.
3161 4014 3385 4084 ιίεφάυι.
3410 4014 3510 4078 ιβ’.

2074 4134 2179 4188 Καὶ
2216 4131 2420 4202 μηδένα
2470 4129 2913 4201 παρακρούεσθω
2950 4130 3012 4184 τὸ
3067 4129 3164 4184 τοῦ
3224 4128 3580 4191 Ἀποστὸλου,

2005 4223 2081 4286 ὡς
2119 4223 2177 4276 τὸ
2206 4223 2381 4290 ι5νομ.α
2430 4220 2523 4274 τοῦ
2567 4221 2781 4289 Πατρδς
2831 4221 3055 4275 καὶτοῦ
3103 4222 3264 4290 ἁγίου
3329 4222 3583 4283 Πνεῦμα-

2011 4332 2104 4379 τος
2150 4315 2249 4370 ἐπὶ
2302 4313 2406 4382 τῆς
2448 4313 2544 4367 τοῦ
2602 4314 2986 4386 βαπτίσματος
3051 4316 3274 4387 μνήμης
3319 4315 3585 4375 πολλάκις

2011 4408 2545 4478 παραλιμπάνοντος,
2629 4406 2765 4479 μηδι
2813 4408 2904 4463 διὰ
2965 4407 3127 4462 τοῦτο
3151 4410 3586 4478 ἀπαρατήρητςν

329 4527 622 4583 cntionem.
666 4522 999 4595 Quicunque,
1036 4523 1227 4594 inquit.
1258 4527 1311 4579 iu
1345 4525 1611 4580 Christum
1640 4527 1896 4595 baptizati

2003 4501 2201 4555 οἰέσθω
2247 4501 2345 4570 τήν
2375 4502 2668 4571 ἐπίκλησιν
2706 4497 2851 4554 εἶναι
2881 4500 2989 4553 τῶν
3041 4502 3347 4568 ὀνομάτων.
3387 4501 3579 4556 Ὅσοι.

326 4620 471 4683 estis,
505 4616 778 4672 Christum
810 4617 1062 4671 induistis
1095 4618 1152 4683 ³;
1203 4631 1257 4673 et
1310 4632 1503 4672 rursus
1538 4635 1552 4670 :
1592 4617 1901 4688 Quicunque

326 4714 380 4765 in
409 4711 620 4765 Christo
642 4709 903 4779 baptizati
933 4712 1083 4776 estis,
1115 4711 1172 4764 in
1196 4723 1417 4765 mortem
1442 4711 1587 4764 illius
1644 4711 1902 4780 baptizati

323 4805 448 4857 estis
475 4804 520 4858 ⁵.
542 4803 676 4858 Nam
707 4804 909 4859 Christi
932 4802 1248 4873 appellatio,
1291 4805 1457 4859 torius
1483 4815 1566 4857 est
1602 4802 1901 4871 professio:

326 4896 563 4950 declarat
599 4896 868 4966 siquidem
899 4905 953 4950 ct
986 4895 1156 4951 Deum
1190 4897 1280 4964 qui
1308 4897 1556 4957 unsit,ct
1587 4893 1782 4950 Filium
1801 4895 1895 4964 qui

328 4996 526 5043 unctus
553 4996 657 5051 est,
689 4996 744 5042 et
785 4985 1051 5057 Spiritum
1100 4996 1349 5045 sanctum
1388 4986 1481 5055 qui
1535 4994 1621 5039 est
1666 4986 1894 5041 unctio:

322 5077 783 5145 quemadmodum
807 5093 837 5132 a
862 5077 1024 5133 Petro
1058 5079 1111 5133 in
1178 5080 1330 5133 Actis
1378 5076 1689 5143 didicimus,
1713 5075 1895 5131 Iesum

321 5170 688 5233 Nazarenam,
712 5185 862 5231 quem
885 5171 1038 5223 unxit
1069 5171 1205 5224 Deus
1237 5168 1439 5239 Spiritu
1477 5179 1662 5223 sancto
1686 5169 1728 5225 ⁸.
1767 5166 1897 5222 Item

319 5259 372 5312 in
404 5259 563 5321 Isaia,
594 5258 832 5325 Spiritus
878 5259 1091 5313 Domini
1123 5274 1281 5327 super
1328 5275 1429 5320 me,
1459 5275 1518 5311 eo
1548 5259 1688 5328 quod
1739 5260 1893 5313 unxit

322 5353 440 5406 »ηδ’
468 5371 481 5405 :
514 5363 570 5407 et
604 5352 908 5407 Psaltnicus
948 5350 1040 5404 ille
1077 5359 1303 5416 cantor;
1339 5352 1623 5420 Propterea
1654 5352 1806 5405 unxit
1845 5362 1894 5404 te

325 5444 459 5498 Deus
492 5445 772 5499 Deustuus
823 5445 937 5499 oleo
974 5443 1346 5499 exsultatiouis
1404 5461 1514 5513 pro:
1569 5446 1898 5501 consortibus

324 5540 428 5593 tuis
459 5541 500 5593 ".
538 5538 765 5593 Videtur
815 5550 993 5594 tamen
1058 5539 1328 5594 interdum
1383 5540 1671 5610 Apostolus
1733 5542 1894 5595 etiam

437 5743 512 5819 ‘_l
565 5743 696 5797 Cor.
739 5762 841 5819 itu,
894 5748 948 5803 ὅ.
1025 5749 1044 5778 ¹
1084 5748 1242 5805 Joan.
1277 5763 1316 5815 I,
1367 5749 1451 5804 l8.
1530 5750 1548 5782 ⁸
1584 5748 1703 5806 Gal.
1758 5765 1838 5819 ιιι,
1876 5751 1896 5805 Ξ

2045 5749 2065 5779 ⁸·
2123 5747 2279 5802 Boni.
2350 5761 2422 5810 τι,
2475 5744 2530 5800 '5.

321 5811 340 5839 ’
376 5814 508 5867 Psat.
557 5827 699 5875 κων,
733 5817 783 5868 8.

1999 4598 2188 4666 φησὶν,
2219 4598 2308 4661 εις
2335 4596 2593 4664 Χριστὸν
2611 4594 3035 4659 ἐϐαπτίσθητε,
3059 4588 3324 4661 Χριστόν
3369 4591 3579 4645 ἐνεδύ-

2000 4688 2216 4741 σασθε·
2278 4687 2375 4738 καὶ
2430 4685 2612 4737 πάλιν·
2667 4685 2841 4739 Ὅσοι
2873 4688 2961 4750 εἰς
3019 4684 3285 4751 Χριστὸν
3336 4682 3581 4737 ἐϐαπτί-

2003 4782 2121 4846 σθη
2130 4794 2214 4842 τε,
2229 4778 2316 4840 εἰς
2334 4774 2440 4828 τὸν
2462 4773 2924 4829 θάνατυναὺτοῦ
2941 4775 3273 4841 ἐϐαπτίσθη
3283 4789 3363 4827 τε.
3381 4772 3446 4824 Ἢ
3463 4771 3574 4840 γὰρ

2004 4890 2097 4943 τοῦ
2127 4885 2366 4956 Χριστοῦ
2389 4887 2733 4958 προσηγορία
2764 4886 2855 4941 τοῦ
2888 4887 3090 4950 παντός
3117 4888 3267 4940 ἐστιν
3289 4884 3577 4958 ὁμολογία·

2003 4982 2158 5050 δηλοῖ
2185 4979 2296 5049 γὰρ
2324 4979 2417 5033 τόν
2448 4995 2507 5031 τε
2538 4979 2802 5051 χρίσαντα
2826 4978 2981 5044 Θεὸν,
3030 4979 3127 5033 καὶ
3170 4978 3262 5032 τὸν
3288 4978 3584 5049 χρισθέντα

2005 5072 2157 5139 Υίδν,
2199 5074 2293 5127 καὶ
2323 5070 2383 5126 τὸ
2414 5073 2624 5142 χρίσμα
2644 5072 2705 5124 τὸ
2727 5071 2976 5140 Πνεῦμα,
3002 5071 3078 5136 ὡς
3111 5071 3264 5140 παρά
3288 5071 3499 5140 Πέτρου
3528 5075 3585 5123 ἐν

2002 5170 2123 5231 ταῖς
2157 5165 2394 5236 Πράξεσι
2422 5166 2844 5237 μεμαθήκαμεν,
2864 5166 3119 5233 Ἰησοῦν
3155 5165 3261 5221 τὸν
3310 5164 3431 5220 ἀπὸ
3461 5167 3580 5219 Να-

2003 5258 2194 5327 ζαρὲτ,
2259 5256 2329 5311 ὃν
2375 5259 2624 5327 ἔχρισεν
2699 5260 2731 5311 ό
2789 5257 2935 5322 Θεὸς
2997 5256 3076 5321 τῷ
3149 5257 3450 5325 Πνεύματι
3505 5252 3584 5318 τῷ

2002 5354 2167 5417 ἁγίῳ·
2205 5354 2297 5405 καὶ
2329 5354 2384 5403 ἐν
2413 5351 2491 5421 τῷ
2522 5348 2740 5419 Ἠσαίᾳ,
2802 5350 3044 5419 Πνεῦμα
3079 5352 3303 5419 Κυρίου
3337 5349 3431 5401 ἐπ’
3452 5346 3581 5417 ἐμὲ,

2005 5443 2079 5502 οὗ
2101 5447 2333 5500 εἵνεκεν
2353 5444 2563 5515 ἕχρισέ
2582 5460 2678 5515 με·
2713 5444 2805 5496 καὶ
2842 5444 2870 5498 6
2902 5442 3229 5513 Ψαλμῳδός·
3266 5442 3370 5497 Διὰ
3408 5443 3583 5495 τοῦτο

2006 5537 2213 5607 ἔχρισέ
2271 5554 2345 5591 σε
2419 5540 2450 5591 ό
2506 5538 2650 5603 Θει¹ς
2684 5553 2817 5603 ,σου
2895 5533 3105 5591 ἔλαιον
3161 5533 3583 5605 ἀγαλλιάσεως

2626 5746 2647 5778 ⁸
2703 5745 2823 5799 Act.
2864 5760 2918 5815 ι,
2978 5742 3068 5800 38.
3146 5743 3167 5775 ⁶
3223 5744 3301 5798 lsa
3345 5757 3454 5806 ιτι,
3530 5738 3579 5793 ί.
