4064 6386
432 318 537 380 749

1366 323 1736 385 PANOPLIA
1784 327 2242 388 DOGMA'ilCA.
2277 327 2495 387 -ΤΙΤ
2556 327 2690 390 ΧΠ.

3581 338 3685 396 ’ῑῖιο

433 441 592 511 παρὰ
604 443 742 511 τοὺς
749 447 1041 517 μετόχους
1053 453 1348 507 σου.Φαίνε
1357 473 1442 510 ται
1461 458 1661 530 μέντοι[
1681 462 1735 513 Ἀ
1744 462 2006 528 πόπολός

2123 461 2294 517 solius
2344 459 2584 530 Spiritus
2633 458 2828 514 fecisse
2866 459 3196 514 mentionem
3251 460 3304 512 in
3341 459 3686 528 baptismate.

437 549 567 586 ποτε
599 535 689 587 καὶ
728 537 889 605 μόνον
920 540 1011 592 τοῦ
1058 542 1374 613 Πνεύματος
1403 550 1494 600 ἐπὶ
1518 549 1610 601 τοῦ
1643 535 2020 623 βαπτίσματος

439 625 836 714 μνημονεύσας.
882 629 1106 696 Πάντες
1161 635 1288 705 γὰρ,
1319 637 1502 708 φησιν,
1548 641 1617 693 ἐν
1652 642 1741 696 ἑνὶ
1789 644 2018 714 σώματι

438 715 524 778 εὶς
555 713 623 766 ἓν·
650 717 893 786 Πνεῦμα
929 721 1394 795 ἐϐαπτίσθημεν.
1443 730 1734 800 Συμφωνεῖ
1758 733 1814 787 δὲ
1843 713 2020 807 τούτῳ

433 803 533 896 aut
570 805 650 868 τὸ,
714 806 910 875 Ἴζιιεῖς
949 811 1017 864 δὲ
1054 814 1558 886 ,βαπτισθήσεσθε
1613 824 1682 876 ἐν
1720 803 2018 896 Πνεύματι

435 894 579 961 ἁγίῳ
599 909 611 921 ·
651 896 745 948 καὶ
782 898 863 960 τὸ,
893 902 1088 967 Αὐτὸς
1111 900 1277 972 ’ὑμᾶς
1303 908 1592 970 βαπτίσει
1621 913 1692 966 ἐν
1719 894 2015 986 Πνεύξιιατι

434 987 597 1055 ἁγίῳ.
635 989 776 1041 Ἀλλ’
804 991 864 1043 οὐ
897 992 1049 1063 παρὰ
1076 995 1234 1049 τοῦτο
1272 999 1474 1052 τέλειον
1504 1001 1567 1055 ἄν
1595 1021 1679 1067 τις
1873 1009 2014 1061 είποι

436 1077 739 1149 βάπτισμα,
779 1074 824 1148 ᾧ
861 1083 1019 1152 μόνον
1067 1087 1128 1138 τὸ
1175 1086 1345 1159 ὄνομα
1387 1091 1486 1144 τοῦ
1538 1095 1855 1167 Πνεύματος
1914 1103 2014 1155 ὲπ-

435 1170 661 1262 εκληθη.
699 1173 819 1244 Χρὴ
838 1174 946 1246 γὰρ
974 1177 1326 1248 ἀπαράϐατον
1360 1183 1540 1253 μένειν
1571 1187 1657 1240 ἀεὶ
1827 1193 1926 1262 τὴν
1957 1195 2012 1246 ἐν

433 1263 499 1354 τῇ
546 1260 797 1335 ζωοποιῷ
855 1267 1036 1337 χάριτι
1093 1269 1383 1344 δεδομένην
1433 1277 1750 1348 παράδοσιν.
1797 1282 1854 1335 Ὀ
1883 1260 2012 1354 -γάρ

430 1349 848 1424 λυτρωσάμενος
885 1358 949 1409 ἐκ
981 1357 1188 1430 φθορᾶς
1223 1361 1322 1432 τὴν
1351 1364 1496 1436 ζωὴν
1538 1368 1694 1439 ἡμῶν
1726 1369 1889 1424 ἔδωκε
1916 1349 2009 1426 δύξ

431 1460 593 1513 ναμιν
626 1448 759 1516 ἡμῖν
787 1448 1226 1515 ἀνακαινώσεως,
1265 1454 1502 1526 ἄρρητον
1533 1459 1632 1528 μὲν
1661 1458 1886 1530 ἔχουσαν
1913 1464 2008 1534 τὴν

2129 553 2320 608 Omnes
2343 553 2511 619 enim,
2545 551 2748 622 inquit,
2786 553 2839 605 in
2870 567 2972 605 uno
2999 567 3214 619 corpore
3235 553 3289 605 in
3320 568 3480 604 unum
3517 552 3687 619 8ρὶιῆ⁴

2125 653 2232 697 tum
2262 644 2521 711 baptizati
2551 643 2792 696 sumus‘.
2830 641 2926 696 llis
2969 649 3022 696 et
3069 641 3200 695 illud
3249 649 3535 705 consonat,
3591 641 3689 695 l'os

2119 743 2291 788 autem
2350 733 2756 803 baptizabimini
2799 735 2854 787 in
2905 734 3106 802 Spiritu
3157 735 3407 799 sancto‘;
3454 741 3526 797 et,
3569 733 3691 803 Ipse

2119 843 2205 880 vos
2245 825 2528 894 baptizabit
2556 826 2608 878 iu
2648 823 2849 893 Spiritu
2877 833 3059 878 sancto
3082 825 3120 876 ³.
3152 825 3219 876 At
3262 839 3367 876 non
3407 823 3531 876 ideo
3567 823 3691 891 quis

2117 915 2317 968 dixerit
2350 914 2651 983 perfectum
2683 929 2807 968 esse
2833 913 3124 983 baptisma,
3159 914 3211 966 in
3241 929 3348 982 quo
3366 914 3542 966 solum
3569 913 3691 981 Spi-

2118 999 2256 1052 ritus
2291 1014 2490 1052 nomen
2518 999 2838 1051 invocatum
2860 1006 2963 1051 est.
3002 997 3224 1066 Oportet
3272 997 3417 1051 enim
3459 997 3691 1049 inviola-

2116 1091 2277 1145 bilem
2307 1105 2522 1160 semp‘er
2550 1104 2774 1144 manere
2812 1087 3181 1152 traditionem,
3232 1103 3352 1158 qua:
3388 1089 3441 1141 in
3473 1087 3686 1140 vivilira

2117 1182 2288 1252 gratia
2321 1182 2446 1235 data
2477 1188 2580 1235 est.
2613 1179 2748 1234 Nam
2779 1179 2945 1234 vitam
2974 1189 3217 1233 nostram
3248 1179 3313 1232 de
3337 1179 3688 1246 corruptione

2117 1273 2212 1342 qui
2247 1273 2518 1334 liberavit,
2549 1279 2879 1342 potestatem
2904 1271 3060 1326 nobis
3097 1271 3462 1324 renovatiouis
3496 1270 3682 1324 dedit:

2117 1378 2238 1433 quae
2268 1371 2508 1432 petestas
2543 1378 2768 1418 causam
2803 1363 2967 1416 habet
2995 1362 3347 1424 inellabilem,
3383 1371 3436 1417 et
3470 1363 3523 1416 in
3566 1377 3685 1432 my-

2116 1453 2284 1508 sterio
2322 1454 2684 1518 reconditam,
2736 1453 2831 1507 sed
2862 1467 3111 1523 magnam
3143 1453 3427 1508 animabus
3452 1454 3684 1507 salutem

429 1536 606 1590 αἰτίαν
657 1538 752 1591 καὶ
803 1540 861 1593 ἐν
893 1544 1176 1614 μυστηρίῳ
1224 1548 1613 1620 κατεχομένην,
1668 1551 1908 1622 μεγάλην
1955 1555 2006 1607 δὲ

2116 1546 2516 1609 conferentem,
2546 1553 2607 1600 ut
2649 1545 2945 1614 quidquam
3005 1543 3204 1599 addere
3259 1553 3352 1598 aut
3399 1544 3687 1598 detrahere

427 1627 547 1688 ταῖς
580 1626 780 1697 ψυχαῖς
813 1628 908 1701 τὴν
940 1633 1212 1704 σωτηρίαν
1241 1636 1530 1708 φέρουσαν
1562 1640 1701 1694 ὥστε
1742 1643 1803 1695 τὸ
1845 1662 2013 1716 προσ-

429 1715 598 1769 θεῖναί
626 1735 677 1770 τι
734 1719 766 1789 ἢ
825 1721 1043 1790 ἀφελεῖν
1078 1723 1222 1794 ζωῆς
1257 1728 1373 1780 ἐστι
1405 1729 1504 1798 τῆς
1530 1731 1697 1784 ἀϊδίου
1733 1715 2013 1806 προδήλως

426 1807 718 1873 ἑκπτωσις.
753 1811 815 1863 Εἰ
860 1813 1038 1866 τοίνυν
1084 1815 1142 1867 ἐν
1179 1815 1258 1886 τῷ
1293 1816 1635 1890 βαπτίσματι
1679 1825 1707 1875 ὀ
1736 1827 2013 1896 χωρισμὸς

425 1897 520 1951 τοῦ
550 1899 866 1971 Πνεύματος
891 1904 998 1956 ἀπὸ
1024 1905 1240 1977 Πατρὸς
1267 1908 1360 1960 καὶ
1386 1908 1516 1962 Υίοῦ
1545 1912 1881 1977 ἐπικίνδυνος
1912 1917 2011 1985 μὲν

425 1990 504 2061 τῷ
534 1990 870 2060 βαπτίζοντι,
903 1995 1186 2068 ἀνωφελὴς
1209 1998 1266 2051 δὲ
1297 1998 1376 2070 τῷ
1409 2001 1702 2073 δεχομένῳ,
1738 2003 1855 2068 πῶς
1876 2009 2010 2076 ἡμῖν

425 2082 666 2152 ἀσφαλὲς
714 2084 823 2137 ἀπὸ
853 2085 1066 2156 Πατρδς
1099 2088 1359 2166 καὶλΥίοῦ
1388 2089 1619 2162 διασπᾷν
1645 2094 1704 2146 τὸ
1750 2095 2006 2166 Πνεῦμας

427 2173 618 2236 ιῐίστις
647 2173 704 2226 δὲ
750 2175 845 2228 καὶ
890 2175 1175 2248 βάπτισμα
1201 2161 1310 2232 δύο
1340 2179 1529 2252 τρόποι
1565 2161 1665 2253 τῆς
1715 2161 2007 2257 σωτηρίας,

427 2267 694 2334 συμφυεῖς
742 2266 990 2337 ἀλλήλοις
1030 2269 1124 2321 καὶ
1159 2269 1472 2340 ἀδιαίρετοι.
1519 2274 1707 2338 Πίστις
1753 2277 1852 2346 μὲν
1901 2277 2008 2347 γὰρ

421 2353 722 2408 τελειοῦται
757 2355 845 2409 διὰ
883 2357 1281 2428 βαπτίσματος,
1315 2360 1598 2433 βάπτισμα
1638 2365 1693 2416 δὲ
1731 2365 2010 2436 θεμελιοῦ-

422 2462 514 2498 ται
686 2446 773 2500 διὰ
797 2449 898 2515 τῆς
931 2451 1186 2516 πίστεως,
1219 2452 1312 2504 καὶ
1335 2453 1423 2507 διὰ
1461 2455 1568 2508 τῶν
1600 2456 1780 2510 αὐτῶν
1812 2458 2010 2527 ὀνομά-

421 2553 532 2589 των
553 2536 788 2608 ἑκάτερα
819 2538 1144 2610 πληροῦται.
1193 2541 1280 2604 Ὠς
1301 2541 1410 2614 γὰρ
1441 2545 1768 2616 πιστεύομεν
1795 2549 1876 2611 είς
1898 2549 2010 2600 Πα-

421 2625 556 2697 τέρα
588 2628 682 2680 καὶ
713 2628 838 2681 Υἱὸν
871 2630 965 2682 καὶ
1007 2631 1159 2699 ἆγιον
1191 2633 1432 2704 Πνεῦμα,
1483 2634 1626 2696 οὕτω
1667 2639 1762 2690 καὶ
1809 2641 2008 2709 βαπτι-

416 2717 630 2788 ζόμεοα
659 2719 738 2780 εἰς
787 2719 847 2771 τὸ
869 2720 1038 2790 ὄνομα
1084 2721 1177 2774 τοῦ
1225 2724 1437 2794 Πατρὸς
1485 2727 1578 2779 καὶ
1615 2729 1708 2781 τοῦ
1751 2730 1880 2784 Υίοῦ
1915 2734 2008 2786 καὶ

420 2809 518 2861 τοῦ
555 2809 710 2877 ἁγίου
751 2811 1086 2881 Πνεύματος.
1127 2811 1228 2865 Καὶ
1265 2815 1497 2884 προάγει
1543 2817 1644 2886 μὲν
1676 2821 1709 2889 ἡ
1747 2820 2008 2890 ὁμολογία

424 2897 562 2969 πρὸς
595 2900 694 2970 τὴν
743 2899 1018 2970 σωτηρίαν
1068 2901 1401 2968 εἰσάγουσαο
1449 2907 1806 2960 ἐπακολουθεῖ
1841 2910 1898 2963 δὲ
1945 2912 2005 2964 τὸ

426 2987 707 3058 βάπτισμα
744 2988 1138 3060 ἐπισφραγίζον
1168 2990 1324 3060 ἡμῶν
1351 2991 1450 3063 τὴν
1481 2998 1898 3064 συγκατάθεσιν.

414 3086 616 3172 Λείας
643 3087 936 3172 ἀπα-δορις
961 3092 1057 3146 διὰ
1090 3093 1148 3145 τί
1185 3096 1240 3147 ol
1262 3095 1516 3172 ⁸ᾂγγιελοι
1540 3096 1722 3172 Παῖτρὶ
1752 3097 1848 3172 acui
1881 3095 1991 3162 ΥΙῷ

453 3161 615 3221 παρὰ
637 3161 714 3222 τῷ
733 3161 950 3229 Παύλῳ
962 3161 1590 3235 συμπαρελήᾷθησαν.
1610 3161 1835 3236 Κεφὰλ.
1858 3173 1947 3237 ιγ’.

501 3245 662 3301 ’Λλλὰ
694 3253 784 3304 καὶ
808 3252 992 3326 ἕτερα,
1062 3259 1221 3327 φησὶ,
1280 3257 1766 3328 συναριθμούμενα
1817 3257 1994 3325 Πατρὶ

417 3346 514 3400 καὶ
551 3345 688 3417 Υίῷ,
721 3348 843 3420 οὐχι⁵
865 3349 961 3405 καὶ
993 3350 1374 3416 συνδοξάζεται
1408 3351 1642 3416 πάντως.
1680 3354 1768 3417 Ὡς
1796 3356 1825 3408 ὁ
1854 3355 2003 3408 ’Λπό-

419 3433 608 3498 στολος
655 3437 922 3506 ἀγγέλους
958 3439 1429 3508 συμπαρελάϐετο,
1460 3442 1540 3503 εἰς
1579 3441 1674 3512 τὴν
1705 3442 2003 3514 διαμαρτυ-

421 3523 550 3594 ρίαν
712 3527 811 3596 τὴν
839 3527 932 3579 ἐπὶ
979 3528 1242 3598 Τιμοθέου
1289 3528 1489 3596 λέγων·
1540 3533 2004 3603 Διαμαρτύρομαι

417 3627 520 3666 σοι
563 3613 820 3668 ἐνώπιον
847 3616 951 3670 τοῦ
981 3618 1129 3672 Θεοῦ
1174 3619 1273 3672 καὶ
1317 3619 1579 3686 Χριστοῦ
1640 3621 1864 3689 Ἰησοῦ,
1901 3624 2000 3677 καὶ

417 3703 542 3758 τῶν
564 3704 869 3760 ἐκλεκτῶν
893 3707 1080 3761 αὐτοῦ
1099 3707 1371 3779 ἀγγέλων
1392 3725 1406 3740 ⁶
1432 3709 1525 3773 οὓς
1551 3709 1675 3764 οὔτε
1701 3711 2003 3783 ἀλλοτριοῦ-

421 3811 523 3864 μεν
572 3794 674 3865 τῆς
723 3795 916 3866 λοιπῆς
957 3797 1205 3862 κτίσεως,
1256 3797 1378 3850 οὔτε
1405 3800 1581 3870 Πατρὶ
1612 3801 1706 3853 καὶ
1736 3799 1851 3872 Υἱῷ
1882 3820 2009 3856 συν-κ

424 3884 680 3956 αριθμεῖν
708 3885 1028 3955 ἀνεχόμεθα.
1046 3886 1186 3955 Ἐγὼ
1203 3887 1280 3951 δὲ,
1304 3890 1350 3940 εί
1377 3890 1469 3941 καὶ
1494 3889 1763 3961 μηδεμιᾶς
1783 3891 2005 3962 ἀποκρί-

421 3993 559 4038 σεως
603 3975 751 4042 ἄξιος
798 3978 826 4029 ὁ
876 3977 1052 4046 λόγος,
1091 3977 1232 4032 οὕτω
1281 3979 1570 4051 πρόχειρον
1619 3982 1720 4054 τὴν
1774 3982 2003 4036 ἀτοπίαν

2112 1637 2274 1706 plane
2304 1635 2376 1691 sit
2420 1635 2490 1689 ab
2520 1643 2725 1690 aeterna
2785 1635 2895 1688 vita
2928 1634 3198 1688 excidere.
3245 1633 3478 1689 Proinde
3528 1635 3575 1688 si
3630 1635 3685 1688 in

2113 1726 2384 1795 baptismo
2431 1739 2687 1794 separare
2735 1724 2996 1794 Spiritum
3049 1738 3079 1776 a
3115 1725 3275 1776 Patre
3326 1731 3380 1776 et
3423 1721 3581 1785 Filio,
3629 1730 3688 1775 ut

2111 1813 2483 1883 periculosum
2513 1820 2599 1866 est
2655 1812 2972 1880 baptizanti,
3035 1811 3108 1864 ita
3159 1812 3486 1880 baptismum
3541 1811 3686 1862 act-L

2113 1905 2280 1973 pienli
2316 1904 2540 1969 inutile;
2573 1903 2848 1973 quomodo
2881 1902 3038 1956 nobis
3071 1911 3246 1955 tutum
3297 1901 3457 1955 fuerit
3499 1916 3528 1954 a
3576 1899 3681 1953 Pa-

2111 2006 2192 2050 tre
2232 2005 2285 2050 et
2320 1994 2457 2049 Filio
2503 1995 2810 2050 distrahere
2857 1992 3168 2064 Spiritum?
3215 1992 3374 2046 Fides
3407 2001 3588 2046 autem
3630 2001 3685 2047 et

2111 2085 2380 2154 baptisma
2433 2084 2544 2139 duo
2579 2093 2707 2138 sunt
2735 2085 2879 2139 modi
2915 2084 3171 2155 parandae
3196 2084 3413 2147 salutis,
3446 2084 3589 2140 inter
3623 2099 3685 2139 se

2110 2178 2326 2247 cognati
2359 2185 2405 2231 et
2453 2177 2867 2246 inseparabiles.
2913 2175 3048 2230 Nam
3083 2176 3215 2233 ﬁdes
3255 2175 3537 2246 perﬁcitur
3584 2190 3682 2245 per

2109 2271 2466 2340 baptismum,
2657 2270 2964 2339 baptismus
3019 2284 3147 2323 vero
3193 2268 3449 2322 fundatur
3481 2283 3576 2337 per
3623 2267 3684 2320 ti-

2115 2357 2260 2422 dem,
2293 2365 2346 2414 et
2377 2367 2607 2428 utraque
2641 2374 2730 2413 res
2763 2375 2859 2428 per
2877 2359 3070 2412 eadem
3133 2360 3352 2412 nomina
3404 2359 3680 2436 impletur.

2113 2450 2266 2506 Sicut
2298 2453 2444 2507 enim
2469 2451 2747 2507 credimus
2783 2453 2835 2505 in
2869 2451 3084 2505 Patrem
3122 2461 3176 2506 et
3209 2451 3404 2504 Filiqu
3449 2461 3505 2505 et
3551 2450 3676 2520 Spi-

2109 2543 2272 2598 ritum
2304 2552 2576 2608 sanctum,
2609 2543 2688 2598 sic
2709 2543 3132 2612 etbaptizamur
3161 2542 3213 2595 in
3249 2542 3473 2596 nomine
3494 2541 3678 2596 Patris

2107 2643 2162 2688 et
2193 2631 2315 2687 Filii
2343 2641 2396 2688 et
2428 2632 2666 2703 Spiritus
2698 2633 2897 2688 sancti.
2924 2633 3003 2685 Ac
3019 2631 3279 2700 praecedit
3305 2631 3523 2700 quidem
3550 2645 3680 2699 pro-

2109 2722 2276 2778 fessio
2308 2723 2374 2778 ad
2407 2724 2636 2777 salutem
2675 2722 2978 2792 perducens
3007 2739 3022 2782 ;
3069 2722 3321 2789 sequitur
3356 2728 3536 2775 autem
3583 2721 3681 2774 ba-

2109 2814 2308 2883 ptisma
2345 2815 2679 2884 consignatis
2712 2828 3000 2868 assensum
3031 2820 3303 2866 nostrum.

2101 3099 2282 3162 Quare
2304 3095 2444 3164 apud
2474 3093 2705 3147 Paulum
2727 3093 2898 3161 αηρείὶ
2925 3092 3220 3146 stmulcum
3254 3092 3414 3146 Patre
3455 3103 3500 3146 et
3535 3090 3677 3146 Filio

2555 3165 2941 3234 adjunguntur.
2979 3165 3109 3235 Cap.
3138 3164 3223 3218 i5-

2169 3260 2335 3329 Atqui
2391 3269 2444 3314 et
2501 3258 2606 3313 alio
2653 3265 2802 3321 sunt,
2864 3256 3136 3327 inquiunt,
3199 3271 3322 3326 qua:
3371 3255 3530 3310 simul
3576 3253 3680 3306 Pa-

2103 3343 2174 3398 tri
2209 3355 2262 3401 et
2298 3343 2439 3400 Filio
2465 3352 2924 3405 annumerantur,
2968 3358 3069 3398 nec
3101 3344 3580 3400 tamen.continuo
3606 3343 3678 3398 si-

2105 3433 2216 3486 mul
2241 3447 2368 3486 cum
2409 3433 2518 3487 illis
2557 3433 2953 3504 gloriﬁcantur.
2993 3431 3172 3488 Veluti
3207 3449 3331 3487 eum
3378 3433 3676 3502 Apostolus

2105 3526 2389 3580 obtestans
2425 3523 2798 3588 Timotheum,
2859 3526 3080 3594 angelos
3114 3526 3276 3580 simul
3314 3525 3554 3584 adducit.
3593 3526 3680 3580 di-

2105 3628 2238 3667 cens
2267 3631 2280 3666 :
2317 3611 2564 3667 Obtestor
2600 3622 2648 3667 te
2681 3613 2733 3666 in
2766 3615 3044 3682 conspectu
3076 3614 3190 3677 Dei,
3219 3623 3267 3668 et
3295 3615 3494 3669 Christi
3524 3612 3675 3672 Jesn.

2107 3713 2158 3757 et
2210 3703 2495 3756 electorum
2547 3701 2660 3772 ejus
2724 3703 3285 3773 angelorum‘:quos
3335 3712 3514 3758 tamen
3563 3721 3672 3759 non

2106 3793 2328 3849 minime
2357 3809 2676 3864 separamus
2703 3810 2733 3847 a
2761 3793 2987 3864 reliquis
3025 3795 3310 3858 creaturis,
3343 3810 3520 3864 neque
3550 3811 3678 3851 sus-

2105 3889 2343 3942 tinemus
2373 3901 2468 3941 eos
2516 3884 2662 3940 Patri
2690 3893 2744 3941 et
2776 3884 2914 3939 Filio
2946 3901 3329 3940 annumerare.
3372 3885 3483 3953 Ego
3523 3901 3676 3953 vero,

2109 3980 2325 4036 tametsi
2350 3979 2438 4034 hic
2481 3994 2664 4036 sermo
2713 3979 2861 4033 nulla
2909 3979 3108 4050 dignus
3157 3988 3240 4033 est
3289 3979 3675 4049 responsione,

422 4065 582 4136 ἔχων,
610 4067 757 4136 ὅμως
797 4069 976 4122 έκεῖνο
1017 4068 1180 4137 λέγω,
1211 4070 1292 4122 ὅτι
1329 4071 1581 4142 μάρτυρα
1610 4073 1710 4143 μὲν
1740 4073 1833 4126 καὶ
1871 4073 2002 4144 ὁμόο

2111 4079 2221 4125 tam
2243 4060 2616 4126 “manifestam
2665 4069 2963 4142 praeferens
3013 4069 3434 4135 absurditatem,
3493 4077 3674 4124 tamen

421 4154 601 4209 δουλον
643 4157 709 4211 ἄν
736 4175 819 4221 τις
854 4160 1013 4229 τυχὸν
1060 4163 1470 4230 παραστήσαιτο
1516 4165 1676 4235 πρᾴῳ
1709 4166 1866 4236 κριτῇ
1906 4165 2002 4218 xui.

423 4247 635 4318 ἡμέρῳ,
671 4249 762 4301 καὶ
787 4248 1020 4319 μάλιστα
1051 4249 1116 4320 δὴ
1145 4253 1202 4303 έν
1230 4254 1296 4322 τῇ
1329 4253 1463 4323 πρὸς
1490 4255 1613 4318 τοὺς
1650 4256 2002 4326 κρινομένους

424 4340 690 4412 ἐπιεικείᾳ
714 4341 774 4394 τὸ
799 4341 1187 4413 ἀναντίρρητον
1212 4344 1312 4413 τῆς
1347 4345 1454 4396 τῶν
1483 4347 1766 4416 χριμάτων
1797 4348 2000 4403 δικαιο-

426 4430 587 4502 σύνης
616 4431 996 4486 ἐπιδεικνύντι.
1042 4432 1355 4502 Ἐλεύθερος
1384 4433 1442 4486 δὲ
1481 4430 1620 4488 εἶναι
1651 4437 1758 4489 ἀπὸ
1785 4436 1996 4501 δούλου,

425 4522 516 4575 καὶ
540 4523 665 4586 Υἱὸς
693 4522 960 4594 κληθῆναι
992 4523 1148 4586 Θεοῦ,
1193 4523 1284 4578 καὶ⁴
1331 4524 1728 4595 ζωοποιηθῆναι
1769 4526 1878 4578 ἀπὸ
1907 4525 1999 4579 θα-

426 4613 603 4678 νάτου,
636 4617 763 4697 παρ’
799 4614 1010 4678 οὐδενὸς
1038 4615 1223 4686 ἐτέρου
1263 4615 1483 4669 δύναται
1513 4615 1546 4686 ἢ
1582 4616 1730 4686 παρά
1761 4616 1855 4669 τοῦ
1897 4620 1997 4689 τὴν

426 4703 564 4756 κατὰ
597 4704 756 4772 φύσιν
786 4704 1091 4776 οἰκειότητα
1113 4706 1470 4777 κεκτημένου,
1500 4707 1714 4778 καὶτῆς
1745 4707 1998 4778 δουλικῆς

428 4796 583 4861 ἀξιας
619 4798 1065 4869 ἀπηλλαγμένου.
1095 4797 1220 4860 Πῶς
1255 4796 1363 4868 γὰρ
1397 4795 1667 4850 οἰκειώσει
1695 4795 1811 4866 Θεῷ
1849 4797 1877 4849 ὁ
1907 4797 2002 4850 ἀλ-

429 4887 661 4960 λότριος;
714 4891 831 4953 πῶς
866 4890 922 4943 δὲ
971 4886 1342 4959 ἐλευθερώσει,
1390 4889 1551 4952 αὐτὸς
1591 4889 1771 4959 ἔνοχος
1815 4887 1890 4941 ὣν
1921 4887 2000 4960 τῷ

426 4977 572 5050 ζυγῷ
597 4981 694 5051 τῆς
721 4981 965 5045 δουλείας
988 4997 1002 5042 ;
1034 4979 1195 5031 Ὥστε
1220 4979 1319 5031 οὐκ
1345 4981 1427 5048 ἐφ’
1458 4979 1664 5049 ὁμοίοις
1831 4980 2000 5034 Πνεῦ-

429 5072 594 5139 ματός
655 5075 774 5126 ἐστι
833 5074 928 5126 καὶ
981 5070 1230 5140 ἀγγέλων
1277 5072 1310 5140 ἡ
1357 5073 1564 5142 μνήμη,
1613 5072 1747 5125 ἀλλὰ
1797 5074 1856 5126 τὸ
1900 5076 1999 5145 μὲν

425 5162 664 5232 Πνεῦμα,
706 5161 784 5227 ὡς
837 5163 988 5233 ζωῆς
1033 5162 1242 5235 κύριον,
1274 5163 1321 5213 οἱ
1353 5161 1398 5214 δ’
1430 5161 1651 5230 ἄγγελοι
1690 5164 1764 5225 ὡς
1816 5163 1997 5233 βοηθοὶ

423 5255 527 5310 τῶν
567 5255 897 5326 ὁμοδούλων,
943 5256 1036 5308 καὶ
1078 5254 1259 5306 πιστοὶ
1308 5252 1582 5324 μάρτυρες
1615 5255 1712 5324 τῆς
1743 5253 1998 5324 ἀληθείας

425 5346 966 5417 παραλαμϐάνονται.
1009 5345 1169 5409 ἘΘος
1200 5345 1312 5416 γὰρ
1343 5348 1453 5409 τοῖς
1494 5345 1689 5412 ἁγίοις,
1723 5345 1820 5408 τὰς
1853 5349 1998 5400 ἐντο-

421 5435 516 5501 λὰς
558 5438 652 5491 τοῦ
690 5438 823 5492 Θεοῦ
859 5439 950 5491 ἐπὶ
986 5438 1276 5510 μαρτύρων
1334 5437 1556 5491 διδόναι·
1584 5438 1658 5500 ὡς
1703 5437 1794 5490 καὶ
1837 5437 1999 5502 αὐτὸς

419 5520 571 5591 οὗτος
608 5547 738 5593 φησι
769 5529 1045 5599 Τιμοθέῳ·
1087 5532 1152 5584 "A
1185 5528 1516 5598 παρέλαϐες
1555 5530 1690 5596 παρ’
1715 5529 1860 5599 ἐμοῦ
1899 5528 1998 5583 ἐπὶ

507 5803 563 5857 'l
593 5803 723 5861 Cor.
756 5821 849 5873 vn,
895 5808 980 5864 i5.
1058 5810 1077 5842 ²
1111 5815 1228 5866 Act.
1264 5827 1300 5880 ι,
1334 5811 1389 5867 5.

2102 4165 2237 4219 illud
2265 4165 2408 4229 dico,
2436 4164 2581 4234 quod
2605 4177 2936 4219 conservum
2965 4161 3128 4216 etiam
3174 4167 3367 4217 testem
3396 4162 3536 4218 forte
3577 4163 3677 4216 ali-

2104 4257 2228 4325 quis
2263 4255 2499 4310 adducat
2527 4255 2669 4324 apud
2702 4261 3048 4309 mansuetum
3083 4268 3146 4306 ac
3183 4254 3502 4323 placabilem
3530 4254 3678 4323 judi-

2102 4363 2240 4408 cem.
2279 4347 2484 4417 quique
2515 4345 2752 4401 maxime
2775 4361 2874 4401 sua
2904 4345 2958 4398 in
2992 4360 3087 4400 eos
3116 4345 3210 4414 qui
3241 4344 3560 4415 judicentur
3601 4346 3676 4401 le-

2101 4437 2274 4492 nitate
2308 4437 2531 4490 minime
2564 4434 2792 4488 dubiam
2826 4441 2880 4488 et
2909 4442 3318 4488 controversam
3338 4433 3676 4503 iudiciorum

2103 4528 2413 4596 aequitatem
2444 4526 2800 4579 demonstrat.
2845 4522 3113 4577 Caeterum
3166 4532 3225 4577 ut
3263 4523 3460 4593 aliquis
3491 4523 3581 4577 ﬁat
3608 4525 3676 4577 li--

2105 4618 2201 4672 ber
2229 4632 2258 4670 e
2286 4630 2464 4679 servo,
2517 4622 2680 4684 atque
2705 4623 2929 4668 vocetur
2964 4612 3134 4668 Filius
3182 4613 3298 4679 Dei,
3329 4623 3381 4668 et
3425 4631 3453 4669 a
3502 4625 3676 4670 morte

2104 4715 2391 4763 revocetur
2422 4706 2488 4758 ad
2519 4705 2704 4771 vitam,
2758 4723 2787 4760 a
2820 4706 2970 4761 nullo
3014 4706 3121 4760 alio
3169 4714 3347 4777 potest
3377 4706 3517 4771 dari,
3569 4709 3676 4759 nisi

2099 4799 2168 4853 ab
2195 4811 2258 4852 eo
2283 4796 2374 4865 qui
2411 4795 2711 4849 naturalem
2757 4790 2920 4848 habet
2970 4791 3284 4846 societatem
3318 4795 3370 4844 et
3421 4804 3450 4842 a
3495 4789 3679 4842 servili

2102 4889 2415 4943 conditione
2471 4897 2552 4943 est
2618 4887 2848 4941 alienus.
2901 4882 3186 4951 Quomodo
3233 4883 3381 4936 enim
3447 4879 3684 4936 sociabit

2105 4980 2234 5047 Deo,
2261 4981 2354 5052 qui
2388 4980 2504 5050 ipse
2535 4988 2618 5033 est
2661 4977 2916 5032 alienus?
2965 4975 3249 5045 quomodo
3299 4975 3503 5030 liberos
3553 4973 3681 5028 red-

2103 5073 2214 5136 det,
2246 5073 2338 5142 qui
2367 5071 2481 5141 ipse
2516 5077 2599 5125 est
2638 5069 2769 5139 jugo
2811 5067 3094 5124 servitutis
3140 5065 3453 5122 obnoxius?
3495 5062 3678 5133 Itaque

2103 5181 2212 5219 non
2242 5165 2313 5219 ob
2343 5163 2534 5218 eadem
2579 5163 2637 5215 lit
2673 5162 2912 5231 Spiritus
2961 5170 3014 5216 et
3060 5161 3376 5232 angelorum
3428 5159 3632 5214 mentio
3664 5177 3680 5212 :

2103 5257 2198 5312 sed
2254 5255 2493 5326 Spiritus
2540 5261 3007 5310 commemoratur
3063 5263 3326 5324 tanquam
3377 5260 3570 5304 auctor
3617 5263 3683 5302 ac

2102 5349 2368 5406 Dominus
2396 5351 2538 5413 vitae,
2579 5349 2756 5417 angeli
2805 5363 2936 5403 vero
2971 5357 3232 5418 tanquam
3284 5357 3678 5398 conservorum

2101 5441 2409 5511 aijutores,
2472 5441 2770 5509 ﬁdelesque
2818 5439 3067 5494 veritatis
3115 5446 3280 5492 testes
3326 5433 3674 5487 adhibentur.

2103 5532 2385 5602 Siquidem
2419 5549 2536 5590 mos
2568 5541 2650 5588 est
2701 5532 2929 5598 sanctis,
2987 5529 3080 5583 Dei
3125 5535 3396 5598 prmcrpta
3446 5526 3678 5581 testibus

1477 5814 1496 5847 ³
1529 5811 1676 5880 ιω».-
1709 5831 1788 5881 ιιι,
1827 5815 1904 5870 16.
1981 5817 2001 5849 ⁸
2035 5816 2214 5876 lTim.
2243 5834 2294 5886 v,
2332 5819 2421 5874 21.
