4064 6396
498 350 603 414 733
1417 339 1798 404 PANOPLIA
1834 339 2082 403 DOGMA

2175 337 2292 401 CA.
2329 362 2400 378 -
2439 339 2591 401 TlT.
2632 339 2778 401 ΧΠ.
3651 342 3780 400 Ἱδδικ

485 489 586 558 τῆς
609 487 704 541 τοῦ
754 483 996 557 Χριστοῦ
1034 481 1357 554 παρουσίας.
1393 481 1701 554 Διετηρὴθη
1741 480 1800 534 δὲ
1973 478 2079 531 ὑπὸ

2176 490 2392 540 servata
2435 489 2618 536 autem
2651 488 2783 536 sunt
2809 496 2838 534 a
2874 481 2987 538 Deo
3023 482 3412 554 primogenita,
3447 500 3515 542 nc
3540 499 3604 540 ca
3637 493 3762 539 tan-

487 574 583 627 τοῦ
631 572 768 628 Θεοῦ
805 573 875 626 τὰ
909 572 1231 644 πρωτότοκα
1258 613 1273 638 ,
1329 570 1425 624 τοῦ
1475 571 1550 642 μὴ
1602 570 1776 639 θίγειν
1823 569 1915 622 τὸν
1961 567 2079 621 ὀλο⁶

2175 583 2325 644 gerct
2349 575 2676 640 exstinctor,
2702 582 2762 628 ut
2783 573 3196 640 ostenderetur,
3233 591 3336 630 nos
3355 576 3470 646 jam
3499 593 3610 630 non
3647 594 3762 631 aui-

491 667 778 740 θρεύοντα,
806 667 887 729 εἲς
918 665 1145 733 ἔνδειξιν
1173 664 1266 719 τοῦ
1305 663 1503 736 μηκέτι
1535 664 1681 734 ἡμᾶς
1711 661 2079 733 ἀποθνήσκειν

2176 659 2319 732 plius
2360 660 2498 714 mori
2547 659 2601 713 in
2651 659 2848 723 Adam,
2878 659 2974 728 qui
3007 658 3061 712 in
3105 657 3330 715 Christo
3365 661 3621 714 viviﬁcati
3667 677 3760 715 su-

487 763 547 814 ὲν
579 759 659 830 τῷ
705 759 913 830 Ἀδὰμ,
968 759 1097 822 τοὺς
1151 756 1593 828 ζωοποιηθέντας
1633 756 1693 809 ὲν
1728 753 1807 825 τῷ
1833 752 2076 825 Χριστῷ.

2175 765 2317 806 mus.
2347 749 2616 806 Caeterum
2651 765 2803 805 mare
2826 758 2880 804 et
2900 749 3123 815 nebula,
3144 752 3196 804 in
3220 753 3477 821 prtesenti
3512 751 3756 820 quidem,

501 852 566 905 Ἦ
603 851 661 904 δὲ
704 849 950 905 θάλασσα
989 849 1084 903 καὶ
1123 851 1156 918 ἡ
1207 849 1407 919 νεφέλη
1457 847 1598 918 πρὸς
1644 847 1743 918 μὲν
1794 847 1858 900 τὸ
1908 847 2082 918 παρὸν

2175 841 2469 898 inducebat
2503 843 2568 896 ad
2606 842 2765 897 ﬁdem
2797 858 2895 913 per
2929 842 3388 905 admirationem;
3425 843 3479 897 in
3513 842 3758 898 futurum

487 943 571 1006 είς
608 941 789 994 πίστιν
819 941 978 1011 ἐνῆγε
1011 938 1100 993 διὰ
1149 939 1252 1010 τῆς
1287 938 1684 1010 καταπλήξεως
1711 954 1724 966 ’
1762 937 1898 1008 πρὸς
1938 937 1993 990 δὲ
2022 937 2082 990 τὸ

2175 945 2378 998 autem,
2428 943 2692 1005 tanquam
2741 943 2904 1006 typus
2948 934 3182 1004 gratiam
3227 941 3512 988 venturam
3564 936 3758 1005 praesi-

495 1031 690 1102 μέλλον
726 1031 804 1094 ὡς
855 1030 1026 1094 τύπος
1079 1031 1179 1102 τὴν
1235 1031 1504 1100 ἐσομένην
1558 1031 1720 1101 χάριν
1770 1028 2082 1100 προϋπεσή-

2175 1025 2396 1098 gnabat.
2433 1026 2564 1090 Quis
2596 1026 2826 1093 sapiens,
2865 1034 2914 1078 et
2951 1025 3202 1096 intelliget
3241 1024 3352 1079 haec
3388 1029 3402 1060 ⁸
3433 1026 3456 1078 ?
3483 1027 3760 1095 quomodo

496 1140 677 1192 μαινε.
734 1123 829 1187 Τίς
881 1122 1075 1191 σοφὸς
1110 1161 1125 1186 ,
1167 1121 1266 1176 καὶ
1314 1121 1584 1187 συνήσειν
1619 1121 1809 1175 ταῦτα
1833 1136 1851 1184 ;
1889 1119 2006 1183 πῶς
2049 1122 2082 1190 ἡ

2175 1131 2342 1181 mare,
2380 1131 2476 1186 per
2501 1115 2728 1186 ﬁguram
2755 1116 3050 1186 baptisma,
3083 1129 3353 1184 separans
3388 1130 3419 1169 a
3445 1111 3756 1179 Pharaone,

493 1211 740 1264 θάλασσα
781 1211 1065 1281 βάπτισμα
1101 1210 1384 1274 τυπικῶς,
1418 1210 1699 1282 χωρισμὴν
1726 1208 1958 1263 ποιοῦσα
1991 1207 2082 1261 τοῦ

2175 1205 2633 1276 quemadmodum
2656 1214 2709 1260 et
2730 1205 3008 1260 lavacrum
3032 1206 3136 1260 hoc
3159 1220 3190 1259 a
3211 1205 3419 1260 diaboli
3441 1207 3754 1276 tyrannide.

491 1301 694 1373 Φαραὼ
713 1341 728 1366 ,
762 1301 837 1365 ὼς
871 1302 964 1355 καὶ
992 1301 1051 1354 τὸ
1083 1302 1309 1374 λουτρὸν
1341 1301 1500 1355 τοῦτο
1531 1302 1629 1373 τῆς
1657 1300 1968 1371 τυραννίδος
1989 1297 2082 1352 τοῦ

2175 1295 2308 1350 Illud
2340 1296 2541 1351 occidit
2583 1297 2797 1352 hostem
2827 1298 2881 1351 in
2914 1307 3059 1360 seSe,
3091 1297 3325 1352 moritur
3353 1305 3409 1354 et
3444 1297 3533 1352 hic
3577 1298 3758 1353 inimi-

491 1393 763 1447 διαϐόλου.
821 1393 1173 1445 Ἀπέκτεινεν
1209 1393 1394 1462 ἐκείνη
1434 1393 1490 1444 ὲν
1521 1392 1689 1462 ἑαυτῇ
1720 1390 1813 1444 τὸν
1855 1388 2048 1460 ἐχθρόν
2069 1403 2082 1418 ·

2175 1389 2321 1454 citia,
2359 1404 2481 1459 qua:
2523 1389 2686 1446 nobis
2733 1388 2837 1444 fuit
2891 1405 3016 1445 cum
3071 1389 3201 1445 Deo.
3256 1390 3342 1445 Ab
3394 1390 3488 1444 illo
3518 1392 3757 1461 pepulus

495 1484 830 1555 ἀποθνήσκει
881 1483 980 1537 καὶ
1036 1475 1138 1538 ὧδε
1195 1485 1230 1554 ἡ
1283 1483 1454 1555 ἔχθρα
1504 1483 1662 1554 ἡμῶν
1717 1484 1749 1553 ἡ
1800 1483 1881 1545 είς
1931 1479 2082 1535 Θεόν.

2175 1481 2302 1536 exiit
2329 1481 2571 1547 illaesus;
2604 1482 2961 1537 ascendimus
2993 1488 3048 1537 et
3079 1497 3180 1537 nos
3213 1481 3283 1536 ab
3313 1481 3474 1552 aquis
3499 1491 3758 1552 tanquam

508 1577 767 1647 Ἐξῆλθεν
800 1575 894 1630 ἀπ’
930 1574 1147 1646 ἐκείνης
1195 1575 1412 1647 ἀπαθὴς
1451 1577 1480 1628 ὁ
1525 1575 1687 1638 λαόςο
1727 1573 2082 1643 ἀναϐαίνομεν

2175 1584 2236 1624 ex
2279 1569 2514 1625 mortuis
2555 1569 2686 1635 vivi,
2725 1571 2928 1626 servati
2963 1585 3058 1641 per
3103 1569 3338 1640 gratiam
3377 1568 3498 1638 ejus
3527 1569 3621 1640 qui
3658 1583 3759 1622 vo-

497 1671 593 1724 καὶ
638 1672 801 1740 ἡμεῖς
844 1668 920 1732 ὡς
960 1670 1025 1721 ὲκ
1073 1667 1286 1738 νεκρῶν
1326 1668 1528 1732 ζῶντες
1565 1669 1675 1722 ἀπὸ
1727 1665 1822 1720 τοῦ
1871 1665 2082 1730 ὓδατος,

2175 1662 2317 1717 cavit
2346 1679 2469 1719 nos.
2503 1661 2689 1718 Nubes
2729 1673 2914 1718 autem
2963 1664 3158 1718 umbra
3204 1663 3334 1718 doni
3365 1662 3633 1733 Spiritus,
3664 1663 3759 1732 qui

496 1764 680 1834 χάριτι
735 1760 1001 1825 σωθέντες
1048 1763 1114 1832 τῇ
1167 1760 1262 1814 τοῦ
1316 1762 1648 1825 καλέσαντος
1699 1761 1871 1831 ἡμᾶς.
1928 1759 1994 1813 Ἢ
2032 1757 2082 1811 δὲ

2175 1752 2456 1808 libidinum
2514 1753 2790 1808 [laminam
2855 1753 3242 1810 mortiﬁcando
3293 1749 3540 1810 membra
3598 1751 3760 1810 refri-

497 1853 695 1924 νεφέλη
728 1852 855 1906 σκιὰ
885 1852 986 1922 τῆς
1020 1855 1083 1906 ὲκ
1109 1853 1203 1906 τοῦ
1232 1853 1552 1924 Πνεύματος
1584 1853 1825 1926 δωρεᾶς,
1862 1850 1956 1904 τοῦ
1988 1850 2091 1920 τὴν

499 1944 673 2014 φλόγα
694 1944 804 1996 τῶν
830 1942 1020 1997 παθῶν
1049 1943 1136 1998 διὰ
1175 1944 1276 2014 τῆς
1306 1944 1630 2017 νεκρὼσεως
1655 1944 1763 1998 τῶν
1798 1942 1975 2015 μελῶν
1998 1959 2090 1996 κα-

497 2035 851 2105 ταψύχοντος.

707 2127 773 2180 Τί
818 2122 940 2194 οὗν;
973 2128 1161 2200 ἐπειδὴ
1205 2127 1452 2192 τυπικῶς
1478 2130 1558 2193 είς
1587 2129 1828 2199 Μωῡσῆν
1867 2127 2090 2182 ἐϐαπτίο

499 2218 744 2290 σθησαν,
781 2218 872 2272 διά
913 2219 1072 2273 τοῦτο
1118 2220 1294 2292 μικρὰ
1321 2220 1438 2290 (74)
1483 2222 1517 2290 ἡ
1563 2220 1660 2274 τοῦ
1714 2220 2090 2290 βαπτίσματος

498 2310 693 2380 χάρις;
723 2309 878 2363 Οὕτω
915 2311 1016 2382 μὲν
1043 2307 1137 2366 οὖν
1168 2313 1278 2365 οὐδ’
1307 2311 1376 2366 ἂν
1407 2310 1535 2365 ἄλλο
1578 2330 1629 2364 τι
1664 2312 1808 2382 μέγα
1852 2311 1937 2380 εἴη
1979 2309 2090 2364 τῶν

497 2401 782 2474 ἡμετέρων
815 2443 828 2467 ,
861 2404 1021 2475 εἴπερ
1052 2403 1114 2456 τὸ
1157 2405 1216 2456 ἐν
1243 2402 1460 2474 ἑκάστῳ
1507 2402 1706 2471 σεμνὸν
1746 2405 1859 2466 τοῖς
1898 2401 2090 2466 τύποις

499 2493 1008 2565 προδιαϐάλλοιμεν.
1049 2493 1188 2548 Οὔτε
1241 2495 1351 2566 γὰρ
1404 2497 1438 2566 ἡ
1487 2497 1566 2558 εἰς
1621 2493 1944 2566 ἀνθρώπους
1993 2493 2088 2548 τοῦ

498 2584 634 2637 Θεοῦ
664 2585 854 2655 ἀγάπη
888 2585 1030 2656 μέγα
1054 2599 1107 2638 τι
1135 2587 1230 2639 καὶ
1262 2585 1564 2658 ὑπερφυὲς,
1597 2584 1657 2649 ὃς
1696 2585 1788 2639 τὸν
1826 2584 2089 2656 μονογενῆ

501 2676 631 2728 Υίὺν
657 2675 857 2730 ἔδωκεν
895 2676 1038 2747 ὑπὲρ
1074 2676 1182 2729 τῶν
1223 2677 1510 2749 ἁμαρτιῶν
1539 2675 1698 2748 ἡμῶν
1721 2693 1734 2706 ·
1772 2676 1960 2748 ἐπειδὴ
1997 2675 2092 2728 καὶ

512 2767 765 2839 Ἀϐραὰμ
788 2766 882 2820 τοῦ
925 2767 1057 2820 ίδίου
1096 2768 1214 2821 υἱοῦ
1250 2769 1350 2822 ούκ
1401 2768 1657 2838 ὲςρείσατο
1679 2784 1692 2800 ·
1727 2767 1848 2821 οὐδὲ
1885 2766 1946 2820 τὸ
1983 2766 2092 2820 πά-

500 2859 592 2924 θος
612 2857 706 2912 τοῦ
723 2859 930 2929 Κυρίου
960 2858 1170 2924 ἔνδοξον
1192 2875 1208 2889 ·
1242 2859 1430 2931 ἐπειδὴ
1454 2859 1724 2932 πρόϐατον
1746 2857 1867 2913 ἀντὶ
1905 2856 2092 2911 Ἰσαὰκ

499 2949 593 3002 τὸν
627 2949 796 3002 τύπον
823 2950 1064 3022 ἐπλήρου
1095 2951 1195 3020 τῆς
1228 2953 1545 3022 προσφορᾶς
1569 2969 1582 2982 ⁶
1615 2951 1739 3005 οὕτε
1781 2953 1812 3022 ἡ
1847 2953 1928 3014 είς
1961 2951 2089 3023 ᾅδου

500 3040 726 3104 κάθοδος
765 3042 972 3112 φοϐερά
997 3059 1010 3072 ·
1063 3042 1252 3114 ἐπειδὴ
1309 3044 1494 3108 Ἰωνᾶς
1538 3045 1597 3098 ἐν
1641 3044 1824 3114 τρισὶν
1854 3043 2092 3116 ἡμέραις

2170 1856 2340 1918 gerat.

2371 2105 2511 2175 Quid
2539 2109 2742 2180 igitur?
2780 2117 2910 2164 mtm
2951 2109 3078 2180 quia
3113 2111 3293 2181 typice
3331 2111 3385 2164 in
3417 2109 3635 2180 Moysen
3671 2112 3758 2166 ba-

2168 2199 2354 2272 ptizati
2402 2207 2553 2267 sunt,
2601 2200 2726 2256 ideo
2776 2197 2970 2273 exigua
3021 2210 3106 2257 est
3135 2203 3310 2273 gratia
3359 2204 3711 2274 baptismatis
3733 2207 3768 2258 ?'

2171 2289 2315 2346 Sane
2348 2289 2452 2344 hoc
2480 2297 2643 2360 pacto
2672 2306 2775 2346 nec
2809 2290 2960 2347 aliud
2985 2292 3286 2363 quidquam
3315 2292 3369 2348 in
3401 2296 3608 2350 nostris
3640 2311 3758 2367 my-

2168 2383 2353 2439 Stcriis
2396 2380 2562 2438 fuerit
2607 2399 2891 2455 magnum,
2930 2385 2977 2440 si
3024 2385 3172 2455 quod
3212 2385 3268 2438 in
3303 2384 3537 2456 singulis
3584 2401 3757 2457 augu-

2167 2480 2313 2531 stum
2334 2481 2444 2538 est,
2475 2488 2573 2544 per
2609 2470 2981 2544 praecedentes
3013 2471 3220 2544 ﬁguras
3256 2474 3652 2544 deprimamus.
3679 2475 3758 2530 Ac

2166 2580 2238 2619 nc
2285 2563 2380 2620 Dei
2436 2564 2658 2634 quidem
2705 2581 2835 2637 erga
2893 2566 3146 2622 homines
3195 2562 3440 2622 charitas
3495 2582 3755 2638 magnum

2169 2655 2430 2727 quiddam
2463 2664 2517 2712 et
2542 2657 2832 2724 eximium,
2875 2658 2972 2729 qui
3005 2658 3346 2730 unigenitum
3376 2657 3576 2713 Filium
3607 2654 3762 2714 dedit

2170 2762 2270 2818 pro
2311 2747 2550 2818 peccatis
2589 2749 2799 2805 nostris
2832 2768 2843 2804 :
2890 2749 3342 2820 quandoquidem
3378 2758 3434 2806 et
3479 2751 3754 2807 Abraham

2168 2839 2282 2895 ﬁlio
2334 2855 2435 2896 suo
2484 2856 2594 2896 non
2626 2842 2873 2912 pepercit
2897 2845 2917 2874 ³
2949 2880 2966 2896 .
3009 2839 3122 2898 Nec
3163 2841 3378 2898 Domini
3413 2845 3600 2915 passio
3639 2846 3756 2915 glo-

2169 2933 2347 3000 riosa;
2386 2932 2658 3004 siquidem
2705 2933 2852 2990 aries
2901 2933 3022 2990 loco
3057 2934 3213 2991 lsaac
3257 2936 3490 2992 victima:
3527 2935 3758 3008 ﬁguram

2167 3025 2405 3096 explevit
2447 3028 2485 3080 ³.
2519 3023 2707 3096 Neque
2746 3026 3050 3082 descensus
3094 3028 3161 3082 ad
3193 3025 3405 3085 inferos
3433 3029 3752 3096 horribilis;

500 3133 597 3186 καὶ
629 3133 918 3198 τοσαύταις
954 3135 1075 3202 νυξὶ
1111 3135 1205 3189 τοῦ
1254 3136 1486 3192 θανάτου
1529 3138 1621 3192 τὸν
1665 3138 1836 3193 τύπον
1869 3138 2082 3211 προεξε-

2175 3119 2389 3190 quando
2435 3119 2658 3189 quidem
2706 3111 2878 3174 Jonas
2920 3119 3100 3176 tribus
3139 3119 3368 3186 diebus,
3412 3136 3476 3177 ac
3521 3115 3751 3178 totidem

501 3224 732 3297 πλήρου.
779 3226 986 3280 Ταύτὸν
1034 3228 1214 3281 τοίνυν
1270 3233 1415 3284 ποιεῖ
1462 3230 1559 3285 καὶ
1612 3231 1704 3284 ἐπὶ
1747 3229 1843 3284 τοῦ
1898 3230 2094 3302 βαπτίο

502 3331 709 3385 σματος
731 3317 760 3369 ὁ
789 3318 855 3387 τῇ
889 3318 1017 3388 σκιᾷ
1051 3319 1360 3392 συγκρίνων
1390 3320 1490 3391 τὴν
1527 3319 1788 3392 ἀλήθειαν
1807 3359 1824 3386 ,
1860 3321 1953 3374 καὶ
1977 3321 2092 3384 τοῖς*

496 3404 694 3469 τύποις
743 3407 1109 3477 παραϐάλλων
1167 3410 1238 3464 τὰ
1285 3413 1414 3482 παρ’
1462 3411 1642 3466 αὐτῶν
1692 3411 2088 3483 σημαινόμενα,

501 3497 600 3549 καὶ
649 3497 737 3550 διὰ
787 3500 1068 3564 Μωῦσέως
1120 3502 1212 3556 καὶ
1251 3503 1350 3573 τῆς
1396 3502 1673 3575 θαλάσσης
1723 3505 1905 3557 πᾶσαν
1953 3501 2090 3573 ὁμοῦ

497 3587 778 3660 διασύρειν
831 3589 931 3659 τὴν
985 3592 1348 3666 εύαγγελικὴν
1404 3595 1715 3666 οἰκονομίαν
1773 3593 2088 3665 ἐπιχειρῶν.

497 3679 638 3732 Ποία
669 3680 776 3752 γὰρ
824 3680 1018 3750 ἄφεσις
1068 3686 1534 3756 παραπτωμάτων
1578 3705 1596 3753 ;
1771 3685 1902 3741 ποία
1945 3683 2092 3756 ζωῆς

492 3765 800 3828 ἀνανέωσις
843 3766 900 3819 ὲν
930 3765 1208 3838 θαλάσσῃ;
1240 3783 1390 3820 ποιον
1419 3783 1664 3838 χαρισμα
1703 3767 2070 3840 πνευματικὸν

491 3855 586 3911 διὰ
636 3856 946 3924 Μωῡσέως;
998 3859 1128 3912 ποία
1174 3859 1436 3931 νέκρωσις
1481 3859 1756 3931 ἁμαρτίας
1806 3858 1956 3925 ἐκεί;
1995 3860 2070 3914 Οὐ

495 3947 867 4003 συναπέθανον
901 3950 1098 4003 ἐκεῖνοι
1135 3949 1391 4023 Χριστῷ·
1439 3951 1626 4020 διόπερ
1652 3951 1775 4004 οὐδὲ
1811 3951 2073 4024 συνηγέρ-

496 4036 690 4109 θησαν.
721 4039 836 4092 Οὐκ
866 4039 1141 4110 ὲφόρσηαν
1173 4041 1270 4111 τὴν
1297 4040 1478 4094 εἰκόνα
1504 4039 1594 4092 τοῦ
1629 4039 1974 4104 ὲπουοανίου,
2001 4041 2072 4094 -ού

494 4127 594 4200 τὴν
623 4128 890 4199 νέκρωσιν
916 4125 1010 4181 τοῦ
1036 4129 1211 4200 Ἰησοῦ
1236 4131 1294 4182 ὲν
1327 4128 1405 4200 τῷ
1447 4127 1659 4200 σώματι
1683 4130 2070 4200 περιήνεγκαν,

497 4221 597 4274 οὐκ
651 4219 988 4274 άπεδύσαντο
1040 4219 1130 4272 τὸν
1170 4221 1399 4274 παλαιὸν
1437 4220 1724 4292 ἄνθρωπον
1771 4255 1787 4282 ,
1973 4222 2074 4273 οὐκ

497 4311 813 4366 ὲνεδύσαντο
845 4312 936 4365 τὸν
962 4311 1110 4377 νέον,
1144 4311 1234 4364 τὸν
1263 4310 1719 4382 ἀνακαινούμενον
1749 4312 1828 4375 εἰς
1850 4311 2077 4380 ὲπίγνωυ

499 4419 584 4456 σιν
611 4442 625 4466 ,
657 4404 775 4456 κατ’
819 4403 1001 4456 εἰκόνα
1035 4403 1128 4456 τού
1163 4403 1446 4468 κτίσαντος
1489 4404 1671 4458 αὐτόν.
1708 4404 1773 4456 Τί
1984 4391 2077 4453 οὖν

2169 3211 2445 3276 noctibus,
2496 3209 2690 3266 mortis
2731 3211 2959 3282 ﬁguram
3011 3212 3167 3284 prius
3221 3213 3461 3280 explevit
3511 3211 3550 3267 ⁸.
3607 3212 3752 3268 Idem

2165 3319 2297 3378 ergo
2328 3295 2458 3360 facit
2480 3311 2536 3360 et
2568 3302 2636 3360 de
2664 3303 3009 3374 baptismate,
3040 3304 3133 3375 qui
3159 3305 3444 3360 veritatem
3477 3320 3602 3359 cum
3631 3322 3755 3359 um-

2168 3396 2267 3454 bra
2305 3403 2609 3466 comparat,
2638 3405 2692 3450 et
2730 3411 2855 3450 cum
2891 3396 3081 3466 ﬁguris
3116 3395 3333 3452 confert
3373 3412 3435 3451 ea
3469 3413 3590 3467 quae
3618 3396 3752 3468 ligu-

2166 3489 2245 3545 ris
2270 3487 2673 3559 signiﬁcantur,
2698 3503 2762 3543 ac
2793 3503 2889 3559 per
2920 3487 3143 3560 Moysen
3178 3497 3231 3544 et
3264 3501 3414 3543 mare
3577 3497 3748 3542 totam

2167 3583 2330 3640 simul
2364 3581 2736 3651 evangelicam
2776 3581 3243 3650 dispensationem
3291 3580 3513 3636 elevare
3551 3595 3750 3650 aggre-

2166 3677 2335 3732 ditur.
2374 3673 2508 3728 Nam
2555 3692 2676 3746 qum
2715 3684 3062 3745 peccatorum
3117 3674 3394 3739 remissio,
3446 3691 3567 3744 qua:
3624 3675 3748 3729 vita:

2172 3768 2459 3824 renovatio
2485 3767 2541 3823 in
2577 3769 2736 3831 mari,
2769 3764 2914 3837 quod
2943 3768 3144 3822 donum
3170 3768 3450 3838 spirituale
3475 3785 3569 3838 per
3600 3769 3751 3841 Moy~

2176 3859 2315 3916 seu?
2341 3875 2464 3930 qua:
2494 3859 2608 3914 illic
2629 3859 2838 3930 peccati
2869 3857 3257 3927 interemptio?
3280 3857 3398 3911 Non
3429 3859 3503 3911 illi
3533 3858 3753 3915 Christo

2177 3951 2500 4006 commortui
2552 3958 2702 4013 sunt,
2748 3964 2921 4018 coque
2975 3964 3074 4004 nec
3124 3964 3248 4003 cum
3295 3948 3388 4003 illo
3440 3949 3753 4005 resuscitati

2176 4053 2306 4097 sunt
2357 4047 2396 4096 ⁸.
2433 4041 2553 4097 Νοιι
2593 4041 2887 4112 portabant
2924 4039 3214 4111 imaginem
3240 4039 3386 4094 illius
3418 4040 3660 4095 rtelcstis
3700 4042 3752 4105 ⁸,

2178 4149 2288 4189 non
2334 4134 2809 4189 mortiﬁcationem
2854 4131 2983 4188 Jesu
3014 4131 3066 4184 in
3110 4145 3346 4200 corpore
3399 4130 3749 4185 circumfere-

2177 4227 2309 4281 bant
2355 4227 2402 4291 ⁷,
2452 4242 2561 4281 uon
2596 4234 2870 4282 exuerunt
2910 4231 3149 4279 veterem
3181 4222 3481 4286 hominem,
3531 4238 3640 4276 non
3677 4221 3755 4275 in-

2177 4317 2420 4372 duerunt
2462 4333 2686 4381 novum,
2718 4317 2810 4387 qui
2854 4324 3151 4370 renovatur
3201 4316 3254 4370 in
3297 4314 3626 4385 agnitionem
3667 4328 3754 4368 sco

2176 4408 2418 4463 cundum
2448 4408 2743 4478 imaginem
2778 4409 2921 4462 illius
2963 4407 3203 4476 quicum
3244 4406 3492 4461 condidit
3543 4405 3584 4458 ⁸.
3611 4403 3758 4470 ρυῑα.

501 4493 811 4564 συγκρίνεις
841 4493 909 4547 τά
948 4492 1297 4564 βαπτίσματα
1317 4533 1330 4557 ,
1363 4487 1437 4546 ὧν
1485 4494 1518 4562 ἡ
1571 4491 1909 4562 προσηγορία
1940 4491 2074 4562 μόνη

2178 4500 2344 4571 igitur
2385 4500 2604 4555 confers
2639 4499 2995 4569 baptismata,
3029 4514 3262 4568 quorum
3295 4499 3411 4553 sola
3445 4499 3755 4554 communis

498 4586 688 4656 κοινὴ,
723 4587 758 4656 ἡ
785 4586 842 4639 δὲ
872 4584 980 4638 τῶν
1011 4587 1354 4655 πραγμάτων
1396 4584 1628 4653 διαφορᾶ
1659 4583 1894 4652 τοσαύτη
1915 4623 1928 4646 ,
1977 4583 2074 4653 ὅση

499 4677 566 4731 ἂν
599 4677 808 4746 γένοιτο
858 4675 1067 4748 ὀνείρου
1113 4677 1248 4746 πρὸς
1292 4677 1392 4747 τὴν
1435 4675 1694 4747 ἀλήθειαν
1723 4711 1744 4737 ,ι
1791 4675 1885 4726 καὶ
1918 4674 2075 4736 σκιᾶς

501 4767 594 4820 καὶ
623 4767 845 4821 εἰκόνων
876 4768 1010 4839 πρὸς
1040 4767 1106 4822 τὰ
1137 4769 1255 4821 κατ’
1285 4767 1471 4822 οὐσίαν
1499 4769 1841 4838 ύφεστηκότα
1877 4785 1890 4832 ;

705 4878 864 4932 Ἀλλά
889 4879 981 4932 καὶ
1009 4879 1042 4950 ἡ
1083 4879 1161 4941 εἰς
1189 4879 1280 4931 τὸν
1307 4878 1545 4932 Μωῡσέα
1583 4878 1765 4941 πίστις
1790 4877 1849 4930 οὐ
1878 4877 1973 4946 τὴν
1999 4878 2077 4938 εἰς

498 4970 561 5024 τὸ
581 4970 804 5042 Πνεῦμα
834 4971 1014 5024 πίστιν
1041 4969 1219 5038 ὀλίγου
1253 4970 1395 5032 τινὸς
1427 4967 1584 5033 ἀξίαν
1611 4969 1877 5022 δείκνυσιν
1898 4984 1909 4996 ⁸
1940 4966 2078 5020 ἀλλὰ

500 5063 642 5118 κατὰ
689 5062 779 5116 τὸν
811 5062 1014 5116 τούτων
1059 5061 1216 5132 λόγον
1239 5101 1254 5126 ,
1318 5060 1516 5132 μᾶλλον
1555 5061 1655 5131 τὴν
1691 5061 1770 5122 είς
1807 5060 1895 5112 τὸν
1944 5058 2076 5111 Θεὸν

498 5152 608 5205 τῶν
661 5152 796 5206 ὅλων
845 5151 1133 5223 ὁμολογίαν
1192 5148 1645 5220 κατασμικρύνει.
1718 5147 2075 5202 Ἐπίστευσε

501 5241 642 5310 γὰρ,
677 5243 840 5313 φησὶν
861 5281 875 5306 ,
905 5244 936 5296 ό
963 5241 1114 5305 λαὸς
1145 5238 1224 5304 τῷ
1264 5237 1420 5304 Θεῷ,
1454 5239 1552 5292 καὶ
1593 5237 1829 5292 Μωῠσεῖ
1866 5235 1946 5302 τῷ
1984 5240 2076 5291 θε-

492 5329 748 5398 ράποντι
779 5332 985 5386 αὑτοῦ.
1017 5331 1136 5401 Θεῷ
1181 5331 1360 5384 τοίνυν
1399 5327 1795 5392 συνέζευκται,
1836 5327 1957 5396 οὐκὶ
1999 5325 2077 5396 τῷ

500 5423 777 5494 Πνεύματι
798 5440 811 5454 ο
850 5423 944 5476 καὶ
975 5423 1142 5486 τύπος
1166 5417 1234 5494 ἦν
1275 5421 1394 5492 ούχί
1422 5415 1515 5474 τοῦ
1550 5416 1863 5490 Πνεύματος
1885 5460 1899 5482 ,
1942 5416 2079 5470 ἀλλὰ

500 5516 591 5569 τοῦ
622 5517 878 5588 Χριστοῦ.
915 5515 1017 5568 Τὸν
1045 5514 1152 5588 γὰρ
1203 5515 1427 5586 μεσίτην
1455 5513 1590 5568 Θεοῦ
1636 5511 1730 5565 καὶ
1774 5508 2078 5580 ἀνθρώπων

501 5605 568 5660 δι’
598 5606 789 5660 ἑαυτοῦ
829 5607 950 5660 τότε
992 5605 1384 5674 προαπετύπου
1571 5604 1630 5656 ἐν
1671 5603 1738 5671 τῇ
1778 5600 1872 5654 τοῦ
1912 5601 2078 5670 νόμου

1858 5766 1988 5824 ibid.
2022 5769 2106 5823 15.

576 5770 593 5804 ⁸
651 5769 776 5827 Osc.
832 5769 1062 5833 “1,10.
1166 5772 1186 5802 ’
1216 5769 1352 5824 Gen.
1383 5785 1538 5830 mu,
1571 5767 1653 5822 16.
1767 5767 1790 5800 ³

504 5843 525 5877 ⁷
554 5842 599 5900 ιι
629 5844 754 5898 Cor.
789 5857 861 5909 ιν,
902 5843 986 5897 10.
1065 5843 1086 5873 ³
1133 5843 1342 5897 Celuss.
1406 5856 1486 5907 ιιι,
1520 5840 1574 5906 9,
1615 5837 1698 5894 l0.
1776 5841 1797 5872 ⁹
1838 5837 2011 5894 Exod.
2055 5855 2168 5905 τιν,
2203 5841 2289 5895 5i.

2178 4589 2508 4658 appellatio;
2556 4602 2739 4642 rerum
2771 4597 2956 4644 autem
2990 4595 3142 4642 tanta
3192 4586 3518 4650 diﬁ'ercntia,
3550 4597 3756 4657 quanta

2179 4679 2377 4734 somnii
2401 4693 2432 4731 a
2483 4680 2746 4742 veritate,
2788 4691 2853 4731 ac
2897 4679 3100 4732 umbra:
3132 4685 3186 4733 et
3222 4678 3540 4748 imaginum,
3577 4676 3758 4733 abhis

2178 4785 2299 4841 qua:
2322 4785 2515 4825 revera
2559 4769 2887 4825 subsistunt.

2383 4882 2488 4937 Sed
2514 4890 2568 4936 et
2594 4883 2710 4952 ipsa
2745 4882 2876 4936 ﬁdes
2904 4881 2957 4934 in
2983 4879 3202 4950 Moysen
3229 4892 3336 4933 non
3365 4877 3522 4932 ﬁdem
3553 4880 3608 4933 in
3636 4877 3763 4948 Spi-

2181 4973 2344 5028 ritum
2381 4989 2560 5043 parvze
2605 4987 2728 5027 esse
2775 4971 3061 5041 dignitatis
3105 4971 3382 5036 ostendit;
3429 4969 3523 5026 sed
3561 4985 3762 5025 secun-

2180 5063 2311 5118 dum
2361 5065 2592 5120 istorum
2642 5064 3143 5140 ratiocinationgn,
3186 5078 3248 5117 ea
3287 5063 3492 5133 potius,
3533 5076 3654 5132 qua:
3694 5059 3764 5114 de

2185 5155 2293 5210 Deo
2354 5155 2734 5210 universorum
2783 5153 3138 5224 proﬁtemur,
3186 5161 3460 5209 extenuat.
3525 5151 3762 5208 Credidit

2180 5247 2340 5310 enim,
2379 5245 2578 5315 inquit,
2604 5247 2828 5314 popqus
2860 5244 2988 5308 Deo,
3021 5256 3067 5300 ct
3106 5243 3282 5316 Moysi
3310 5243 3512 5314 famulo
3557 5242 3669 5310 ejus
3719 5248 3764 5296 ’.

2186 5337 2294 5391 Deo
2346 5338 2532 5406 itaque
2581 5337 2872 5407 capulatus
2924 5343 3008 5392 est
3067 5336 3300 5407 Moyses,
3332 5350 3438 5388 non
3493 5331 3761 5402 Spiritui;

2182 5438 2405 5497 eratque
2435 5437 2616 5498 typus,
2645 5444 2754 5483 non
2789 5426 3048 5498 Spiritus,
3081 5426 3174 5482 sed
3192 5424 3414 5479 Christi.
3437 5421 3572 5476 Nam
3595 5420 3686 5474 Dei
3707 5427 3761 5475 et

2185 5517 2472 5570 hominum
2519 5517 2880 5571 mediatorem
2911 5519 2951 5548 ‘°
2976 5530 3070 5584 per
3106 5530 3165 5569 se
3201 5513 3376 5582 ipsum
3409 5520 3539 5565 tunc
3571 5511 3624 5564 in
3662 5509 3762 5562 iiii-

2185 5608 2415 5663 nisterio
2462 5607 2600 5678 legis
2649 5606 3050 5679 prmtigurabat.
3097 5603 3286 5674 Neque
3337 5604 3482 5659 enim
3520 5601 3762 5672 Spiritus

2217 5771 2238 5800 ⁸
2301 5771 2424 5825 Jon.
2463 5785 2499 5825 ιι
2531 5772 2608 5841 ί1-.
2684 5773 2704 5803 ⁸
2757 5773 2917 5827 Rom.
2955 5787 3027 5840 vi,
3079 5771 3134 5826 8.
3211 5770 3232 5802 ⁸
3278 5770 3456 5828 lCor.
3524 5787 3610 5841 xv,
3671 5773 3760 5830 d9.

2372 5841 2473 5894 "l
2525 5840 2664 5896 Tim.
2702 5857 2761 5910 ιι,
2805 5841 2864 5897 5.
