4064 6382
336 342 436 406 ἳ55

1550 330 1933 392 EUTHYMII
1973 328 2337 391 ZlGABENI

3494 311 3598 377 756

338 507 508 578 tlgnra
555 514 675 561 erat
721 504 956 576 Moyses,
1005 502 1148 556 inter
1176 498 1341 552 Deum
1383 505 1434 551 et
1471 495 1725 566 pupulum
1752 493 1915 547 inter-

2052 480 2275 551 ιακονίᾳ.
2311 480 2386 533 Ob
2425 477 2535 548 γὰρ
2562 473 2656 529 τοῦ
2690 472 3008 544 Πνεύματος
3035 471 3205 532 τύπος
3235 461 3305 538 ἦν
3330 463 3591 535 Μωῦσῆς,

339 597 561 653 cedens.
615 596 747 650 Data
805 600 889 649 est
917 591 1062 646 enim
1094 590 1177 644 lex
1227 586 1493 657 disposita
1528 600 1626 656 per
1668 584 1913 656 angelos,

342 693 395 744 in
432 705 596 743 manu
627 684 945 741 mediatoris
986 680 1002 710 ¹
1038 679 1312 750 (videlicet
1338 676 1582 748 Moysis),
1615 673 1917 730 secundum

2018 573 2088 627 τὰ
2129 572 2266 644 πρὸς
2309 569 2399 624 τὸν
2448 568 2580 622 Θεὸν
2634 566 2713 638 τῷ
2742 564 2857 637 λαῷ
2894 561 3213 635 μεσιτεύων.
3260 557 3445 628 Ἐδόθη
3486 555 3595 644 γὰρ

2021 643 2185 734 νόμος
2211 658 2487 727 διαταγεὶς
2531 657 2597 709 δι’
2636 654 2881 724 ἀγγέλων
2901 692 2918 717 ,
2947 656 3005 705 ὲν
3032 650 3174 720 χειρὶ
3219 646 3436 718 μεσίτου
3470 643 3598 714 (δη-

342 779 782 853 provocationem
807 772 988 845 populi
1029 768 1290 826 dicentis:
1326 766 1559 838 Loquere
1590 776 1641 819 tu
1670 765 1839 829 nobis,
1871 772 1919 817 et

2051 756 2153 826 ,αδὴ
2181 753 2272 807 τοῦ
2300 749 2578 812 Μωῦσὲως
2600 750 2618 817 )
2637 788 2650 811 ,
2692 745 2834 799 κατὰ
2864 743 2961 814 τὴν
2996 741 3296 813 πρόκλησιν
3326 736 3420 790 τοῦ
3466 734 3597 789 λαοῦ

2068 846 2081 853 -
2356 848 2366 853 -
2408 840 2461 853 ι.
2705 838 2717 853 ι
2909 835 2923 853 \
3012 833 3104 853 ,__|
3176 830 3325 853 Ληζ,
3392 828 3484 853 νηὶ
3525 825 3597 853 ..3.

344 825 447 926 ξιοη
479 871 722 940 loquatur
749 866 896 919 nobis
928 862 1062 917 Deus
1105 864 1148 914 ².
1176 860 1362 931 Itaque
1380 859 1510 914 fides
1537 859 1592 912 in
1612 857 1832 928 Moysen
1852 854 1920 909 ad

2051 825 2299 915 ,ἐγοντοςο
2337 840 2623 908 Λάλησον
2650 838 2732 892 σὺ
2751 877 2765 901 ,
2800 835 2960 907 φησι,
2997 833 3147 902 πρὸς
3172 830 3328 900 ἡμᾶς
3347 868 3361 891 ,
3390 828 3485 883 καὶ
3512 825 3599 897 μὴ

346 961 636 1016 Dominum
677 954 941 1015 refertur,
978 951 1333 1006 mediatorem
1366 950 1509 1004 inter
1540 947 1709 1002 Deum
1738 953 1793 1000 et
1822 945 1923 997 ho-

346 1053 545 1114 mines,
593 1049 689 1119 qui
740 1046 881 1101 dixit
914 1064 927 1099 :
960 1042 1020 1098 Si
1059 1041 1339 1095 crederetis
1394 1037 1591 1109 Moysi,
1644 1033 1922 1091 crederetis

346 1145 522 1213 utique
572 1138 746 1193 mihi‘
779 1179 791 1191 .
844 1138 927 1190 An
977 1134 1143 1203 igitur
1185 1132 1337 1202 parvi
1386 1128 1644 1185 momenti
1687 1128 1820 1182 fides
1862 1125 1916 1179 in

2025 937 2282 992 λαλείτω
2309 933 2459 1003 πρὸς
2492 930 2651 1001 ἡμᾶς
2683 933 2715 984 ὁ
2739 930 2905 993 Θεός.
2945 926 3102 978 ’Ὥστε
3136 926 3169 994 ἡ
3198 925 3276 985 εἰς
3304 919 3466 974 αὐτὸν
3509 918 3601 970 πί-

2029 1047 2144 1094 στις
2181 1027 2273 1082 ἐπὶ
2314 1025 2405 1079 τδν
2444 1023 2649 1094 Κύριον
2682 1021 3054 1090 ἀναφέρεται,
3086 1016 3178 1068 τὸν
3216 1012 3441 1084 μεσίτην
3467 1006 3602 1061 Θεοῦ

2026 1117 2124 1171 καὶ
2149 1113 2469 1186 ἀνθρώπων,
2492 1112 2583 1165 τὸν
2605 1110 2827 1163 εἰπόντα
2845 1123 2857 1136 ⁸
2883 1109 2955 1159 El
2975 1105 3321 1159 ἐπιστεύετε
3349 1096 3603 1163 Μωῠσεῖ,

351 1189 519 1213 -----ι--
574 1189 599 1193 τ-
780 1189 785 1191 τ
848 1189 853 1190 κ
999 1189 1026 1203 υ
1186 1189 1201 1202 .

351 1234 661 1296 Dominum,
695 1231 822 1301 quia
863 1243 960 1299 per
995 1225 1213 1298 Moysen
1248 1224 1572 1295 praesignata
1600 1221 1724 1277 est?
1755 1218 1845 1273 Sic
1879 1219 1926 1273 si

2051 1205 2371 1260 ἑπιστεύετε
2403 1202 2480 1257 ἂν
2519 1202 2670 1271 ἐμοί.
2713 1196 2863 1271 Ἀρα
2915 1192 3007 1250 οὖν
3064 1193 3259 1266 μικρὸν
3313 1192 3346 1261 ἡ
3394 1192 3474 1253 εἰς
3516 1189 3606 1241 τὸν

345 1328 471 1397 quis
522 1325 577 1380 in
618 1323 845 1395 Moysen
877 1319 1188 1391 baptizatus
1214 1325 1319 1380 est,
1343 1332 1451 1371 non
1487 1313 1694 1368 idcirco
1732 1310 1925 1380 exigua

349 1417 588 1488 Spiritus
626 1413 808 1486 gratia
857 1412 910 1465 in
969 1409 1317 1480 baptismate.
1366 1406 1687 1473 Quanquam
1724 1400 1928 1469 alioqui

348 1526 573 1574 possum
605 1508 788 1563 dicere
810 1503 1265 1561 consuetudinem
1292 1515 1414 1555 esse
1438 1498 1753 1566 Scripturac,
1779 1493 1929 1564 Moy-

347 1602 426 1657 sis
476 1599 702 1655 nomine
740 1596 905 1651 etiam
967 1592 1279 1663 signiﬁcare
1322 1589 1517 1659 legem,
1566 1585 1712 1639 velut
1758 1582 1927 1637 illud:

351 1692 563 1748 [labent
594 1688 811 1759 Moysen
841 1695 888 1739 et
920 1684 1207 1752 prophetas
1250 1684 1292 1733 '.
1327 1678 1514 1748 itaque
1548 1676 1614 1729 de
1644 1674 1800 1741 legali
1830 1673 1895 1727 ba
1922 1703 1928 1712 -

350 1784 607 1853 ptismate
627 1780 877 1847 loquens,
906 1772 1166 1844 Baptizati
1189 1775 1338 1833 sunt,
1363 1769 1559 1835 inquit,
1587 1766 1639 1819 in
1663 1764 1845 1834 Moyse
1887 1762 1932 1817 '.

350 1878 465 1927 (Zur
496 1872 662 1942 igitur
690 1868 1073 1938 gloriationem
1107 1871 1307 1919 nostrae
1354 1860 1492 1930 spei,
1533 1867 1587 1912 et
1614 1857 1769 1910 dives
1799 1855 1930 1910 illud
1964 1855 2005 1909 Β
2036 1866 2150 1919 γων
2178 1889 2191 1911 ,

353 1967 451 2021 Dei
494 1980 559 2020 ac
594 1961 905 2019 Servatoris
955 1954 1128 2012 nostri
1168 1956 1396 2015 donum,
1432 1951 1526 2021 qui
1566 1965 1661 2020 per
1708 1964 1933 2020 regene-

351 2058 618 2112 rationem
680 2056 930 2110 renovat.
978 2047 1127 2103 velut
1176 2044 1390 2115 aquilas,
1435 2043 1780 2112 juventutem
1835 2053 1933 2091 no-

352 2157 550 2208 stram,
597 2139 1022 2210 contemptibile
1050 2136 1279 2192 reddere
1314 2141 1587 2189 conantur
1637 2131 1696 2193 ii,
1743 2129 1835 2200 qui
1866 2144 1933 2183 ex

353 2238 547 2293 umbra
575 2243 627 2289 et
655 2232 843 2301 ﬁguris
879 2227 1289 2284 calumniantur
1314 2222 1639 2281 veritatem?
1679 2219 1934 2275 Profecto

353 2328 523 2383 aliimi
566 2327 788 2380 omnino
838 2321 1111 2377 infantilis
1157 2327 1262 2383 est,
1298 2317 1561 2389 puerique
1607 2313 1696 2368 cui
1744 2326 1932 2366 revera

353 2423 491 2475 lacte
524 2424 607 2472 est
639 2429 796 2484 opus,
830 2412 1087 2482 ignorare
1135 2422 1390 2478 magnum
1431 2403 1567 2460 illud
1610 2401 1931 2474 mysterium

355 2515 561 2566 nostra:
613 2504 848 2561 salutis:
885 2501 1029 2579 quod
1073 2496 1537 2570 quemadmodum
1590 2493 1657 2547 ad
1702 2489 1939 2560 discipli-

351 2616 452 2657 nas
501 2596 792 2652 diseendas
827 2591 1097 2648 introduci
1142 2591 1404 2651 solemus,
1440 2589 1515 2641 ita
1568 2586 1623 2638 in
1671 2582 1937 2639 exercita-

354 2693 504 2744 tione
546 2689 787 2757 pietatis,
846 2685 980 2738 dum
1033 2680 1101 2736 ad
1153 2679 1547 2752 perfectionem
1604 2674 1936 2735 inducimur,

356 2782 595 2853 primum
639 2778 806 2833 rebus
854 2792 976 2848 qua:
1007 2775 1223 2830 facilius
1260 2770 1658 2842 percipiuntur,
1712 2775 1765 2821 et
1809 2780 1943 2837 qua-

357 2887 480 2926 rum
508 2869 749 2942 cognitio
779 2868 936 2922 nobis
964 2866 1238 2937 congruit,
1269 2878 1369 2918 ceu
1405 2860 1596 2931 primis
1618 2858 1940 2929 quibusdam

356 2960 646 3015 elementis
678 2956 907 3013 instituti
951 2970 1176 3021 sumus;
1234 2951 1348 3007 Deo
1379 2951 1471 3022 qui
1518 2958 1703 3005 nostra
1753 2948 1948 3019 guber-

358 3061 475 3116 nat,
506 3050 660 3119 quasi
690 3050 882 3105 oculos
910 3048 963 3103 in
1000 3046 1235 3103 tenebris
1265 3045 1555 3109 cnutritos,
1590 3043 1654 3098 ad
1686 3055 1942 3112 magnum

2031 1301 2226 1372 Κύριον
2253 1299 2433 1361 πίστις
2459 1337 2472 1359 ,
2508 1294 2695 1365 ἐπειδὴ
2739 1291 2829 1346 διὰ
2866 1288 3143 1350 Μωῦσέως
3182 1283 3605 1357 προεσημάνθη;
3644 1339 3662 1355 .

2033 1371 2217 1456 eam;
2266 1390 2385 1445 οὐδὲ
2431 1387 2588 1450 εἴτις
2636 1387 2715 1448 εἰς
2767 1381 3008 1451 Μωῦσῆν
3061 1376 3393 1447 ἐϐαπτίσθη,
3438 1371 3610 1446 μικρὰ

2033 1487 2069 1557 ἡ
2101 1486 2205 1538 ἀπὸ
2234 1481 2327 1535 τοῦ
2354 1478 2669 1549 Πνεύματος
2713 1474 2804 1528 ἐπὶ
2847 1473 2907 1525 τὸ
2950 1471 3230 1542 βάπτισμα
3263 1468 3441 1538 χάρις.
3477 1466 3612 1517 Καί-

2032 1556 2183 1644 τοιγε
2227 1572 2334 1644 ἔχω
2366 1566 2595 1639 λέγειν,
2646 1568 2725 1620 ὅτι
2774 1561 3016 1630 Μωῢσῆν
3068 1558 3164 1613 καὶ
3206 1558 3297 1611 τὸν
3342 1556 3506 1626 νόμον
3542 1558 3609 1626 τῇ

2035 1668 2226 1738 Γραφῇ
2276 1664 2456 1731 λέγειν
2492 1659 2756 1729 σύνηθες·
2805 1654 2880 1717 ὡς
2923 1652 3015 1716 τὸ,
3068 1651 3317 1719 Ἔχουσι
3357 1644 3613 1701 Mamaea

2037 1734 2134 1811 xui
2168 1734 2307 1821 τοὺς
2343 1750 2667 1821 προφήτας.
2701 1746 2775 1799 Τὸ
2820 1741 2912 1799 οῦν
2937 1741 3159 1813 νομικὸν
3206 1738 3490 1809 βάπτισμα
3524 1734 3615 1788 λέ-

2242 1841 2707 1911 Ὲϐαπτίσθησαν,
2755 1832 2942 1899 εἶπεν,
2987 1835 3068 1896 εἰς
3110 1830 3203 1884 τὸν
3251 1827 3513 1897 Μωῦσῆν.
3547 1824 3613 1878 Τί

2039 1915 2134 1995 οὖν
2160 1942 2222 1993 τὸ
2248 1938 2506 2007 καύχημα
2531 1936 2631 2004 τῆς
2655 1928 2864 1991 ἐλπίδος
2889 1924 3047 1997 ἡμῶν
3067 1962 3082 1986 ,
3113 1922 3208 1975 καὶ
3232 1918 3330 1991 τὴν
3354 1915 3614 2007 πλουσίαν

2039 2031 2132 2086 τοῦ
2172 2029 2305 2082 Θεοῦ
2354 2027 2447 2080 καὶ
2482 2022 2734 2092 Σωτῆρος
2783 2015 2940 2088 ἡμῶν
2986 2011 3223 2084 δωρεὰν,
3269 2007 3363 2062 τοῦ
3395 2006 3484 2059 διὰ
3513 2005 3615 2075 τῆς

2042 2118 2458 2189 παλιγγενεσίας
2491 2109 2924 2173 ἀνακαινίζοντος
2955 2103 3110 2177 ημῶν
3132 2142 3146 2164 ,
3175 2101 3251 2164 ὡς
3284 2096 3443 2153 ἀετοῦ
3471 2136 3485 2160 ,
3514 2096 3615 2165 τὴν

2040 2216 2306 2286 νεότητα,
2357 2205 2830 2277 εύκαταφρόνητον
3034 2194 3372 2251 δεικνύουσιν
3416 2193 3465 2243 οἱ
3508 2189 3617 2242 ἀπ’)

2041 2309 2138 2378 τῆς
2167 2282 2324 2367 σκιᾶς
2352 2302 2443 2355 καὶ
2465 2298 2573 2352 τῶν
2594 2295 2779 2350 τύπων
2805 2292 2901 2364 τὴν
2925 2289 3183 2360 ἀλήθειαν
3209 2282 3615 2344 διαϐάλλοντες

2040 2396 2223 2453 *Ηπου
2268 2393 2465 2465 νηπίας
2510 2387 2705 2461 φρενὸς
2741 2381 3018 2445 παντελῶς
3061 2378 3217 2433 τοῦτο
3241 2417 3254 2441 ,
3292 2375 3387 2427 καὶ
3429 2372 3619 2433 παιδός

2042 2508 2185 2554 τινος
2231 2461 2570 2555 ὼς-ὰληθῶς
2622 2479 2891 2548 γάλακτος
2939 2471 3195 2542 δεομένου
3221 2508 3235 2531 ,
3292 2466 3508 2534 ἀγνοεῖν
3554 2461 3619 2515 τὸ

2048 2552 2190 2654 μέγα
2229 2578 2326 2648 τῆς
2360 2552 2630 2644 σωτηρίας
2663 2568 2818 2640 ήμῶν
2856 2563 3152 2636 μυστήριον
3175 2598 3191 2623 ,
3226 2558 3307 2610 ὅτι
3343 2553 3485 2609 κατά
3520 2552 3614 2654 τὸν

2049 2643 2409 2740 εἰσαγωγικδν
2453 2643 2554 2732 τῆς
2607 2657 2951 2719 διδασκαλίας
3004 2652 3240 2724 τρόπον,
3289 2651 3346 2701 ὲν
3377 2651 3443 2718 τῇ
3476 2643 3619 2699 κατά

2050 2763 2147 2835 τὴν
2186 2760 2465 2813 εὐσέϐειαν
2495 2753 2771 2826 γυμνασίᾳ
2804 2749 2940 2821 πρὸς
2982 2746 3079 2817 τὴν
3116 2743 3393 2796 τελείωσιν
3425 2739 3619 2807 ἐναγό-

2056 2874 2239 2927 μενοι,
2274 2856 2386 2918 τοῖς
2432 2848 2847 2922 εύληπτοτέροις
2898 2842 3115 2915 πρῶτον
3156 2839 3250 2893 καὶ
3289 2838 3621 2907 συμμέτροις

2055 2948 2187 3017 ἡμῖν
2238 2945 2383 3000 κατά
2427 2943 2525 3014 τὴν
2584 2942 2789 3010 γνῶσιν
2844 2937 3337 3009 ὲστοιχειώθημενο
3399 2932 3496 2987 τοῦ
3550 2932 3634 2987 οίιρ

2058 3037 2420 3108 κσνομοῦντος
2472 3036 2542 3090 τὰ
2606 3035 2880 3106 ἡμέτερα,
2955 3031 3144 3103 ὥσπερ
3193 3027 3511 3099 ὀφθαλμοὺς
3574 3025 3636 3077 ὲν

358 3140 609 3194 veritatis
674 3140 879 3203 lumen,
939 3137 1202 3207 paulatim
1257 3132 1694 3198 assuefacicndo,
1749 3131 1942 3186 subve-

2056 3131 2237 3202 σκότῳ
2262 3131 2600 3201 τραφέντας,
2626 3129 2706 3198 τῷ
2741 3126 2864 3181 κατ’
2892 3126 3076 3196 ὀλίγον
3124 3122 3342 3194 ἐθισμῷ
3390 3120 3529 3191 πρὸς
3573 3119 3635 3171 τὸ

360 3235 547 3290 liente.
577 3232 715 3288 Dum
750 3233 895 3289 enim
925 3231 1228 3285 iulirmitati
1264 3238 1463 3283 nostrae
1485 3227 1681 3299 parcit,
1734 3226 1787 3281 in
1822 3239 1948 3294 pro—

364 3328 534 3382 funda
562 3326 848 3396 sapientiae
874 3339 988 3379 suae.
1037 3322 1337 3392 opulentia.
1364 3323 1531 3391 inque
1561 3320 1950 3390 imperscruta-

362 3419 569 3475 bilibus
602 3417 976 3489 intelligentia:
1041 3431 1158 3471 sua:
1214 3414 1438 3484 iudieiis
1486 3411 1754 3483 placidam
1804 3411 1950 3465 hanc

366 3510 641 3581 nobisque
701 3508 1121 3563 accommodant
1205 3506 1453 3561 adhibuit
1529 3502 1950 3566 institutionem,

363 3606 519 3677 prius
594 3618 888 3672 corporum
961 3601 1188 3656 umbras
1260 3598 1482 3664 intueri,
1548 3604 1602 3652 et
1666 3596 1720 3651 in
1794 3597 1951 3666 aquis

364 3693 538 3747 solem
597 3707 822 3747 cernere
879 3690 1320 3758 consuefacieus,
1355 3704 1423 3743 ne
1454 3689 1704 3759 protinus
1735 3699 1953 3757 specta-

366 3784 492 3838 culo
520 3800 668 3854 purae
705 3784 844 3840 lucis
877 3784 1068 3840 offensi
1127 3782 1513 3853 caligat-emus.
1567 3780 1648 3835 Ad
1686 3780 1945 3835 consimi-

373 3874 481 3928 lem
519 3874 664 3928 enim
694 3874 961 3928 rationem
1000 3883 1113 3929 tum
1144 3875 1231 3927 lex
1280 3874 1529 3928 umbram
1560 3870 1767 3926 habens
1799 3872 1949 3926 lutu-

368 3980 557 4022 rorum
583 3974 630 4037 °,
668 3978 782 4022 tum
814 3983 913 4038 per
953 3966 1246 4037 prophetas
1294 3964 1435 4020 facta
1466 3963 1598 4019 olim
1634 3963 1953 4030 delineatio,

366 4074 492 4123 quae
524 4068 609 4114 est
637 4059 884 4115 veritatis
909 4058 1167 4129 aenigma,
1199 4057 1627 4111 exercitamenta
1669 4056 1955 4110 oculorum

372 4151 558 4206 cordis
593 4151 906 4221 excogitata
949 4157 1115 4203 sunt:
1151 4136 1296 4217 quod
1336 4147 1591 4202 videlicet
1630 4148 1700 4201 ab
1730 4147 1814 4202 bis
1872 4146 1958 4201 fu-

368 4247 535 4290 turus
563 4244 682 4289 erat
718 4236 877 4289 nobis
909 4235 1177 4290 txansitus
1208 4235 1385 4290 facilis
1419 4236 1485 4289 ad
1522 4235 1857 4290 reconditam
1904 4237 1957 4289 in

372 4326 638 4397 mySterio
691 4326 1041 4395 sapientiam.

374 4551 633 4626 Ejusdem
652 4555 792 4626 quod
822 4558 875 4609 in
909 4556 1054 4626 omni
1075 4557 1286 4611 notione
1308 4555 1542 4626 Spiritus
1579 4562 1951 4617 sanctusinse-

447 4625 708 4691 parabilis
774 4638 851 4680 est
914 4644 945 4679 α
987 4625 1153 4682 Patre
1184 4638 1231 4682 et
1284 4626 1452 4693 Filio,
1478 4630 1585 4683 sire
1606 4631 1659 4683 in
1687 4634 1955 4688 creatione

447 4694 869 4764 intelligibilium
921 4706 1314 4763 creaturarum,
1401 4700 1509 4754 sive
1563 4701 1616 4753 in
1693 4702 1957 4756 humana-

453 4780 569 4818 rum
599 4767 1217 4843 rerum_dispei_isatioue,
1253 4770 1359 4824 sire
1388 4772 1440 4823 iu
1463 4769 1675 4840 judicio
1708 4774 1847 4843 quod
1870 4790 1960 4826 ex-

448 4844 737 4902 spectatur.
765 4834 894 4904 Cap.
924 4838 1012 4893 16.

453 4970 535 5026 Ad
618 4971 672 5027 id
720 4971 888 5041 igitur
939 4974 1085 5044 quod
1130 4975 1287 5031 initio
1353 4978 1665 5033 institutum
1736 4990 1821 5032 est
1881 4994 1966 5030 re-

386 5066 642 5133 deamus,
738 5067 882 5137 quod
953 5069 1208 5126 videlicet
1280 5070 1336 5124 in
1400 5072 1659 5124 omnibus
1729 5069 1967 5141 Spiritus

385 5168 612 5215 sanctus
641 5159 1029 5229 inseparabilis
1072 5171 1126 5216 et
1158 5175 1386 5232 prorsus
1442 5161 1795 5216 indistractus
1834 5160 1904 5214 sit
1939 5177 1966 5214 a

384 5250 547 5307 Patre
593 5259 648 5306 et
686 5248 847 5306 Filio.
889 5250 1093 5309 Paulus
1139 5251 1445 5309 Corinthiis
1487 5252 1740 5308 scribens
1782 5266 1847 5306 eo
1912 5254 1967 5305 in

390 5344 514 5399 loco
555 5342 611 5398 in
667 5358 779 5415 quo
811 5346 879 5400 de
914 5346 1062 5400 dono
1113 5346 1425 5417 linguarum
1474 5354 1693 5411 tractat,
1740 5347 1851 5400 ait:
1912 5345 1973 5400 Si

388 5451 568 5490 omnes
590 5437 885 5506 prophetis,
924 5437 1263 5505 ingrediatur
1290 5447 1466 5492 autem
1524 5440 1720 5508 aliquis
1778 5439 1972 5509 inﬁde-

389 5525 479 5591 lis,
516 5538 611 5581 aut
650 5528 842 5593 idiota,
875 5531 1125 5597 arguitur
1174 5528 1240 5583 ab
1299 5530 1564 5597 omnibus,
1636 5530 1972 5601 dijudicatur

2060 3225 2203 3294 μέγα
2230 3224 2346 3292 φῶς
2368 3224 2467 3292 τῆς
2494 3221 2757 3291 ἀληθείας
2807 3220 3125 3289 ἀνάγοντος.
3162 3215 3346 3269 Φειδοῖ
3392 3214 3503 3280 γὰρ
3532 3212 3635 3279 τῆς

2056 3317 2347 3380 ἀσθενείας
2379 3315 2560 3387 ἡμῶν,
2595 3317 2652 3368 ἐν
2690 3315 2768 3386 τῷ
2802 3314 2961 3385 βάθει
2992 3311 3086 3367 τοῦ
3117 3308 3357 3363 πλούτου
3391 3307 3493 3375 τῆς
3545 3320 3639 3356 σοι

2057 3414 2185 3483 φίας
2222 3411 2414 3475 αὐτοῦ,
2474 3413 2571 3466 κοιλ⁸
2621 3413 2735 3474 τοῖς
2768 3408 3203 3478 ἀνεξιχνιὰστοις
3249 3402 3484 3474 κρίμασι
3534 3400 3638 3469 τῆς

2058 3503 2330 3564 συνέσεως
2376 3502 2477 3573 τὴν
2532 3500 2785 3572 προσηνῆ
2846 3500 3054 3568 ταύτην
3128 3496 3225 3550 καὶ
3296 3494 3642 3564 εὐάρμοστον

2060 3594 2190 3664 ἡμῖν
2216 3592 2504 3659 ὑπέδειξεν
2534 3592 2787 3663 ἀγωγὴν,
2842 3592 2945 3654 τὰς
2973 3588 3135 3650 σκιὰς
3196 3587 3468 3657 πρότερον
3508 3583 3643 3654 δρᾷν

2057 3686 2170 3739 τῶν
2230 3685 2527 3756 σωμάτων,
2614 3684 2710 3737 καὶ
2775 3685 2834 3736 ὲν
2868 3681 3027 3736 ὕδατι
3058 3679 3279 3751 βλέπειν
3344 3676 3437 3731 τὸν
3491 3675 3647 3747 ἥλιον

2058 3776 2388 3849 προεθίζων,
2421 3777 2499 3841 ὡς
2520 3775 2594 3848 μὴ
2623 3777 2783 3838 εὐθὺς
2818 3778 2884 3847 τῇ
2936 3774 3033 3845 θέᾳ
3069 3773 3163 3827 τοῦ
3190 3770 3433 3842 ἀκράτου
3468 3768 3647 3839 φωτὸς

2061 3866 2476 3937 προσϐαλόντας
2506 3866 2933 3936 ἁμαυρωθῆναι.
2959 3864 3117 3918 Κατά
3150 3862 3260 3933 γὰρ
3288 3862 3382 3915 τὸν
3415 3860 3531 3915 ἴσον
3554 3860 3647 3912 λό-

2061 3975 2160 4024 γον
2191 3959 2219 4012 δ
2247 3976 2305 4012 τε
2335 3963 2523 4029 νόμος,
2579 3960 2742 4012 σκιὰν
2775 3958 2915 4029 ἔχων
2956 3956 3066 4011 τῶν
3115 3956 3446 4026 μελλόντων.
3487 3956 3582 4009 καὶ
3616 3957 3650 4024 ἡ

2060 4048 2149 4101 διὰ
2179 4048 2287 4100 τῶν
2330 4047 2631 4119 προφητῶν
2691 4050 3051 4120 προτύπωσις
3087 4049 3322 4118 αἴνιγμα
3374 4046 3510 4102 οῦσα
3548 4045 3650 4115 τῆς

2066 4136 2349 4204 ἀληθείας,
2395 4139 2788 4209 γυμναστήρια
2811 4138 2918 4192 τῶν
2942 4137 3241 4210 ὀφθαλμῶν
3269 4138 3369 4208 τῆς
3418 4136 3650 4208 καρδίας

2068 4230 2438 4301 ἐπινενόηται*
2487 4232 2564 4292 ὡς
2594 4231 2704 4284 ἀπὸ
2734 4230 2941 4286 τούτων
3002 4232 3196 4304 ῥᾳδίας
3243 4229 3344 4300 τῆς
3409 4229 3651 4301 μεταδά-

2067 4339 2205 4386 σεως
2235 4323 2368 4393 ἡμῖν
2401 4324 2540 4390 πρδις
2577 4323 2679 4393 τὴν
2709 4323 3223 4396 ἀποκεκρυμμένην
3272 4324 3331 4376 ὲν
3360 4322 3650 4395 μυστηρίῳ

2070 4419 2265 4485 σοφίαν
2288 4418 2688 4489 γενησομένης.

2070 4558 2190 4639 T012
2229 4557 2419 4639 αὐτοῦ
2467 4557 2946 4639 δτι-ἀχώριστον
2990 4558 3093 4639 {rei
3134 4558 3354 4639 ⁸πιίονης
3407 4558 3656 4639 ἑννοίας

2139 4634 2372 4698 Πατρός
2401 4631 2500 4683 καὶ
2533 4629 2672 4683 Υίοῦ
2702 4634 2769 4682 τὸ
2794 4631 2967 4695 ἅγιον
3003 4630 3271 4697 Πνεῦμα,
3329 4630 3405 4684 ἐπ
3445 4646 3510 4683 τε
3535 4629 3652 4697 τῆς

2137 4697 2517 4766 τῶι-νοητῶν
2545 4700 2956 4768 δημιουργίας,
2981 4699 3081 4754 καί
3119 4700 3218 4753 ἐπὶ
3245 4699 3356 4769 τῆς
3391 4697 3511 4753 τῶν
3543 4700 3652 4754 άν-

2139 4771 2387 4837 Ορώπων
2411 4770 2777 4841 οἰκονομίας,
2810 4770 2915 4841 καί
2944 4771 3042 4824 ἐπὶ
3074 4769 3188 4840 τῆς
3224 4769 3652 4841 προσδοκωμέ-

2135 4859 2250 4906 νης
2278 4841 2552 4905 κρίσεως.
2581 4839 2804 4907 Κεφάλ.
2838 4840 2937 4906 ις’.

2157 4971 2281 5026 Ἐπὶ
2315 4969 2413 5025 οῦν
2446 4969 2506 5024 τὸ
2538 4970 2595 5036 ἐξ
2630 4970 2806 5040 ἀρχῆς
2858 4969 3194 5038 ἐπανίωμεν,
3234 4969 3384 5032 ὅπως
3444 4971 3500 5022 ὲν
3559 4970 3663 5022 πᾶ-

2078 5086 2164 5122 σιν
2197 5064 2501 5136 ἀχώριστόν
2536 5067 2654 5118 ἐστι
2687 5066 2780 5116 καὶ
2798 5064 3122 5117 ἀδιάστατον
3145 5062 3428 5127 παντελῶς
3450 5064 3664 5132 Πατρὶς

2080 5163 2173 5214 καὶ
2203 5158 2337 5212 Υἱοῦ
2376 5159 2438 5212 τὺ
2493 5158 2650 5227 ἆγιον
2680 5157 2927 5226 Πνεῦμα.
2973 5156 3064 5210 Ἐν
3096 5156 3173 5226 τῷ
3204 5158 3333 5227 περὶ
3377 5156 3472 5210 τοῦ
3513 5156 3666 5225 lapi-

2079 5270 2287 5323 σματος
2320 5253 2432 5306 τῶν
2465 5250 2733 5320 γλωσσῶν
2781 5251 2954 5320 τόπῳ,
2989 5250 3301 5321 Κορινθίοις
3337 5248 3667 5303 ἐπιστέλλων

2076 5350 2107 5401 ὁ
2171 5344 2404 5408 Παῦλος
2468 5345 2617 5400 Ἐὰν
2676 5344 2927 5409 πάντες,
3009 5346 3164 5414 φησὶ,
3232 5343 3667 5413 προφητεύητε,

2078 5440 2328 5507 εἰσέλθῃ
2385 5437 2453 5492 δέ
2495 5457 2587 5505 τις
2644 5437 2906 5504 ἄπιστος
2956 5435 2994 5508 ἢ
3045 5437 3305 5505 ἰδιώτης,
3359 5438 3669 5505 ἐλέγχεται

2082 5530 2202 5585 ὑπὸ
2229 5529 2494 5597 πάντων,
2531 5529 2918 5598 ἀνακρίνεται
2956 5529 3073 5583 ὑπὸ
3109 5527 3375 5592 πάντων,
3406 5528 3503 5580 ’τὰ
3533 5543 3669 5596 apv-

468 5764 489 5797 ⁸
515 5766 635 5826 Gal.
666 5783 743 5835 Ill,
786 5771 874 5828 l9.
950 5771 970 5803 ’
1002 5770 1173 5829 Exod.
1208 5786 1300 5844 xx,
1348 5772 1439 5833 l9.-
1510 5774 1531 5808 ³
1561 5771 1721 5832 Joan.
1762 5789 1814 5841 v,
1850 5771 1939 5829 46.

2078 5772 2211 5835 Luc.
2240 5791 2349 5845 xvi,
2390 5776 2481 5833 ‘29.
2561 5774 2632 5831 'l
2692 5771 2821 5831 Cor.
2871 5788 2923 5842 χ,
2958 5776 3013 5831 2.
3092 5777 3112 5809 ο
3150 5771 3312 5830 llebr.
3354 5787 3407 5838 τ,
3454 5773 3502 5830 l.

667 5981 697 6003 δ
