4064 6382
472 320 579 383 7L7

471 553 681 608 πεσὼν
726 551 824 605 ἐπὶ
883 552 1245 619 πρόσωπον,
1302 546 1720 616 προσκυνήσει
1780 544 1860 611 τῷ
1900 545 2060 612 Θεῷ,

472 642 895 714 ἀπαγγέλλων,
930 643 1019 696 ὅτι
1050 644 1083 697 ὀ
1119 642 1263 709 θεὸς
1293 643 1480 707 ὅντως
1519 641 1589 693 ἐν
1613 638 1757 708 ὑμῖν
1779 639 1970 692 ἐστιν.
2000 639 2064 691 Εἰ

472 737 654 789 τοίνυν
688 737 753 788 ἐκ
793 737 892 805 τῆς
938 735 1307 807 προφητείας,
1343 735 1441 806 τῆς
1481 733 1623 788 κατὰ
1661 733 1761 804 τὴν
1800 732 2064 803 διαίρεσιν

472 829 586 882 τῶν
615 828 971 902 χαρισμάτων
1005 826 1098 880 τοῦ
1137 828 1455 897 Πνεύματος
1493 824 1893 896 ἐνεργουμένης
1914 864 1928 888 ,
1953 824 2066 875 ἐπι·

474 918 804 987 γινώσκεται
838 922 865 972 ὁ
896 919 1028 982 θεὸς
1064 922 1122 976 ὲν
1149 922 1262 981 τοῖς
1290 919 1599 990 προφήταις
1630 912 1768 969 εἶναι
1790 957 1805 979 ,
1844 915 2064 986 βουλευ-

476 1010 765 1064 σάσθωσαν
803 1005 949 1065 οὗτοι
990 1011 1152 1064 ποίαν
1185 1010 1369 1083 χώραν
1403 1008 1743 1064 ἀποδώσουσι
1780 1008 1859 1079 τῷ
1892 1008 2065 1061 Ilva-.5-

479 1118 612 1173 ματι
658 1102 736 1173 τῷ
770 1102 908 1173 ἁγίῳ
931 1120 943 1133 ·
994 1103 1223 1174 πότερον
1268 1102 1405 1174 μετὰ
1443 1101 1577 1155 Θεοῦ
1619 1100 1842 1154 τάσσειν
1870 1138 1886 1163 ,
2032 1101 2065 1169 ἢ

478 1196 618 1266 πρὸς
663 1197 762 1266 τὴν
810 1197 987 1249 κτίσιν
1028 1195 1248 1260 ἐξωθεῖν
1286 1195 1645 1265 δικαιότερον.
1682 1194 1791 1246 Καὶ
1824 1193 1886 1246 τὸ
1929 1194 2067 1264 πρὸς

477 1289 798 1359 Σάπιρειραν
845 1287 951 1340 ὑπὸ
984 1288 1190 1359 Πέτρου
1216 1301 1230 1314 ⁶
1272 1287 1332 1340 Τί
1360 1287 1449 1341 ὅτι
1485 1284 1889 1355 συνεφωνήθη
1926 1284 2069 1354 ὑμῖν

478 1380 761 1448 πειράσαι
797 1380 861 1432 τὸ
914 1378 1159 1448 Πνεῦμα
1206 1380 1271 1433 τὸ
1302 1379 1515 1449 cii-tor;
1554 1381 1665 1433 οὐκ
1718 1378 2069 1446 ἐψεύσασθε

477 1468 848 1537 ἀνθρώποις,
876 1469 1040 1522 ἀλλὰ
1070 1467 1226 1535 Θεῷ·
1258 1470 1549 1535 δείκνυσιν,
1581 1470 1662 1522 ὅτι
1707 1469 1775 1522 τά
1815 1466 1956 1522 αὐτὰ
1989 1470 2069 1532 εἰς

477 1562 542 1616 τὸ
574 1562 798 1632 Πνεῦμα
824 1562 883 1614 τὸ
907 1562 1062 1630 ἅγιον
1081 1562 1173 1614 καὶ
1195 1564 1273 1622 εἰς
1294 1562 1425 1615 Θεὸν
1443 1564 1557 1615 ἐστι
1579 1562 1648 1614 τά
1670 1562 2065 1632 ἁμαρτήματα.

480 1654 591 1705 Καὶ
616 1652 758 1704 οὕτω
779 1651 822 1703 δ’
857 1651 923 1704 ἂν
949 1650 1012 1703 τὸ
1044 1651 1279 1719 συναφὲς
1310 1652 1403 1703 καὶ
1437 1650 1739 1721 ἀδιαίρετον
1780 1649 1921 1703 κατά
1960 1651 2066 1702 πᾶ-

482 1761 583 1797 σαν
621 1744 902 1815 ἐνέργειαν
931 1742 1039 1795 ἀπὸ
1082 1742 1296 1814 Πατρῦς
1324 1745 1416 1796 καὶ
1450 1744 1581 1795 Υξοῦ
1622 1742 1716 1795 τοῦ
1753 1740 2072 1812 Πνεύματος

477 1833 807 1905 διδαχθείης.
846 1832 1228 1903 Ἐνεργοῦντος
1352 1832 1446 1884 τοῦ
1485 1832 1620 1885 Ε)εοῦ
1652 1833 1750 1895 τὰς
1776 1831 2071 1902 διαιρέσεις

479 1927 590 1981 τῶν
639 1926 1067 1996 ἐνεργημάτων,
1110 1924 1206 1977 καὶ
1249 1924 1343 1977 τοῦ
1384 1924 1589 1995 Κυρίου
1637 1925 1736 1986 τὰς
1777 1924 2072 1994 διαιρέσεις

478 2018 590 2070 τῶν
622 2017 908 2070 διακονιῶν
933 2057 946 2078 ,
987 2016 1333 2088 συμπάρεστι
1383 2015 1441 2068 τὸ
1482 2016 1635 2082 ἅγιον
1673 2013 1932 2085 Πνεῦμα,
1972 2014 2072 2084 τὴ]

478 2112 741 2182 διανομὴν
787 2111 895 2163 τῶν
927 2110 1286 2183 χαρισμάτων
1328 2109 1461 2180 πρὸς
1505 2109 1605 2179 τὴν
1649 2108 1806 2174 ἀξίαν
1838 2107 2072 2160 ἑκάστου

481 2200 846 2267 αὐτεξουσίως
877 2200 1212 2272 οἱκονομοῦν.
1246 2200 1573 2268 Διαιρέσεις
1602 2200 1734 2269 γὰρ,
1763 2201 1898 2269 φησὶ
1917 2240 1930 2265 ,
1965 2218 2071 2269 χα-

476 2294 789 2365 ρισμάτων
819 2296 937 2347 εἰσὶ
960 2334 974 2359 ,
1008 2294 1071 2347 τὸ
1112 2294 1181 2346 δὲ
1220 2293 1367 2347 αὐτὸ
1414 2293 1676 2362 Πνεῦμα.
1713 2294 1821 2347 Καὶ
1855 2292 2059 2361 διαιρέ-

481 2404 620 2453 σεις
662 2385 982 2439 διακονιῶν
1025 2387 1205 2447 εἰσιν,
1247 2387 1279 2438 ὀ
1326 2383 1394 2436 δὲ
1434 2385 1618 2448 αὐτὸς
1669 2384 1903 2451 Κύριος.
1960 2384 2069 2435 Καὶ

482 2479 807 2547 διαιρέσεις
841 2477 1260 2547 ἐνεργημάτων
1287 2476 1465 2539 εἰσὶν,
1507 2479 1539 2529 ό
1579 2475 1647 2528 δὲ
1681 2477 1862 2540 uituli;
1893 2475 2069 2540 Θεὸς,

484 2574 519 2624 ό
549 2569 807 2640 ἐνεργῶν
837 2571 906 2622 τὰ
955 2567 1153 2620 πάντα
1191 2568 1261 2619 ἐν
1290 2565 1460 2620 πᾶσι.
1497 2570 1690 2620 Ταῦτα
1735 2565 1803 2618 δὲ
1840 2565 2036 2619 πάντα
2058 2606 2071 2628 ,

485 2668 672 2737 φησὶν,
705 2664 937 2734 ἐνεργεῖ
969 2664 1034 2716 τὸ
1062 2662 1132 2715 ἓν
1161 2662 1257 2715 καὶ
1308 2661 1370 2714 τό
1417 2661 1562 2715 αὐτὸ
1599 2660 1840 2730 Πνεῦμα
1864 2700 1876 2722 ,
1921 2660 2071 2713 διαι-

477 2756 770 2826 ροῡνίδίᾳ
799 2755 1056 2818 ἑκάστῳ,
1086 2751 1282 2817 καθὼς
1297 2753 1611 2816 βούλεται.
1641 2752 1716 2804 UO
1751 2751 1855 2822 μὴν
1884 2751 2073 2821 ἐπειδὴ

490 2848 709 2917 πρῶτον
743 2845 977 2901 ἐνταῦθα
1007 2843 1101 2899 τοῦ
1134 2843 1450 2914 Πνεύματος
1486 2844 1514 2895 ὁ
1565 2843 1886 2906 ’Λπόστολος
1942 2844 2072 2895 ἐπε-

490 2938 724 3010 μνήσθη,
764 2938 856 2991 καὶ
882 2937 1132 3008 δεύτερον
1174 2935 1268 2989 τοῦ
1293 2936 1445 3000 Υἱοῦ,
1469 2936 1561 2988 καὶ
1594 2935 1775 3006 τρίτον
1809 2935 1902 2988 τοῦ
1938 2934 2073 2988 Θεοῦ

482 3032 583 3086 καὶ
628 3030 873 3101 Πατρδς,
908 3029 1008 3099 ἤδη
1066 3026 1172 3099 χρὴ
1220 3026 1449 3079 καθόλου
1491 3024 1731 3096 νομίζειν
1777 3026 2075 3096 ἀντεστρα⁴

486 3216 663 3287 ἀρχὴν
702 3213 924 3267 ἔλαϐεν·
964 3211 1152 3281 ἐπειδὴ
1188 3210 1575 3280 ὑποδεχόμενοι
1605 3210 1671 3262 τά
1704 3208 1882 3279 δῶρα,
1919 3207 2076 3279 πρῶ-

483 3326 581 3362 τον
613 3306 1012 3376 ἐντυγχάνομεν
1030 3303 1107 3374 τῷ
1135 3304 1446 3374 διανέμτιντι
1468 3320 1480 3333 ·
1519 3298 1638 3354 εἶτα
1668 3301 1955 3371 ἐννοοῦμεν
1986 3294 2107 3354 τδνί

486 3398 918 3455 ἀποστείλαντα·
953 3392 1071 3449 εἷτα
1113 3396 1388 3464 ἀνάγομεν
1417 3394 1515 3464 τὴν
1543 3392 1839 3462 ἐνθύμησιν
1865 3394 1956 3445 ἐπὶ
1978 3393 2074 3463 τὴν

486 3493 675 3564 πηγὴν
707 3493 799 3544 καὶ
832 3490 1012 3544 αἰτίαν
1042 3488 1148 3540 τῶν
1185 3487 1425 3555 ἀγαθῶν.

695 3585 903 3651 Μάθοις
940 3586 983 3639 δ’
1026 3586 1092 3641 ἂν
1122 3587 1218 3658 τὴν
1266 3586 1400 3658 πρὸς
1431 3586 1648 3656 Πατέρα
1684 3586 1777 3639 καὶ
1822 3583 1945 3637 Υἱὸν
1974 3574 2068 3635 τοῦ

492 3674 813 3747 Πνεύματος
843 3678 1128 3732 κοινωνίαν
1177 3680 1270 3731 καὶ
1300 3681 1365 3731 ὲκ
1402 3677 1511 3731 τῶν
1655 3672 2068 3747 δημιουργημά-

490 3783 601 3818 των
632 3768 741 3820 τῶν
782 3767 842 3832 ἐξ
883 3768 1079 3839 ἀρχῆς.
1127 3769 1194 3821 Αἱ
1227 3767 1335 3839 γάρ
1368 3768 1603 3838 καθαραὶ
1637 3768 1731 3820 καὶ
1762 3767 1945 3837 νοεραὶ
1976 3765 2071 3818 καὶ

493 3859 854 3929 ὑπερκόσμιοι
882 3860 1141 3932 δυνάμεις
1181 3862 1336 3930 ἅγιαι
1372 3861 1465 3914 καί
1494 3862 1602 3913 εἰσι
1648 3861 1741 3914 καὶ
1779 3859 2071 3928 ὀνομάζον-

492 3965 606 4013 ται,
639 3951 702 4002 ὲκ
732 3952 833 4020 τῆς
880 3952 1032 4023 παρά
1067 3952 1162 4004 τοῦ
1211 3953 1367 4021 ἁγίου
1408 3952 1723 4022 Πνεύματος
1767 3948 2070 4018 ἑνδοθείσης

494 4038 717 4107 χάριτος
771 4040 864 4095 τὸν
911 4042 1179 4112 ἁγιασμὸν
1232 4042 1586 4114 κεκτημέναι.
1649 4042 1811 4093 Ὥστε
1869 4040 2069 4091 ἀποσε-

496 4128 766 4201 σιὼπηται
802 4132 901 4202 μὲν
942 4135 970 4186 ὁ
1018 4134 1219 4205 τρόπος
1251 4133 1351 4203 τῆς
1396 4134 1626 4196 κτίσεως
1655 4130 1763 4184 τῶν
1806 4130 2071 4200 οὐρανίων

494 4223 809 4295 δυνάμεων·
866 4224 974 4278 ἀπὸ
1021 4224 1131 4295 γὰρ
1166 4224 1274 4276 τῶν
1323 4222 1596 4293 αἰσθητῶν
1627 4224 1786 4293 μόνον
1824 4220 1916 4273 τὸν
1967 4221 2070 4290 Δη-

499 4315 758 4387 μιουργὸν
782 4317 913 4386 ἡμῖν
947 4316 975 4367 ὁ
1004 4315 1101 4385 τὴν
1128 4314 1487 4384 κοσμογονίαν
1622 4311 2073 4382 συγγραψάμενος

495 4405 831 4475 ἀπεκάλυψε.
885 4406 956 4457 Σὺ
1004 4405 1082 4469 δὲ,
1124 4403 1261 4475 ἔχων
1314 4404 1542 4473 δύναμιν
1595 4405 1660 4456 ἐκ
1710 4402 1817 4455 τῶν
1863 4398 2074 4471 ὁρατῶν

1436 319 1815 383 PANOPLIA
1861 318 2323 381 DOGMATICA.
2360 344 2429 357 -·-
2460 322 2611 384 'l'l'l‘.
2658 323 2798 383 ΧΗ.

470 458 591 512 πτίι
618 456 726 524 τῆς
759 455 1007 523 καρδίας
1028 454 1217 509 αὐτοῦ
1238 452 1468 525 φανερὰ
1498 452 1748 523 τῖ’νεταιο
1780 450 1877 505 καὶ
1909 451 2062 506 οὕτω
2095 462 2136 513 Α
2173 464 2237 520 αι,
2271 465 2512 520 omnibus

3652 328 3760 388 72.;8

2559 479 2576 515 :
2630 462 2838 517 occulta
2881 464 3057 519 cordis
3114 465 3229 534 ejus
3272 465 3556 533 manifesta
3607 468 3762 533 ﬁunt,

2173 569 2329 628 atque
2376 558 2453 610 ita
2491 555 2773 625 procidens
2823 558 2877 610 in
2920 557 3135 626 faciem,
3180 557 3427 611 adorabit
3466 558 3649 619 Deum,
3681 576 3765 612 re-

2173 654 2423 707 nuntians
2456 650 2596 722 quod
2629 651 2767 705 Deus
2810 651 2880 703 sit
2943 667 3058 703 vere
3101 650 3155 702 in
3196 648 3339 703 vobis
3400 651 3437 703 ‘.
3470 648 3679 719 Itaque,
3724 667 3765 704 si

2172 761 2237 800 ex
2284 743 2594 815 prophetia,
2628 740 2748 814 qua:
2797 742 2953 812 juxta
3001 743 3452 799 distributionem
3496 743 3765 796 donorum

2175 836 2416 907 Spiritus
2447 836 2652 898 editur,
2711 834 3029 904 agnoscitur
3072 833 3216 890 Deus
3247 834 3301 888 in
3486 839 3765 906 prophetis

2172 942 2317 990 esse,
2358 926 2678 980 consultent
2724 924 2812 978 isti
2865 939 3027 992 quem
3082 924 3262 978 locum
3298 911 3615 978 attrihu'tnri
3660 926 3766 979 sint

2176 1017 2406 1089 Spiritui
2438 1024 2633 1072 sancto
2669 1035 2681 1070 :
2724 1023 2907 1069 utrum
2946 1016 3160 1085 aequius
3199 1016 3271 1071 sit
3304 1017 3456 1070 illum
3489 1032 3612 1070 cum
3656 1016 3768 1072 Deo

2169 1112 2426 1180 jungere,
2481 1123 2549 1162 an
2597 1107 2663 1162 ad
2716 1115 3101 1161 creaturarum
3148 1108 3400 1162 ordinem
3448 1110 3764 1164 extrudere.

2174 1202 2318 1269 Quin
2370 1210 2425 1256 et
2475 1204 2578 1256 ista
2631 1199 2778 1255 Petri
2825 1199 2891 1251 ad
2925 1198 3252 1269 Sapphiram
3288 1203 3473 1264 verba,
3509 1202 3648 1268 Quid
3688 1213 3767 1257 est

2174 1296 2314 1364 quod
2364 1293 2603 1347 convenit
2645 1294 2787 1345 inter
2834 1307 2923 1345 vos
2956 1301 3160 1347 tentare
3190 1292 3448 1360 Spiritum
3483 1298 3767 1350 sanctum?

2178 1402 2283 1439 non
2313 1385 2520 1439 mentiti
2549 1384 2676 1438 estis
2706 1383 3029 1450 hominibus,
3060 1384 3154 1438 sed
3183 1385 3293 1438 Deo
3352 1388 3371 1415 '
3405 1406 3417 1453 ;
3467 1389 3768 1442 ostendunt

2177 1478 2365 1534 eadem
2405 1483 2459 1532 in
2492 1478 2758 1548 Spiritum
2793 1484 3072 1542 sanctum,
3104 1486 3158 1532 et
3192 1480 3247 1531 in
3288 1479 3455 1534 Deum
3489 1497 3611 1536 esse
3644 1499 3767 1551 pee-

2178 1574 2323 1625 ‘cata.
2366 1570 2549 1641 Atque
2598 1570 2703 1624 hoc
2735 1570 2899 1623 etiam
2940 1577 3101 1639 pacto
3144 1571 3358 1625 discere
3387 1574 3612 1641 poteris,
3646 1572 3767 1643 Spi-

2180 1664 2346 1716 ritum
2384 1670 2637 1717 sanctum
2680 1663 2734 1715 in
2778 1661 2928 1715 omni
2967 1664 3290 1732 operatione
3331 1665 3685 1731 coniunctum
3717 1676 3770 1718 et

2186 1753 2612 1822 inseparabilem
2662 1768 2785 1809 esse
2830 1770 2859 1807 a
2911 1753 3075 1809 Patre
3128 1766 3181 1809 et
3234 1754 3393 1811 Filio.
3442 1757 3578 1811 Cum
3628 1757 3770 1812 Deus

2176 1844 2336 1899 cliicit
2396 1843 2820 1900 distributiones
2876 1846 3302 1915 operationum,
3370 1863 3431 1902 ac
3499 1848 3767 1903 Dominus

2177 1935 2480 1991 divisiones
2525 1937 3036 2001 ministrationum,
3093 1939 3254 1991 simul
3312 1940 3467 1993 adest
3524 1939 3768 2009 Spit-Etim

2179 2034 2429 2089 sanctus,
2487 2028 2842 2095 partitionem
2891 2030 3165 2083 donorum
3229 2046 3325 2099 pro
3366 2032 3636 2102 cujusque
3687 2033 3770 2085 di-

2178 2118 2388 2189 gnitate
2441 2120 2663 2187 proprio
2703 2120 2933 2172 arbitrio
2976 2120 3325 2189 diSpensans.
3367 2121 3530 2185 Nam,
3574 2124 3769 2193 inquit.

2178 2210 2459 2261 divisiones
2492 2210 2751 2262 donorum
2802 2222 2948 2276 sunt,
2987 2212 3123 2264 idem
3174 2223 3347 2266 autem
3398 2213 3650 2281 Spiritus.
3708 2214 3770 2267 lit

2182 2300 2467 2353 divisiones
2519 2300 3053 2354 administrationum
3100 2315 3244 2367 sunt,
3286 2304 3421 2357 idem
3453 2319 3627 2358 autent
3669 2306 3770 2359 llo-

2183 2391 2379 2442 miuus.
2432 2389 2497 2441 Et
2539 2391 2828 2444 divisiones
2859 2394 3223 2461 operationum
3257 2406 3401 2457 sunt,
3431 2396 3564 2449 idem
3596 2410 3770 2451 autem

2180 2482 2346 2543 Deus,
2385 2484 2474 2553 qui
2524 2494 2779 2551 operatur
2826 2487 3003 2538 omnia
3037 2487 3089 2538 in
3124 2488 3389 2539 euntibus.
3428 2488 3555 2541 "ac
3596 2500 3769 2543 autem

2178 2574 2378 2634 omnia,
2414 2574 2609 2644 inquit.
2649 2584 2903 2645 operatur
2934 2593 3068 2629 unus
3122 2589 3167 2629 et
3219 2578 3357 2632 idem
3400 2580 3657 2647 Spiritus,
3687 2582 3769 2637 di-

2179 2667 2358 2721 videns
2412 2668 2635 2721 seorsim
2684 2669 2890 2737 cuique,
2930 2681 3083 2736 prout
3128 2671 3235 2722 vult
3290 2672 3331 2725 ³.
3363 2673 3615 2726 Attamen
3660 2690 3767 2730 non

2184 2762 2446 2827 quoniam
2499 2761 2799 2830 Apostolus
2836 2761 3010 2829 primo
3059 2762 3178 2817 loco
3217 2765 3460 2818 meminit
3507 2765 3765 2835 Spiritus,

2182 2848 2426 2903 secundo
2456 2848 2601 2911 Filii,
2634 2851 2797 2904 tertio
2832 2849 2924 2904 Dei
2956 2861 3008 2904 et
3040 2851 3244 2917 Patris,
3276 2857 3523 2923 protinus
3553 2867 3768 2927 oportet

2180 2940 2453 3009 suspicari
2489 2940 2737 2994 ordinem
2769 2941 2996 2995 omnino
3029 2942 3306 2995 inversum
3335 2960 3475 2997 esse.
3502 2946 3543 2999 Α
3580 2957 3767 3000 nostra

2102 3098 2144 3153 Ω
2182 3034 2452 3103 siquidem
2485 3032 2807 3086 habitudine
2846 3037 3084 3103 sumpsit
3114 3035 3421 3088 exordium.
3473 3037 3607 3089 Nam
3642 3055 3769 3093 eum

2183 3125 2321 3153 ιΙη..η
2377 3126 2677 3153 ηηηίηἵηηιο
2710 3143 2720 3153 .
2768 3125 2924 3153 ..ηιὲη
2962 3126 3004 3153 ἷη
3052 3127 3140 3153 ..με
3178 3128 3449 3153 ,12..ι..ἒιι..2ι
3531 3132 3763 3153 η,.,-.--..-.ει

486 3125 620 3194 φθαι
644 3123 743 3194 τὴν
772 3121 945 3186 τάξιν.
993 3121 1123 3173 Ἀπὸ
1150 3120 1258 3190 γάρ
1280 3119 1379 3188 τῆς
1404 3119 1677 3189 ἡμετέρας
1712 3118 1949 3188 σχέσεως
1974 3117 2073 3187 τὴν

2182 3125 2323 3179 dona
2376 3126 2723 3194 accipimus;
2768 3125 2926 3179 nobis
2962 3126 3008 3181 is
3050 3127 3141 3197 qui
3176 3128 3492 3194 distribuit,
3528 3132 3769 3184 occurrit

2181 3220 2462 3288 primum;
2517 3234 2640 3271 nzox
2694 3219 2999 3288 cogitamus
3074 3235 3199 3273 eum
3260 3221 3354 3291 qui
3410 3222 3597 3286 misit;
3672 3238 3768 3290 po-

2179 3318 2392 3363 stremo
2423 3309 2814 3380 cogitationem
2852 3310 3202 3377 perducimus
3238 3312 3303 3365 ad
3347 3312 3546 3367 fontem
3585 3324 3768 3367 aucto.-

2181 3416 2409 3470 remque
2450 3401 2738 3453 honorum.

2390 3571 2508 3626 Jam
2546 3574 2707 3628 etiam
2769 3590 2833 3629 ex
2870 3575 3034 3630 rebus
3102 3574 3252 3627 initio
3288 3574 3520 3628 conditis
3584 3573 3763 3630 discas

2187 3666 2314 3721 licet
2374 3663 2614 3735 Spiritus
2642 3682 2767 3719 cum
2825 3665 2986 3719 Patre
3015 3673 3067 3719 et
3118 3664 3253 3716 Filio
3294 3665 3760 3719 eomrmmionem.

2186 3755 2318 3809 Nam
2356 3771 2505 3826 pura:
2554 3762 2607 3809 et
2640 3756 3008 3825 intelligentes
3038 3763 3092 3807 et
3145 3755 3603 3822 supermuudaum
3654 3756 3765 3808 vir-

2186 3854 2375 3912 tutes,
2437 3853 2641 3900 sanette
2701 3853 2813 3897 tum
2856 3856 3024 3906 sunt,
3077 3851 3189 3896 tum
3240 3843 3596 3896 nominantur
3627 3884 3642 3910 ,
3696 3861 3769 3898 ex.

2188 3935 2363 4005 gratia
2398 3950 2427 3987 a
2461 3935 2666 4003 Spiritu
2723 3942 2916 3989 sancto
2962 3933 3143 3987 infusa
3184 3934 3604 3986 sanctimoniam
3631 3950 3764 3986 con—

2188 4032 2410 4079 secutze.
2471 4024 2652 4090 Quare
2695 4025 2915 4078 silentio
2976 4023 3382 4091 praetermissus
3431 4031 3518 4077 est
3568 4023 3764 4077 modus

2187 4119 2484 4173 creatiouis
2539 4119 2847 4172 cmlestiutn
2889 4118 3201 4181 virtutum;
3253 4131 3376 4168 nam
3431 4131 3498 4168 ex
3530 4114 3765 4169 εοιιείιιὶο

2189 4212 2332 4266 libus
2368 4218 2577 4264 tantum
2609 4217 2909 4263 creatorem
2954 4209 3111 4262 nobis
3160 4207 3371 4276 aperuit
3413 4207 3459 4261 is
3510 4205 3600 4275 qui
3634 4221 3766 4259 con-

2189 4304 2287 4357 diti
2342 4304 2492 4359 orbis
2549 4302 2878 4371 conscripsit
2939 4301 3243 4355 historiam.
3318 4298 3397 4351 Tu
3454 4314 3577 4353 vero
3612 4338 3626 4361 ,
3673 4301 3767 4367 qui

2190 4392 2503 4449 facultatem
2553 4394 2725 4448 habes
2764 4408 2829 4447 ex
2870 4391 3182 4446 visibilibus
3232 4390 3526 4445 invisibilia
3573 4389 3767 4457 depre-

494 4495 905 4563 ἀναλογίζεσθαι
935 4495 1003 4548 τά
1050 4496 1279 4567 ἀόρατα,
1315 4494 1500 4559 δόξαζε
1546 4494 1634 4547 τὸν
1666 4492 1898 4563 Ποιητὴν
1930 4492 1988 4542 ὲν
2028 4481 2071 4558 ᾧ

2188 4486 2490 4552 hendeudi,
2552 4486 2795 4557 gloriﬂca
2850 4484 3201 4538 Conditorem
3265 4483 3317 4535 in
3383 4498 3491 4551 quo
3547 4481 3767 4534 condita

495 4589 716 4659 ἐκτίσθη
764 4588 832 4641 τὰ
879 4588 1092 4653 πάντα,
1148 4587 1258 4639 εἴτε
1289 4586 1484 4657 ὁρατά,
1533 4584 1644 4637 εἴτε
1688 4584 1917 4656 ἀόρατα,
1965 4583 2073 4636 εἴτε

494 4680 679 4752 ἁρχαὶ,
712 4681 820 4732 εἴτε
845 4679 1105 4746 ἐξουσίαι,
1141 4678 1251 4731 εἴτε
1277 4679 1557 4749 δυνάμεις,
1591 4676 1698 4730 εἴτε
1732 4675 1930 4746 θρόνοι,
1962 4673 2074 4726 εἴτε

496 4771 830 4843 κυριότητες,
863 4772 956 4825 καὶ
981 4773 1035 4824 εἴ
1060 4772 1203 4835 τινές
1236 4772 1369 4824 εἰσιν
1397 4771 1581 4841 ἕτεραι
1614 4768 1830 4836 λογικαὶ
1860 4766 2070 4835 φύσεις,

496 4864 921 4933 ἀκατονόμαστοι
951 4862 1049 4933 (5).
1096 4863 1184 4917 Ἐν
1208 4863 1263 4914 δὲ
1291 4866 1356 4932 τῇ
1396 4862 1599 4914 τούτων
1627 4859 1799 4912 κτίσει
1824 4856 2074 4927 ὲννόησόν

500 4972 588 5024 μοι
618 4954 715 5025 τὴν
749 4955 1230 5026 προκαταρκτικὴν
1263 4953 1445 5006 αἰτίαν
1480 4953 1589 5004 τῶν
1634 4949 1955 5020 γινομένων,
1984 4947 2074 5000 τὸν

496 5046 712 5115 Πατέρα
741 5065 753 5077 ·
799 5047 898 5117 τὴν
937 5045 1353 5116 δημιουργικὴν,
1382 5044 1470 5096 τὸν
1496 5043 1650 5094 Υίὸν·
1687 5042 1783 5112 τὴν
1808 5039 2074 5092 τελειωτι-

496 5135 616 5200 κῆν,
643 5137 702 5189 τὸ
732 5138 954 5208 Πνεῦμα
978 5154 990 5166 ·
1026 5137 1165 5188 ὥστε
1201 5136 1499 5206 βουλήματι
1537 5135 1632 5203 μὲν
1655 5132 1746 5186 τοῦ
1769 5130 1981 5198 Πατρδς
2008 5128 2076 5181 τά

495 5225 843 5295 λειτουργικὰ
895 5226 1183 5296 πνεύματα
1232 5227 1517 5296 ὑπάρχειν,
1562 5222 1809 5293 ἐνεργείᾳ
1848 5221 1905 5274 δὲ
1951 5218 2074 5271 Υίου

496 5320 576 5379 εἰς
603 5318 663 5369 τὸ
696 5314 836 5369 εἶναι
863 5319 1227 5388 παράγεσθαι,
1259 5316 1529 5387 παρουσίᾳ
1556 5315 1612 5367 δὲ
1639 5312 1731 5365 τοῦ
1762 5310 2073 5378 Πνεύματος

496 5408 849 5463 τελειοῦσθαι.
886 5410 1173 5473 Τελείωσις
1214 5410 1269 5461 δὲ
1302 5408 1546 5476 ἀγγέλων
1582 5402 1873 5472 ἁγιασμὸς,
1915 5400 2007 5453 καὶ
2041 5400 2074 5468 ἡ

493 5503 554 5552 ὲν
596 5500 771 5569 τούτῳ
810 5500 1057 5570 διαμονή.
1114 5501 1222 5552 Καὶ
1267 5501 1453 5569 μηδεὶς
1502 5497 1693 5551 οἰέσθω
1742 5512 1808 5565 με
1851 5494 1883 5562 ἦ
1928 5493 2077 5561 τρεῖς

496 5586 634 5642 εἶναι
666 5590 845 5658 λέγειν
889 5590 1122 5659 ἀρχικὰς
1169 5589 1514 5651 ὑποστάσεις,
1557 5588 1588 5656 ἢ
1641 5584 1801 5654 ἀτελῆ
1850 5582 2075 5650 φάσκειν

495 5679 589 5731 τοῦ
619 5679 747 5731 ’ἰξοῦ
790 5681 888 5750 τὴν
929 5680 1230 5750 ἐνέργειαν.
1276 5679 1441 5748 Ἀρχὴ
1473 5677 1580 5746 γὰρ
1621 5675 1726 5727 τῶν
1755 5674 1923 5726 ὅντων
1958 5669 2073 5740 μία,

584 5846 597 5873 ¹
651 5841 817 5896 lCor.
854 5860 966 5903 xiv,
992 5843 1083 5907 ‘23,
1120 5842 1209 5895 9.5.
1319 5843 1337 5873 ²
1372 5842 1491 5897 Act.
1525 5857 1577 5906 v,
1614 5840 1665 5909 9,
1693 5839 1746 5894 αἱ.

1858 5837 1876 5868 ³
1909 5836 1927 5891 1
1967 5834 2095 5891 Cur.

2190 4582 2317 4630 sunt
2345 4576 2525 4627 omnia
2549 4616 2563 4639 ,
2606 4576 2719 4629 sive
2779 4574 3016 4627 visibilia
3040 4612 3053 4633 ,
3090 4574 3203 4626 sive
3259 4571 3553 4625 invisibilia
3577 4610 3589 4633 ,
3651 4570 3769 4625 sive

2192 4665 2565 4734 principatus,
2601 4666 2715 4720 sive
2762 4670 3062 4732 potestates
3090 4702 3102 4722 ,
3172 4663 3286 4715 sive
3324 4661 3591 4723 virtutes,
3654 4660 3770 4715 sive

2190 4756 2398 4819 throni,
2454 4756 2568 4809 sive
2608 4754 3015 4808 dominationes
3073 4752 3126 4817 ⁸,
3166 4761 3219 4805 οι
3254 4752 3299 4805 si
3338 4766 3460 4822 qua:
3490 4751 3609 4805 aliae
3640 4758 3769 4807 sunt

2189 4848 2486 4902 rationales
2548 4857 2802 4911 natum,
2860 4861 2980 4914 qua:
3019 4844 3291 4898 nominari
3348 4860 3456 4898 non
3510 4853 3763 4913 possunt.

2191 4941 2247 4994 in
2317 4939 2512 4992 horum
2578 4946 2758 4992 autent
2821 4937 3102 4991 creatione
3162 4937 3344 5006 cogita
3403 4935 3535 4989 mihi
3569 4936 3771 5005 prima-

2192 5032 2327 5084 riam
2380 5045 2600 5084 causam
2645 5043 2834 5083 eorum
2876 5043 2997 5098 qua:
3046 5026 3221 5085 fiunt.
3280 5025 3537 5091 Patrem;
3581 5024 3771 5079 eoudi~

2190 5122 2401 5185 tricem,
2448 5119 2681 5183 Filium;
2740 5117 3141 5188 perfectrieem,
3181 5116 3445 5187 Spiritum
3482 5126 3766 5170 sanctum:

2194 5219 2249 5263 ut
2307 5211 2586 5264 voluntate
2643 5208 2859 5278 quidem
2914 5207 3095 5262 Patris
3147 5209 3257 5263 sint
3317 5202 3780 5261 administratorii.

2191 5303 2417 5372 spiritus
2452 5342 2465 5365 ,
2538 5299 2657 5353 Filii
2722 5316 2856 5355 vero
2908 5301 3228 5369 operatione
3291 5297 3659 5367 perducantur
3712 5302 3769 5344 ut

2197 5397 2322 5459 sint,
2356 5393 2593 5463 Spiritus
2637 5402 2818 5447 autem
2852 5393 3140 5461 praesentia
3174 5388 3546 5459 perficiantur.
3596 5384 3770 5438 Porro

2192 5487 2510 5555 angelorum
2563 5486 2824 5554 perfectio
2858 5492 2942 5539 est
2979 5480 3346 5538 sanctiﬁcatio
3379 5518 3392 5541 ,
3443 5484 3497 5531 ct
3554 5476 3607 5527 in
3667 5474 3768 5527 hac

2196 5579 2619 5645 perseverantia.
2686 5572 2775 5631 Ac‘
2803 5592 2964 5631 nemo
3012 5590 3098 5628 me
3157 5571 3346 5627 credat
3381 5578 3491 5623 tres
3530 5567 3769 5635 origina-

2194 5668 2272 5723 les
2298 5669 2621 5739 hypostases
2649 5683 2869 5739 ponere,
2904 5675 2995 5720 aut
3038 5664 3158 5719 Filii
3189 5660 3560 5733 operationem
3588 5658 3773 5710 dicere

2164 5852 2217 5904 ιι,
2254 5837 2286 5890 αἱ
2328 5836 2410 5890 ll.
2488 5835 2508 5865 "
2570 5832 2685 5887 Col.
2725 5846 2762 5897 I,
2804 5828 2888 5885 i0.
