4082 6404
277 311 382 374 759

1503 303 1889 364 EUTHYMII
1932 300 2292 363 ZIGABENI

3431 299 3538 360 760

283 440 678 514 imperfectam.
721 437 1060 510 Principium
1123 437 1269 491 enim
1314 447 1503 488 eorum
1543 445 1664 500 qua:
1711 434 1856 491 sunt,

1961 437 2027 490 δι’
2058 436 2191 490 Υἱοῦ
2233 435 2666 508 δημιουργοῦσα,
2699 436 2789 489 καὶ
2831 431 3101 487 τελειοῦσα
3133 434 3190 484 ὲν
3238 427 3539 498 Πνεύματι.

285 548 451 587 unum
480 539 586 594 est,
621 546 716 601 per
745 529 943 584 Filium
981 527 1223 584 condens
1252 532 1308 580 et
1338 521 1626 594 perﬁciens
1653 520 1706 572 in
1743 515 1864 585 Spi-

285 624 416 678 ritu.
473 623 552 675 Ac
587 636 688 675 nec
733 621 910 684 Pater,
972 621 1062 689 qui
1105 622 1365 688 operatur
1413 611 1595 666 omnia
1642 608 1696 662 in
1746 620 1863 659 om-

285 714 488 780 nibus,
532 711 905 782 imperfectam
959 711 1154 764 haheat
1202 706 1574 777 operationem
1612 720 1625 755 :
1688 713 1755 752 ne
1779 712 1864 774 ιιιο

282 803 458 858 Filius
512 803 1004 858 inconsummatam
1050 799 1407 860 creationem,
1441 793 1548 850 nisi
1589 807 1619 846 a
1655 788 1862 860 Spitatu

283 894 616 963 perﬁciatur.
678 890 791 945 Hoc
816 892 960 946 enim
1009 900 1169 961 pacto
1217 905 1317 946 nec
1362 887 1523 944 Pater
1578 901 1720 958 opus
1766 882 1862 935 ha-

284 983 435 1038 bebit
475 981 610 1036 Filio
640 1020 654 1046 ,
710 980 827 1035 sola
857 982 1139 1035 voluntate
1195 995 1424 1046 creans;
1619 985 1858 1030 attamen

283 1075 400 1128 vult
428 1089 615 1130 creare
652 1089 748 1144 per
779 1073 1000 1128 Filium.
1031 1071 1217 1143 Neque
1257 1073 1433 1128 Filius
1465 1070 1646 1141 egebit
1701 1068 1858 1122 auxi-

289 1167 383 1229 lio,
407 1167 564 1236 juxta
589 1165 772 1220 Patris
803 1164 1222 1221 similitudinem
1247 1179 1484 1235 operans
1504 1206 1518 1227 ,
1552 1163 1645 1218 sed
1689 1170 1739 1216 et
1769 1159 1859 1214 Fi-

284 1257 390 1312 lius
423 1257 539 1309 vult
573 1272 670 1326 per
698 1257 962 1327 Spiritum
994 1256 1296 1327 perﬁcere:
1339 1272 1464 1312 nam
1531 1255 1693 1310 Verbo
1758 1254 1860 1308 Do-

283 1349 415 1401 mini
447 1350 561 1403 coeti
594 1349 798 1416 ﬁrmati
847 1361 992 1412 sunt,
1029 1360 1076 1404 et
1121 1349 1328 1418 Spiritu
1376 1351 1484 1404 oris
1533 1349 1648 1418 ejus
1691 1349 1859 1401 omnis

283 1440 451 1492 virtus
482 1455 662 1492 eorum
714 1443 753 1492 ι.
791 1438 975 1510 itaque
1016 1455 1115 1495 nec
1149 1438 1389 1496 Verbum
1449 1447 1534 1496 est
1585 1439 1862 1510 signiﬁca-

287 1531 397 1584 tiva
427 1531 572 1585 aeris
597 1532 880 1600 percussio
901 1548 998 1602 per
1031 1533 1183 1589 vocis
1215 1535 1583 1588 instrumenta
1627 1533 1856 1602 prolata:

285 1637 387 1677 nec
442 1623 680 1693 Spiritus
738 1626 848 1682 oris
916 1626 1116 1682 halitus
1177 1626 1423 1696 partibus
1489 1627 1862 1696 reSpiratoriis

1962 531 2072 586 Καὶ
2119 529 2241 584 οὕτε
2295 530 2503 599 Πατὴρ,
2553 531 2582 582 ὀ
2627 529 2697 583 τὰ
2745 528 2921 580 πάντα
2970 527 3026 577 ὲν
3070 526 3238 577 πᾶσιν
3279 518 3536 591 ἐνεργῶν,

1962 623 2130 693 ἀτελῆ
2161 623 2278 693 ἔχει
2311 620 2409 693 τὴν
2438 621 2749 692 ἐνέργειαν·
2781 618 2906 671 οὔτε
2935 616 3060 680 Υἱὸς
3090 613 3281 683 ἐλλιπῆ
3311 610 3406 681 τὴν
3447 609 3540 678 δη-

1967 716 2282 787 μιουργίαν,
2327 713 2402 785 μὴ
2447 711 2828 782 τελειουμένην
2869 707 3022 779 παρὰ
3055 705 3150 758 τοῦ
3201 701 3536 772 Πνεύματος.

1964 806 2119 860 Οὕτω
2163 805 2271 875 γὰρ
2299 805 2365 857 ἂν
2405 801 2530 856 οὔτε
2573 801 2760 872 Πατὴρ
2790 795 3150 870 προσδεηθείη
3197 791 3352 854 Υἱοῦ,
3395 789 3540 860 μόνῳ

1964 897 2042 968 τῷ
2067 897 2239 951 θέλειν
2267 895 2637 968 δημιουργῶν,
2665 894 2778 947 ἀλλ’
2811 894 2958 963 ὅμως
2981 889 3122 944 θέλει
3258 884 3346 939 διὰ
3375 882 3504 937 Υἱοῦ
3521 898 3535 912 ⁶

1961 988 2071 1042 οὔτ’
2095 989 2160 1043 ἂν
2183 987 2471 1059 συνεργίας
2580 985 2958 1058 προσδεηθείη,
2991 981 3108 1036 καθ’
3140 978 3430 1050 ὁμοιότητα
3446 973 3538 1028 τοῦ

1964 1081 2176 1153 Πατρός
2208 1081 2465 1152 ἐνεργῶνο
2505 1079 2643 1134 ἀλλὰ
2669 1080 2763 1133 καὶ
2793 1077 2921 1140 Υἱὸς
2957 1075 3100 1128 ϐέλει
3128 1073 3216 1126 διὰ
3242 1070 3334 1124 τοῦ
3371 1065 3542 1121 Πνεύη

1965 1190 2132 1242 ματος
2163 1172 2428 1227 τελειοῦν·
2473 1173 2556 1238 Τῷ
2581 1174 2749 1242 Λόγῳ
2796 1170 2900 1242 γὰρ
2937 1167 3156 1235 Κυρίου
3201 1167 3255 1216 οἱ
3296 1157 3540 1230 οὐρανοὶ

1961 1261 2427 1331 ἐστερεώθησαν,
2484 1262 2587 1315 καὶ.
2632 1260 2712 1326 τῷ
2755 1260 3046 1327 "red;th
3098 1254 3205 1308 τοῦ
3242 1255 3542 1320 στόματος

1961 1354 2148 1410 αὐτοῦ
2195 1355 2360 1410 πᾶσα
2405 1357 2443 1423 ἡ
2495 1353 2748 1423 δύναμις
2793 1349 3012 1408 αὐτῶν.
3055 1347 3190 1400 Οὔτε
3236 1341 3328 1397 οὖν
3368 1343 3540 1409 Λόγος

1962 1446 2126 1516 ἀέρος,
2155 1445 2397 1508 τύπωσις
2427 1442 2755 1516 σημαντικὴ,
2789 1442 2876 1496 διὰ
2925 1437 3247 1510 φωνητικῶν
3295 1435 3539 1506 ὀργάνων

1962 1538 2302 1610 ἐκφερομένη
2322 1556 2342 1568 ·’
2373 1537 2494 1590 οὔτε
2532 1535 2753 1606 Πνεῦμα
2798 1533 3063 1603 στόματος
3096 1529 3286 1600 ἀτμὸς,
3331 1529 3395 1580 ἐκ
3432 1524 3542 1577 τῶν

1949 1627 2406 1684 ’ἀναπνευστικῶν
2463 1627 2647 1700 μερῶν
2703 1625 3104 1695 ἐξωθούμενος·
3173 1618 3309 1674 ἀλλὰ
3369 1616 3539 1682 Λόγος

283 1712 498 1767 ctﬁatus
540 1730 553 1766 :
596 1714 689 1768 sed
748 1714 984 1770 Verbum
1018 1724 1102 1770 est
1141 1717 1285 1785 quod
1311 1717 1363 1770 in
1426 1717 1698 1786 principio
1745 1725 1856 1770 erat

1967 1724 2063 1792 μὲν
2091 1723 2120 1774 ὁ
2145 1724 2280 1793 πρὸς
2309 1722 2440 1775 Θεὸν
2472 1721 2547 1774 ὣν
2587 1722 2644 1773 ὲν
2675 1721 2836 1790 ἀρχῇ,
2871 1719 2965 1771 καὶ
2998 1717 3128 1778 Θεὸς
3156 1713 3230 1767 ὢν
3254 1729 3266 1743 ο
3315 1709 3540 1780 Πνεῦμα

286 1804 432 1873 apud
481 1805 669 1871 Deum,
721 1816 772 1860 et
804 1807 946 1861 Deus
995 1817 1112 1862 erat
1158 1813 1199 1860 ³.
1257 1807 1496 1878 Spiritus
1534 1816 1715 1863 autem
1747 1810 1861 1864 oris

287 1896 382 1950 Dei
412 1935 427 1960 ,
475 1895 713 1966 Spiritus
751 1907 835 1952 est
866 1900 1126 1965 veritatis,
1157 1900 1249 1970 qui
1283 1916 1311 1952 τι
1340 1899 1498 1955 Patre
1527 1901 1773 1969 procedit
1815 1900 1854 1955 ³.

285 1988 475 2055 Itaque
552 1988 653 2040 tria
747 1989 1048 2058 intelligis,
1131 1991 1480 2046 mandantem
1527 1991 1857 2056 Dominum,

285 2090 479 2131 creans
514 2074 770 2144 Verbum,
829 2087 884 2134 et
935 2079 1350 2136 conﬁrmantem
1387 2081 1671 2151 Spiritum.
1731 2084 1861 2150 Quae

285 2174 453 2228 porro
500 2158 608 2214 alia
652 2162 825 2229 possit
865 2178 988 2218 esse
1025 2164 1402 2233 conﬁrmatio,
1448 2182 1611 2237 quam
1649 2171 1700 2220 in
1735 2186 1863 2224 san-

286 2250 544 2307 ctimonia
577 2255 839 2322 perfectio
865 2273 876 2322 ;
907 2257 1340 2312 conﬁrmationis
1364 2275 1494 2314 voce
1521 2261 1872 2332 significante

291 2342 685 2409 constantiam,
746 2345 1249 2403 immutabilitatem
1308 2361 1362 2404 et
1411 2352 1740 2409 soliditatem
1806 2358 1860 2410 in

286 2429 480 2484 bono?
537 2429 911 2486 Sanctiﬁcatio
953 2443 1132 2490 autem
1191 2453 1298 2493 non
1329 2448 1414 2494 est
1472 2442 1680 2512 absque
1737 2445 1860 2516 Spi-

285 2517 417 2569 ritu.
453 2514 639 2586 Neque
671 2520 816 2573 enim
851 2522 1118 2578 ccelorum
1169 2524 1404 2582 virtutes
1435 2539 1627 2598 suapte
1665 2514 1862 2589 natura

283 2616 488 2662 sanctae
531 2617 659 2665 sunt
694 2627 708 2676 ;
751 2614 997 2683 alioquin
1064 2617 1198 2671 nihil
1229 2619 1512 2676 diﬁ'errent
1567 2639 1597 2678 ει
1657 2625 1864 2696 Spiritu

279 2705 520 2765 sancto;
566 2702 660 2756 sed
711 2703 870 2770 juxta
905 2709 1317 2776 proportionem
1376 2729 1482 2781 qua
1534 2730 1592 2770 se
1633 2716 1862 2775 invicem

279 2797 567 2855 superant,
622 2805 651 2843 a
689 2790 896 2860 Spiritu
961 2796 1164 2853 habent
1203 2801 1656 2859 sanctiﬁcationis
1709 2823 1863 2861 men-

278 2892 488 2931 suram.
537 2878 1010 2944 Quemadmodum
1053 2890 1198 2942 enim
1251 2893 1554 2948 cauterium
1609 2911 1715 2950 non
1747 2898 1866 2955 sine

277 2969 403 3039 igne
443 2970 801 3043 intelligitur,
837 2991 961 3030 cum
1001 2980 1147 3034 aliud
1191 2982 1262 3037 sit
1306 2985 1553 3055 subjecta
1610 2992 1859 3058 materia,

275 3067 330 3112 et
361 3060 510 3115 aliud
547 3063 689 3133 ignis
729 3084 740 3119 :
775 3067 959 3121 itidem
991 3071 1118 3124 etin
1181 3073 1499 3132 cmlestibus
1542 3077 1856 3150 virtutibus,
1890 3085 1930 3139 (Ξ

275 3149 588 3205 substantia
621 3154 843 3223 quidem
876 3171 1086 3223 earum,
1119 3168 1248 3230 puta
1285 3165 1517 3234 spiritus
1545 3176 1628 3224 est
1652 3149 1858 3236 aerius,

275 3247 369 3293 aut
428 3241 570 3310 ignis
627 3245 1036 3312 immaterialis,
1082 3251 1239 3320 juxta
1289 3255 1339 3307 id
1401 3258 1545 3326 quod
1590 3261 1859 3331 scriptum

273 3339 379 3397 est,
415 3333 521 3399 Qui
571 3335 703 3403 facit
739 3339 954 3408 angelos
1000 3358 1126 3396 suos
1179 3346 1420 3413 spiritus,
1481 3358 1530 3403 et
1586 3352 1859 3408 ministros

273 3438 398 3474 suos
457 3424 734 3490 ﬂammam
784 3429 922 3498 ignis
991 3437 1054 3497 ⁸;

272 3525 444 3579 sunt,
507 3526 561 3571 et
602 3517 740 3572 ﬁunt
770 3521 1039 3587 visibiles,
1071 3525 1200 3580 dum
1244 3529 1310 3584 iis
1340 3531 1432 3600 qui
1490 3533 1638 3605 digni
1690 3547 1853 3603 sunt,

270 3617 536 3674 apparent
590 3609 644 3664 in
709 3613 889 3682 specie
955 3619 1302 3687 propriorum
1371 3638 1686 3693 corporum.
1748 3628 1856 3686 Sed

269 3697 657 3764 sanctiﬁcatio,
718 3718 841 3772 qua:
900 3713 985 3760 est
1011 3715 1167 3762 extra
1197 3710 1558 3768 substantiam
1611 3717 1854 3787 illorum,

268 3787 664 3855 perfectionem
702 3794 812 3851 illis
848 3797 1023 3853 affert
1079 3816 1177 3870 per
1229 3806 1670 3863 communionem
1726 3808 1851 3882 Spi-

265 3878 428 3933 ritus.
459 3879 804 3940 Conservant
840 3895 1022 3944 autem
1079 3891 1399 3962 dignitatem
1455 3912 1551 3966 per
1595 3878 1851 3969 persevc-

268 3971 504 4024 rantiam
563 3973 619 4028 in
660 3976 848 4041 bono,
895 3978 1160 4036 habentes
1219 3985 1439 4053 quidem
1485 3988 1538 4042 in
1603 3991 1855 4061 eligendo

265 4058 498 4114 liberum
565 4065 852 4120 arbitrium
881 4107 896 4132 ,
940 4085 1222 4140 nunquam
1281 4084 1461 4130 tamen
1501 4078 1569 4132 ab
1603 4080 1723 4149 ejus
1759 4083 1852 4151 qui

261 4163 392 4204 vere
434 4151 614 4209 bonus
662 4165 746 4211 cst
790 4161 1074 4216 consortio
1127 4165 1492 4224 excidentes:
1559 4171 1631 4224 ita
1689 4181 1748 4227 ut
1804 4176 1851 4229 si

263 4240 595 4300 subduxeris
645 4249 860 4303 ratione
925 4249 1235 4321 Spiritum,
1298 4258 1562 4325 perierint
1620 4264 1847 4334 angelo-

260 4348 384 4386 rum
414 4334 660 4401 choreaz,
694 4339 922 4396 sublatae
973 4343 1086 4398 sint
1114 4359 1335 4416 quoque
1391 4351 1850 4422 archangelorum

262 4423 646 4494 priet'ecturze,
701 4438 864 4499 atque
909 4432 1152 4488 confusa.
1200 4434 1404 4492 fuerint
1453 4441 1635 4494 omnia

262 4516 509 4586 ipsorum
573 4521 708 4574 nulli
774 4523 922 4592 legi,
983 4527 1116 4580 nulli
1175 4529 1401 4597 ordini,
1454 4533 1590 4586 nulli
1650 4537 1850 4607 regulae

261 4607 567 4677 subjaccat.
644 4612 931 4678 Quomodo
999 4619 1145 4672 enim
1190 4620 1374 4676 dicent
1405 4627 1583 4694 angeli
1618 4645 1628 4680 :
1662 4626 1848 4685 Gloria

257 4698 314 4751 in
367 4702 587 4756 excelsis
645 4703 793 4759 Deo'
826 4747 842 4771 ,
907 4708 1011 4762 nisi
1072 4725 1101 4762 a
1169 4709 1374 4780 Spiritu
1424 4725 1650 4786 accepta
1691 4727 1846 4787 pote-

258 4798 401 4844 state
429 4792 452 4844 ?
502 4791 672 4846 Nemo
711 4797 985 4866 siquidem
1020 4811 1192 4868 potest
1224 4803 1402 4860 dicere
1434 4791 1725 4863 Dominum
1751 4809 1846 4866 Je-

257 4893 398 4945 sum,
461 4883 566 4935 nisi
613 4885 666 4937 in
699 4885 906 4954 Spiritu
943 4901 1165 4956 sancto,
1225 4904 1275 4948 et
1328 4897 1510 4952 nullus
1546 4900 1599 4952 in
1639 4900 1846 4969 Spiritu

255 4968 357 5024 Dei
390 4972 608 5042 loquens
663 4977 798 5031 dixit
849 4979 1034 5037 Iesum
1077 4986 1400 5042 anathema‘
1452 5007 1466 5056 ;
1522 4968 1846 5062 quodsane

255 5065 492 5120 dixerint
518 5070 671 5137 pravi
721 5079 775 5126 et
820 5075 1119 5133 adversarii
1155 5082 1383 5151 spiritus
1411 5121 1428 5149 ,
1479 5101 1712 5154 quorum
1759 5089 1842 5144 la-

253 5174 388 5229 psus
461 5163 796 5232 comprobat.
838 5167 986 5235 quod
1051 5172 1316 5240 dicimus,
1365 5176 1597 5235 virtutes
1649 5180 1842 5237 invisi-

251 5253 393 5308 biles
447 5268 571 5309 esse
620 5254 704 5309 sui
743 5255 992 5325 arbitrii,
1049 5277 1206 5332 teque
1262 5266 1331 5320 ad
1377 5267 1634 5326 virtutem
1678 5280 1843 5344 atque

251 5345 319 5398 ad
371 5345 562 5401 vitium
634 5349 952 5416 vertibiles,
1018 5364 1074 5410 et
1140 5357 1210 5412 ob
1259 5358 1311 5412 id
1372 5376 1512 5431 Opus
1573 5364 1841 5424 habentes

249 5437 456 5492 auxilio
490 5439 752 5509 Spiritus.
800 5442 910 5514 Ego
943 5461 1072 5502 vero
1119 5449 1298 5519 ipsum
1334 5452 1638 5512 Gabrielem
1692 5457 1836 5513 haud

249 5527 358 5581 alio
397 5531 562 5586 modo
590 5534 827 5588 arbitror
861 5539 1156 5605 praedicere
1193 5531 1374 5599 futura
1411 5561 1428 5591 τ
1453 5587 1468 5613 ,
1500 5565 1676 5618 quam.
1699 5567 1837 5620 prae-

338 5720 354 5792 _'
387 5720 529 5776 Psal.
567 5737 735 5792 gxxn,
769 5723 825 5779 6.
904 5724 923 5755 ⁸
971 5723 1129 5781 Joan.
1169 5737 1208 5792 ι,
1243 5721 1293 5780 1.

247 5786 271 5821 ⁷
323 5787 460 5845 Luc.
493 5803 530 5846 ι.
561 5789 653 5842 ‘26.

1119 3446 1456 3506 quapropter
1517 3449 1571 3494 et
1627 3442 1680 3496 in
1739 3435 1896 3500 loco.

1372 5724 1390 5757 ³
1435 5722 1593 5781 Joan.
1631 5739 1720 5793 xv,
1776 5725 1864 5782 9.5.

1963 1812 2018 1866 δὲ
2050 1813 2315 1883 στόματος
2355 1812 2490 1865 Θεοῦ
2516 1812 2576 1864 τὸ
2615 1810 2839 1881 Πνεῦμα
2868 1809 2969 1878 τῆς
2999 1806 3280 1878 ἀληθείας,
3321 1804 3350 1856 ὃ
3390 1801 3543 1874 παρὰ

1962 1902 2057 1956 τοῦ
2110 1904 2324 1974 Πατρός
2369 1902 2746 1973 ἐκπορεύεται.
2820 1901 2959 1970 Τρία
3013 1900 3193 1952 τοίνυν
3247 1899 3408 1958 νοεῖς,
3449 1894 3541 1947 τὸν

1964 1995 2370 2065 προστάσσοντα
2410 1994 2634 2066 Κύριον,
2666 1995 2756 2047 τὸν
2786 1991 3221 2063 δημιουργοῦντα
3258 1989 3449 2056 Λόγον,
3481 1987 3544 2040 τὸ

1965 2086 2217 2158 στερεΟὖν
2344 2088 2404 2140 τὸ
2427 2087 2668 2158 Πνεῦμα.
2702 2085 2765 2139 Τί
2798 2086 2840 2138 δ’
2869 2085 2934 2138 ἂν
2961 2084 3088 2137 ἄλλο
3122 2083 3206 2153 εἴη
3248 2080 3544 2150 στε-ρέωσις

1963 2176 1996 2246 ἢ
2028 2179 2059 2248 ἡ
2089 2176 2231 2230 κατὰ
2263 2177 2355 2230 τὸν
2397 2178 2668 2248 ἁγιασμόν
2697 2177 3000 2238 τελείωσις,
3035 2174 3095 2227 τὸ
3134 2172 3412 2227 ἁνένδοτον
3446 2171 3540 2221 καὶ

1963 2267 2230 2340 ἄτρεπτον
2272 2269 2366 2321 καὶ
2413 2268 2623 2336 παγίως
2675 2265 3064 2338 ὲρηρεισμένον
3111 2264 3168 2315 ὲν
3213 2258 3400 2330 ἀγαθῷ
3442 2260 3540 2328 τῆς

1969 2359 2312 2432 στερεώσεως
2364 2359 2731 2430 ὲμφαινούσης
2757 2376 2777 2424 ;.
2833 2357 3130 2428 Ἀγιασμὸς
3171 2356 3225 2408 δὲ
3277 2355 3376 2408 οὐκ
3409 2353 3539 2408 ἄνευ

1966 2451 2298 2523 Πνεύματος.
2335 2454 2408 2505 Οὐ
2447 2454 2554 2523 γὰρ
2583 2453 2743 2520 φύσει
2776 2453 2929 2520 ἅγιαι
2959 2454 3012 2504 αί
3045 2450 3150 2504 τῶν
3181 2449 3423 2520 οὐρανῶν
3458 2453 3538 2506 δυο

1958 2548 2180 2617 νάμεις·
2230 2546 2262 2614 ἢ
2315 2545 2460 2598 οὕτω
2504 2547 2555 2613 γ’
2587 2546 2650 2600 ἂν
2807 2547 3063 2617 οὐδεμίαν
3105 2549 3241 2619 πρὸς
3289 2549 3350 2601 τὸ
3389 2550 3540 2617 ἆγιον

1956 2637 2182 2709 Πνεῦμα
2223 2637 2323 2708 τὴν
2353 2637 2615 2708 διαφορὰν
2649 2637 2851 2708 ἔχοιεν·
2887 2639 3024 2694 ἀλλὰ
3067 2641 3207 2694 κατὰ
3248 2642 3538 2709 ἀναλογίαν

1953 2731 2054 2801 τῆς
2095 2731 2230 2802 πρὸς
2261 2730 2495 2802 ἀλλήλας
2524 2731 2824 2805 ὑπεροχῆς,
2870 2732 2963 2786 τοῦ
3011 2735 3289 2806 ἁγιασμοῦ
3338 2736 3400 2788 τὸ
3447 2737 3539 2806 μέ-

1954 2815 2083 2897 τρον
2121 2823 2390 2895 παρὰ-τοῦ
2419 2822 2735 2893 Πνεύματος
2774 2824 3013 2894 ἔχουσαι.
3072 2825 3157 2888 Ὠς
3199 2826 3308 2898 γὰρ
3345 2829 3373 2880 ὁ
3409 2845 3541 2880 καυ-

1954 2915 2057 2986 τὴρ
2076 2916 2212 2987 μετὰ
2231 2915 2325 2969 τοῦ
2373 2916 2542 2984 πυρὸς
2574 2918 2794 2979 νοεῖται,
2826 2917 2920 2969 καὶ
2966 2917 3093 2970 ἄλλο
3132 2919 3315 2988 μέντοι
3342 2920 3373 2988 ἡ
3404 2920 3539 2971 ὑπο-

1956 3007 2182 3076 κειμένη
2224 3006 2344 3076 ὖλη,
2385 3009 2479 3060 καὶ
2516 3007 2644 3062 ἄλλο
2689 3006 2750 3059 τὸ
2787 3007 2923 3077 πῦρ’
2977 3007 3118 3061 οὕτω
3157 3009 3252 3062 καὶ
3297 3010 3389 3062 ἐπὶ
3432 3011 3538 3062 τῶν

1955 3100 2220 3170 οὐρανίων
2267 3098 2569 3168 δυνάμεων,
2718 3098 2816 3167 μὲν
2853 3099 3028 3152 οὐσία
3085 3099 3299 3163 αὐτῶν,
3355 3101 3565 3172 ait-ipim”

1956 3189 2171 3261 πνεῦμα
2210 3227 2224 3250 ,
2339 3189 2580 3258 εἰτύχοι,
2614 3190 2646 3258 ἢ
2681 3189 2791 3258 πῦρ
2813 3189 2994 3253 ἄῦλον,
3027 3190 3168 3244 κατὰ
3195 3191 3255 3244 τὸ
3285 3208 3530 3262 γεγραμ-

1957 3281 2116 3352 μένον
2138 3299 2150 3311 ·
2201 3282 2252 3332 Ὁ
2283 3279 2468 3335 ποιῶν
2500 3279 2641 3345 τοὺς
2663 3280 2959 3348 ἀγγέλους
2985 3281 3170 3336 αὑτοῦ
3202 3286 3534 3349 πνεύματα,

1955 3373 2050 3426 καὶ
2079 3364 2220 3436 τοὺς
2251 3371 2638 3439 λειτουργοὺς
2671 3371 2858 3425 αὑτοῦ
2898 3371 3090 3439 πυρὸς

1953 3464 2033 3517 διὸ
2069 3465 2162 3516 καὶ
2201 3465 2258 3516 ὲν
2312 3463 2461 3532 τόπῳ
2506 3463 2635 3525 εἰσὶ,
2685 3463 2778 3516 καὶ
2824 3465 3009 3534 όρατοὶ
3060 3463 3319 3532 γίνονται,
3371 3468 3427 3518 ἐν
3462 3467 3539 3536 τῷ

1952 3554 2080 3606 εἴδει
2129 3552 2236 3606 τῶν
2288 3552 2503 3605 οἰκείων
2541 3550 2719 3606 αὐτῶν
2758 3553 3026 3622 σωμάτων
3054 3557 3172 3616 τοῖς.
3221 3553 3389 3618 ἀξίοις
3437 3558 3536 3623 qr-

1952 3641 2323 3714 φανιζόμενοι.
2394 3644 2450 3694 '0
2501 3641 2682 3712 μέντοι
2727 3642 3018 3711 ἁγιασμὸς,
3074 3642 3273 3708 ἔξωθεν
3321 3642 3408 3696 ὢν·
3441 3645 3537 3714 τῆς

1951 3734 2156 3798 οὐσίας,
2186 3735 2281 3804 τὴν
2317 3733 2596 3787 τελείωσιν
2632 3735 2816 3798 αὐτοῖς
2847 3735 3050 3803 ἐπάγει
3075 3735 3163 3788 διὰ
3207 3735 3307 3804 τῆς
3347 3753 3537 3788 κοινω-

1951 3826 2070 3890 νίας
2113 3827 2206 3878 τοῦ
2249 3825 2582 3894 Πνεύματος.
2641 3826 2979 3880 Φυλάσσουσι
3023 3828 3080 3880 δὲ
3129 3827 3225 3897 τὴν
3274 3828 3428 3891 ἀξίαν
3468 3833 3532 3898 τῇ

1950 3918 2183 3986 ἐπιμονῇ
2218 3916 2312 3969 τοῦ
2362 3915 2550 3981 καλοῦ,
2589 3915 2810 3985 ἔχουσαι
2863 3916 2960 3986 μὲν
3009 3919 3066 3968 ἐν
3117 3916 3432 3987 προαιρέσει
3473 3918 3534 3969 τὸ

1951 4008 2316 4074 αὐτεξούσιον,
2347 4008 2601 4060 οὐδέποτε
2643 4007 2699 4060 δὲ
2734 4009 2796 4059 ὲκ
2841 4007 2940 4077 τῆς
2979 4009 3071 4060 τοῦ
3119 4009 3283 4072 ὅντως
3326 4008 3535 4076 ἀγαθοῦ

1951 4098 2301 4173 προσεδρείας
2334 4099 2696 4151 ἐκπίπτουσαι
2728 4114 2740 4127 ·
2773 4098 2848 4161 ὡς
2891 4097 2984 4152 ἐὰν
3031 4098 3230 4172 seem;
3270 4099 3347 4170 τῷ
3395 4101 3535 4171 λόγῳ

1948 4187 2010 4239 τὸ
2064 4187 2323 4256 Πνεῦμα,
2386 4187 2634 4240 λέλυνται
2693 4187 2790 4257 μὲν
2844 4186 3093 4254 ἀγγέλων
3289 4191 3532 4255 χορεῖαι,

1950 4279 2250 4352 ἀνῄρηνται
2297 4281 2353 4333 δὲ
2402 4279 2758 4350 ἀρχαγγέλων
2807 4279 3144 4339 ὲπιστασίαι,
3201 4280 3534 4348 συγκέχυται

1948 4371 2008 4426 δὲ
2029 4371 2098 4425 τὰ
2118 4373 2294 4426 πάντα
2320 4387 2332 4399 '
2352 4370 2766 4441 ἀνομοθέτητος,
2793 4367 3046 4432 ἄτακτος,
3078 4368 3330 4438 ἀόριστος
3358 4369 3534 4422 αὐτῶν

3294 3375 3489 3444 φλόγα
3521 3391 3532 3404 ·

1689 4461 1701 4496 :
1737 4447 1850 4500 vita
1885 4435 1923 4487 ί)
1951 4463 1984 4531 ἡ
2039 4460 2176 4532 ζωή.
2218 4461 2344 4524 Πῶς
2395 4435 2492 4531 μεν
2533 4435 2652 4530 γόιρ⁷
2693 4457 2920 4510 εἴπωσιν
2961 4435 3217 4524 ἄγγελοι·
3274 4458 3433 4520 Δόξαι
3466 4458 3537 4510 ἐν

1948 4552 2232 4620 ὑψίστοις
2266 4549 2407 4614 Θεῷ,
2444 4549 2516 4620 μὴ
2562 4546 2975 4617 δυναμωθέντες
3021 4545 3125 4598 ὑπὸ
3158 4546 3250 4598 τοῦ
3287 4546 3534 4616 Πνεὺμα-

1948 4657 2072 4707 τος;
2104 4640 2314 4706 Οὐδεὶς
2359 4639 2467 4709 γὰρ
2495 4637 2748 4690 δύναται
2788 4635 2976 4690 εἰπεῖν
3017 4635 3236 4703 Κύριον
3270 4635 3532 4701 Ἰησοῦν,

1947 4735 1998 4784 εὶ
2032 4732 2118 4800 μὴ
2155 4732 2223 4783 ἐν
2254 4730 2548 4798 Πνεύματι
2583 4727 2746 4796 ἁγίῳ,
2776 4726 2875 4779 καί
2905 4725 3105 4792 οὐδεὶς
3130 4726 3199 4778 ἐν
3238 4726 3535 4794 Πνεύματι

1951 4823 2098 4878 Θεοῦ
2125 4820 2330 4876 λαλῶν
2378 4820 2539 4890 λέγει
2585 4819 2849 4888 ἀνάθεμα
2900 4817 3142 4885 Ἰησοῦν
3166 4834 3178 4847 ·
3229 4819 3364 4888 ὅπερ
3393 4816 3536 4870 εἴποι

1948 4908 2014 4962 ἂν
2203 4908 2269 4962 τὰ
2298 4908 2509 4979 πονηρὰ
2542 4907 2636 4960 καὶ
2665 4907 3018 4977 ἀντικείμενα
3054 4907 3359 4978 πνεύματα,
3395 4902 3470 4961 ὧν
3500 4909 3534 4979 ἡ

1949 4999 2266 5062 ὰπόπτωσις
2319 4999 2599 5071 συνίστησι
2653 4999 2758 5052 τὸν.
2791 4998 2968 5067 λόγον,
3020 4997 3113 5050 τοῦ
3154 4998 3535 5065 αὐτεξουσίους

1948 5085 2086 5142 εἶναι
2127 5081 2226 5153 τὰς
2279 5091 2546 5160 ἀοράτους,
2591 5091 2886 5162 δυνάμεις,
2943 5089 3247 5159 ἰσορρόπως
3303 5089 3535 5159 ἐχούσας

1950 5183 2086 5254 πρὸς
2106 5182 2302 5254 ἀρετὴν
2333 5174 2426 5237 καί
2460 5183 2680 5246 κακίαν,
2717 5183 2812 5236 καὶ
2843 5181 2934 5234 διὰ
2958 5179 3118 5231 τοῦτο
3141 5178 3402 5247 δεομένας
3433 5179 3534 5248 τῆς

1949 5275 2042 5329 τοῦ
2097 5275 2414 5345 Πνεύματος
2469 5273 2741 5346 βοηθείας.
2811 5272 2950 5340 Ἐγὼ
3009 5272 3102 5323 καὶ
3151 5269 3242 5321 τὸν
3291 5271 3524 5340 Γαϐριὴ)

1950 5368 2235 5440 προλέγειν
2281 5369 2348 5422 τὰ
2398 5367 2660 5438 μέλλοντα
2708 5367 2960 5435 οὐδαμῶς
2994 5363 3168 5426 ἄλλως
3214 5363 3356 5433 φημὶ
3395 5363 3428 5434 ἢ
3463 5364 3531 5433 τῇ

1950 5461 2253 5532 προγνώσει
2287 5460 2377 5513 τοῦ
2417 5459 2752 5529 Π-νεύματος.
2792 5458 2933 5509 Διότι
2962 5455 3020 5508 ἒν
3054 5456 3162 5508 τῶν
3335 5457 3399 5508 ὲκ
3431 5454 3531 5524 τῆς

1947 5552 2262 5624 διαιρέσεως
2296 5551 2386 5604 τοῦ
2422 5550 2734 5620 Πνευματος
2766 5547 3116 5618 χαρισμάτων
3151 5547 3298 5600 ἐστὶν
3331 5549 3365 5617 ἡ
3397 5564 3532 5619 προ-

3025 5732 3045 5766 ⁸
3079 5730 3099 5786 Ι
3138 5730 3266 5789 Cor.
3325 5746 3422 5799 xu,
3479 5732 3532 5787 5.

1944 5731 1963 5758 ⁵
2019 5727 2163 5784 Psal.
2197 5741 2314 5795 cm,
2379 5729 2431 5782 4.
2512 5731 2531 5761 ⁸
2574 5744 2706 5784 LUC.
2744 5743 2801 5797 ιι,
2837 5727 2924 5788 Μ.
