4082 6396
200 336 315 402 761

1160 321 1541 381 PANOPLIA
1584 319 2047 381 DOGMATICA.
2079 342 2151 354 -
2188 319 2342 380 ΤΙΤ.
2384 318 2528 381 ΧΠ.

3383 326 3487 387 762

208 464 436 537 φητεία.
486 462 545 515 '0
578 456 738 513 δὲτὰ
791 456 1061 527 μυστήρια
1103 454 1200 522 τῆς
1242 452 1503 514 ὀπτασίας
1539 449 1621 520 τῷ»
1647 450 1801 520 ἀνδρὶ

1904 448 2139 511 scientia
2198 454 2479 524 Spiritus,
2543 468 2613 509 eo
2670 456 2815 526 quod
2869 473 3038 513 unum
3094 474 3160 515 ex
3219 460 3492 517 divisione

207 559 325 611 τῶν
373 550 687 622 ἐπιθυμιῶν
728 546 1042 616 ἐπιταχθεὶς
1080 544 1420 613 διαγγεῖλαι,
1452 543 1614 595 πόθεν
1649 560 1801 612 σοφι-

212 649 369 711 σθεὶς
415 642 531 715 εἶχε
580 642 863 696 διδάσκειν»
908 637 977 690 τὰ
1041 637 1439 708 κεκρυμμένα,
1492 636 1542 687 εἰ
1596 635 1673 705 μὴ
1722 634 1801 703 τῷ

210 738 501 809 Πνξύματι
528 734 606 804 τῷ
654 734 833 803 ἁγίῳ;
876 730 979 799 τῆς
1018 726 1415 796 ἀποκαλύψεως
1453 726 1561 779 τῶν
1596 741 1801 795 μυστη·

215 832 354 903 ρίων
391 828 535 890 ἰδίως
563 824 641 896 τῷ
674 824 956 893 Ηνεύματι
996 819 1401 891 προσηκούσης,
1438 817 1577 871 κατὰ
1619 816 1680 869 τὸ
1712 832 1806 884 γει-

210 923 559 994 γραμμένον,
589 921 671 972 ὃτι
712 917 873 986 Ἡμῖν
899 913 1301 982 ἀπεκάλυψεν
1337 917 1369 967 ὀ
1399 911 1543 977 Θεὸς
1573 910 1677 964 διὰ
1698 909 1804 963 τοῦ

214 1016 588 1081 Πνεύματος.
639 1008 837 1079 Θρόνοι
877 1008 933 1059 δὲ
977 1006 1070 1059 καὶ
1119 1006 1469 1075 κυριότητες,
1503 1004 1597 1056 καὶ
1637 1003 1805 1074 ἁρχαὶ

214 1108 312 1161 καὶ
355 1103 617 1167 ἐξουσίαι,
662 1099 779 1162 πῶς
824 1099 891 1152 ἂν
933 1097 1030 1168 τὴν
1080 1097 1365 1167 μακαρίαν
1560 1095 1805 1165 διεξῆγον

215 1197 387 1266 ζωὴν,
420 1197 471 1248 εί
518 1193 591 1264 μὴ
637 1193 726 1244 διὰ
767 1191 971 1253 παντὸς
1006 1189 1235 1242 ἔϐλεπον
1282 1188 1343 1240 τὸ
1376 1188 1667 1259 πρόσωπον
1704 1187 1798 1240 τοῦ

217 1287 435 1356 Harpe;
479 1284 572 1337 τοῦ
621 1286 678 1337 ἐν
724 1284 1007 1353 οὐρανοῖςς
1049 1281 1122 1333 Τὸ
1153 1281 1209 1333 δὲ
1268 1279 1487 1349 βλέπειν
1518 1280 1620 1331 οὐκ
1672 1280 1801 1333 ἄνευ

218 1380 313 1433 τοῦ
354 1377 688 1447 Πνεύματος.
737 1377 948 1445 Ὠσπερ
992 1374 1101 1444 γὰρ
1144 1375 1200 1426 ἐν
1237 1374 1412 1436 νυκετὶ,
1460 1372 1564 1427 ἐὰν
1596 1373 1803 1444 ὐφὲλῃς

220 1476 281 1529 τὸ
307 1474 425 1543 φῶς
457 1472 564 1525 ἀπὸ
592 1470 691 1540 τῆς
717 1469 910 1533 οἰκίας,
933 1468 1131 1535 τυφλαὶ
1165 1468 1263 1535 μὲν
1290 1468 1351 1519 αἱ
1380 1466 1548 1536 ὄψεις,
1586 1466 1805 1536 ἀνενέρο

219 1582 381 1636 γητοι
413 1565 471 1616 δὲ
516 1560 935 1615 καταλείπονται
968 1560 1023 1611 αἱ
1076 1558 1361 1628 δυνάμεις,
1406 1558 1802 1625 ἀνεπίγνωστοι

223 1657 281 1711 δὲ
317 1656 375 1710 αἱ
408 1655 575 1719 ἀξίαι,
610 1652 705 1705 καλ⁵
738 1649 939 1721 χρυσοῦ
983 1649 1078 1702 καὶ
1116 1649 1338 1719 σιδήρου
1374 1648 1575 1719 ὁμοίως
1603 1665 1806 1700 πατου-

1902 546 2171 599 donorum
2205 545 2444 616 Spiritus
2481 547 2553 599 sit
2584 550 2896 617 prophetia.
2932 549 3110 607 Puero
3149 555 3244 623 qui
3282 565 3494 626 myste-

1908 638 1994 691 ria
2026 637 2259 691 visionis
2290 638 2412 691 viro
2464 639 2864 695 desideriorum
2890 642 3083 711 jussus
3128 656 3246 701 erat
3278 666 3493 706 annun-

1905 731 2043 784 tiare
2089 734 2133 796 ί,
2193 729 2339 785 unde
2374 739 2571 787 nactus
2618 742 2737 786 erat
2782 735 3144 806 sapientiam,
3204 749 3261 793 ut
3307 752 3494 811 posset

1905 820 2102 875 docere
2153 836 2376 888 arcana,
2419 823 2525 876 nisi
2586 839 2682 892 per
2739 823 3002 895 Spiritum
3205 834 3498 886 sanctum?

1905 928 2029 966 cum
2067 915 2367 982 patefactio
2411 916 2800 987 mysteriorum
2832 922 3184 988 peculiariter
3213 925 3279 977 ad
3315 924 3492 995 Spiri-

1910 1016 2023 1061 tum
2075 1014 2327 1061 sanctum
2380 1008 2671 1076 pertineat,
2722 1009 2884 1078 juxta
2936 1011 2986 1064 id
3030 1015 3179 1082 quod
3220 1018 3488 1086 scriptum

1905 1108 1991 1155 est
2025 1117 2039 1151 :
2071 1098 2240 1153 Nobis
2274 1103 2524 1156 reserauit
2566 1103 2709 1156 Deus
2747 1120 2838 1171 per
2869 1106 3127 1173 Spiritum
3184 1111 3220 1165 ¹.
3277 1110 3488 1167 Throni

1906 1208 2045 1247 γειοορ
2068 1201 2122 1247 et
2187 1192 2621 1261 dominationes,
2675 1198 3012 1267 principatus
3073 1210 3126 1254 et
3167 1212 3489 1271 potestates,

1908 1284 2185 1353 quomodo
2234 1287 2445 1339 beatam
2506 1288 2861 1343 traducerent
2894 1291 3086 1355 vitam,
3131 1294 3235 1347 nisi
3272 1309 3491 1365 semper

1908 1376 2156 1429 viderent
2186 1377 2394 1430 vultum
2429 1377 2609 1434 Patris
2638 1381 2729 1449 qui
2781 1381 2835 1434 in
2866 1384 3020 1437 cmlis
3050 1393 3135 1438 cst
3171 1382 3191 1414 ³
3215 1386 3237 1439 ?
3259 1390 3327 1440 At
3354 1389 3491 1443 visio

1908 1483 2014 1520 non
2060 1475 2145 1523 est
2196 1470 2402 1538 absque
2446 1470 2675 1539 Spiritu.
2730 1472 3200 1538 Quemadmodum
3258 1480 3401 1532 enim
3445 1480 3491 1535 si

1904 1558 1969 1612 in.
1996 1572 2154 1615 nocte
2193 1563 2352 1616 tollas
2386 1564 2671 1617 lucernam
2708 1582 2736 1620 e
2773 1566 2955 1630 domo,
2989 1569 3118 1621 ϐαιοὶ
3150 1576 3277 1622 sunt
3325 1572 3489 1635 oculi,

1902 1650 2189 1707 facultates
2245 1653 2630 1724 relinquuntur
2701 1656 2942 1721 inertes,
3010 1673 3112 1712 nec
3180 1663 3493 1730 agnoscitur

225 1749 409 1821 μένων
442 1744 531 1797 διὰ
570 1743 670 1813 τὴν
700 1741 924 1809 ἄγνοιαν
942 1755 957 1769 ·
1001 1737 1173 1803 οὕτως
1207 1739 1300 1791 ἐπὶ
1330 1739 1429 1809 τῆς
1457 1738 1657 1809 νοητῆς
1684 1738 1803 1791 δια-

1902 1757 2088 1795 rerum
2155 1743 2431 1815 dignitas,
2502 1747 2598 1801 sed
2679 1763 2775 1816 per
2853 1749 3220 1819 ignorantiam
3293 1767 3491 1809 aurum

225 1833 575 1900 κοσμήσεως,
610 1829 893 1897 ἀμήχανον
937 1826 1035 1898 τὴν
1064 1828 1324 1897 ἔνθεσμον
1353 1828 1567 1899 ἐκείνην
1598 1827 1810 1899 διαμείο

1907 1827 2132 1897 perinde
2176 1842 2239 1879 ac
2295 1830 2497 1882 ferrum
2555 1832 2912 1884 conculcatur
2951 1848 2963 1883 :

220 1939 310 1976 ναι
328 1922 475 1993 ζωὴν
493 1923 619 1976 ἄνευ
640 1921 736 1973 τοῦ
754 1919 895 1975 Πνεύ
904 1938 1071 1991 ματος
1086 1935 1100 1950 ⁸
1132 1920 1191 1972 οὐ
1219 1919 1416 1990 μᾶλλόν
1443 1920 1553 1989 γεῆ
1590 1937 1807 1991 στρατο-

219 2017 383 2069 πέδου
411 2016 510 2085 τὴν
532 2014 804 2080 εὐταξίαν,
829 2012 919 2066 τοῦ
944 2012 1239 2088 ταξιάρχου
1266 2014 1341 2082 μὴ
1514 2012 1777 2083 παρόντος
1794 2024 1807 2039 ⁵

218 2107 253 2177 ἦ
286 2106 454 2176 χοροῦ
487 2105 585 2176 τὴν
614 2104 951 2174 συμφωνίαν,
981 2104 1075 2157 τοῦ
1107 2103 1404 2175 κορυφαίου
1439 2099 1514 2171 μὴ
1545 2100 1813 2170 συναρμόο

218 2198 432 2261 ζοντος.
478 2196 603 2260 Πῶς
642 2195 758 2268 [ἂν]
793 2197 919 2266 εἴπῃ
958 2194 1026 2248 τὰ
1069 2196 1331 2266 σεραφὶμ,
1369 2194 1590 2263 Ἄγιος,
1622 2192 1809 2260 ἅγιος,

218 2294 410 2362 ἅγιος,
447 2293 520 2362 μὴ
542 2290 857 2360 διδαχθέντα
888 2289 1039 2361 παρὰ
1077 2288 1172 2342 τοῦ
1205 2286 1548 2356 Πνεὺματος,
1582 2283 1812 2346 ποσάκις

220 2386 375 2438 ἐστὶν
414 2382 636 2445 εὐσεϐὲς
694 2381 792 2451 τὴν
842 2379 1146 2448 δοξολογίαν
1203 2377 1408 2447 ταύτην
1466 2375 1810 2443 ἁναφωνεῖν;

221 2476 351 2530 Εἴτε
372 2472 469 2527 οὖν
501 2472 710 2526 αἱνοῦσι
739 2470 832 2523 τὸν
865 2470 995 2523 Θεὸν
1026 2470 1227 2532 πάντες
1257 2471 1308 2521 οἱ
1350 2465 1571 2534 ἄγγελοι
1617 2463 1806 2527 αὐτοῦ,

222 2566 319 2619 καὶ
353 2562 596 2617 αἰνοῦσιν
632 2559 795 2613 αὐτὸν
819 2561 989 2613 πᾶσαι
1016 2561 1070 2612 αἱ
1103 2559 1360 2629 δυνάμεις
1382 2554 1548 2610 αὐτοῦ
1566 2594 1581 2620 ,
1604 2554 1692 2607 διὰ
1715 2555 1813 2624 τῆς

219 2656 318 2709 τοῦ
356 2654 673 2723 Πνεῦμα-τος
719 2652 1042 2722 συνεργείας
1079 2667 1092 2682 ·
1274 2649 1387 2702 εἴτε
1433 2647 1812 2718 παρεστήκασι

222 2749 393 2820 χίλιαι
426 2745 663 2817 χιλιάδες
697 2742 965 2809 ἀγγέλων,
1001 2742 1093 2796 καὶ
1144 2740 1347 2815 μύριαι
1387 2739 1647 2810 μυριάδες
1694 2737 1809 2789 λει-

221 2836 601 2909 τουργούντων
645 2865 665 2892 ν
829 2835 886 2886 ἐν
916 2835 982 2903 τῇ
1013 2832 1238 2901 δυνάμει
1274 2829 1367 2882 τοῦ
1403 2827 1722 2897 Πνεύματος
1752 2825 1813 2877 τὸ

223 2932 425 2981 οἰκεῖον
470 2927 632 2997 ἔργον
677 2926 924 2997 ἀμώμως
972 2920 1301 2976 ἐπιτελοῦσι.
1362 2921 1551 2973 Πᾶσαν
1587 2912 1678 2970 οῦν
1709 2916 1811 2984 τὴν

226 3019 619 3091 ὐπερουρὰνιον
659 3017 874 3085 εκείνην
921 3014 1015 3067 καὶ
1039 3012 1279 3083 ἄρρητον
1316 3008 1603 3080 ἁρμονίαν,
1652 3004 1706 3057 ἓν
1749 3019 1809 3055 τε

3020 1837 3099 1888 sic
3135 1838 3187 1888 in
3218 1838 3490 1905 spirituali

1904 1918 2131 1983 ordine,
2190 1920 2529 1989 impossibile
2581 1933 2666 1978 est
2709 1923 2850 1991 piam
2901 1925 3047 1977 illam
3107 1940 3170 1978 ac
3232 1936 3479 1980 sanctam

1903 2012 2072 2066 vitam
2127 2026 2446 2080 permanere
2480 2014 2617 2066 citra
2664 2013 2927 2083 Spiritum
2969 2031 2983 2067 :
3027 2016 3195 2069 nihilo
3238 2018 3482 2085 profecto

1907 2103 2079 2172 magis
2135 2116 2300 2170 quam
2362 2104 2637 2158 exercitus
2697 2104 2751 2157 in
2809 2114 2956 2160 recto
3020 2107 3211 2160 ordine
3263 2092 3500 2161 manere,

1904 2202 2081 2264 pctest
2135 2196 2360 2250 absente
2388 2196 2548 2260 duce,
2601 2205 2694 2250 aut
2750 2198 2953 2252 chorus
3001 2200 3052 2252 in
3090 2201 3479 2261 consonantia,

1904 2286 2005 2339 nisi
2069 2286 2224 2339 chori
2286 2287 2577 2355 praefcctus
2614 2295 2878 2357 temperet
2938 2289 3301 2344 harmoniam.
3376 2290 3482 2354 Qui

1905 2386 2129 2445 possent
2194 2376 2380 2433 dicere
2439 2381 2737 2449 scraphim,
2778 2380 3032 2445 Sanctus,
3085 2392 3319 2446 sanctus,
3356 2400 3483 2435 sau-

1901 2478 2015 2522 ctus
2050 2475 2103 2536 ⁸,
2165 2470 2273 2523 nisi
2334 2470 2479 2525 docti
2536 2487 2631 2541 per
2702 2466 3001 2541 Spiritum,
3060 2474 3277 2542 quoties
3335 2474 3480 2541 pium

1902 2558 2067 2613 fuerit
2130 2561 2296 2629 hujus
2351 2562 2767 2637 glprilieationis
2828 2566 2993 2618 verba
3054 2567 3299 2620 canere?
3356 2566 3482 2621 Sive

1902 2648 2068 2717 igitur
2106 2649 2333 2704 laudant
2377 2651 2542 2705 Deum
2591 2668 2783 2707 omnes
2824 2655 2999 2722 angeli
3048 2655 3166 2722 ejus
3197 2671 3259 2707 ac
3290 2670 3482 2710 omnes

1901 2738 2129 2793 virtutes
2162 2740 2310 2809 ejus,
2353 2740 2416 2793 ﬁt
2457 2740 2692 2810 Spiritus
2740 2757 2859 2811 ope.
2913 2741 3037 2796 Sive
3072 2752 3252 2797 astant
3285 2746 3482 2798 millies

1903 2828 2050 2880 mille
2088 2829 2292 2897 angeli,
2342 2844 2407 2883 ac
2453 2830 2664 2885 centies
2708 2839 2927 2884 centum
2969 2832 3134 2884 millia
3169 2834 3484 2886 ministrau-

1900 2917 2036 2969 tium
2072 2956 2086 2981 ,
2145 2918 2380 2973 oliicium
2442 2936 2607 2975 suum
2669 2922 2807 2975 citra
2878 2923 3357 2990 reprehensionem
3428 2922 3483 2975 in

1899 3008 2099 3062 virtute
2132 3007 2369 3076 Spiritus
2408 3010 2718 3079 perﬁciunt.
2764 3010 2951 3080 Itaque
3003 3020 3113 3065 tota
3157 3012 3255 3063 illa
3288 3026 3481 3079 super-

224 3110 293 3180 τῇ
332 3108 649 3179 λειτουργίᾳ.
681 3106 816 3160 Θεοῦ
854 3105 951 3158 καὶ
974 3106 1038 3174 τῇ
1074 3102 1209 3172 πρὸς
1244 3099 1479 3168 ἀλλήλας
1511 3096 1617 3149 τῶν
1645 3096 1810 3165 ὑπερ-

1902 3100 2144 3156 οωιοειὶε
2205 3110 2259 3156 et
2308 3102 2600 3158 ineﬂ‘abilis
2647 3104 2972 3166 harmonia,
3030 3110 3144 3156 tum
3213 3104 3268 3156 in
3332 3103 3482 3154 cultu

221 3201 460 3270 κοσμίων
501 3200 779 3269 δυνάμεων
814 3193 1124 3266 συμφωνίᾳ,
1170 3192 1430 3245 ἀδύνατον
1476 3187 1814 3258 φυλαχθῆναι

227 3289 324 3362 [εἰ]
341 3290 415 3361 μὴ
436 3292 499 3360 τῇ
521 3287 814 3359 ἐπιστασίᾳ
838 3285 933 3338 τοῦ
958 3282 1096 3339 Πνεύ
1107 3298 1294 3353 ματος.
1329 3279 1484 3332 Οὕτω
1515 3280 1611 3348 μὲν
1634 3272 1725 3330 οὖν
1756 3275 1814 3328 ὲν

223 3379 555 3450 δημιουργία
584 3378 818 3449 πάρεστι
849 3374 909 3428 τὸ
943 3372 1168 3443 Πνεῦμα
1202 3371 1261 3423 τὸ
1293 3370 1446 3437 ἅγιον
1470 3370 1582 3429 τοῖς
1606 3368 1706 3418 οὐκ
1748 3365 1813 3417 ἐκ

224 3466 515 3536 προκοπῆς
548 3462 969 3533 τελειουμένοις,
994 3461 1108 3514 ἀλλ’
1136 3461 1229 3512 ἀπ’
1256 3458 1425 3527 αὐτῆς
1454 3456 1551 3526 τῆς
1583 3454 1812 3515 κτίσεως

223 3556 386 3620 εὐθὺς
414 3556 662 3619 τελείοις,
686 3558 766 3619 εἰς
790 3555 879 3607 τὸν
910 3551 1255 3623 ἀπαρτισμὸν
1291 3549 1386 3603 καὶ
1417 3546 1811 3617 συμπλήρωσιν

220 3646 323 3716 τῆς
381 3646 731 3709 ὑποστάσεως
783 3643 975 3698 αὐτῶν
1023 3643 1135 3711 τὴν-
1192 3642 1324 3710 παρ’
1389 3635 1583 3690 ἑαυτοῦ
1653 3634 1811 3705 χάριν

224 3736 729 3807 συνεισφερόμενον.
1037 3776 1061 3791 ,

420 3828 530 3889 Τὰς
569 3826 627 3878 δὲ
674 3824 802 3895 περὶ
845 3823 937 3875 τὸν
991 3819 1281 3891 ἄνθρωπον
1333 3813 1669 3885 οἰκονομίας,
1712 3810 1813 3874 τὰς

224 3917 335 3971 ὐπὸ
379 3916 474 3970 τοῦ
514 3916 749 3987 μεγάλου
801 3911 934 3965 Θεοῦ
982 3911 1076 3964 καὶ
1125 3908 1378 3978 Σωτῆρος
1428 3903 1586 3975 ἡμῶν
1635 3898 1811 3971 Ἰησοῦ

226 4009 468 4083 Χριστοῦ
489 4009 632 4063 κατὰ
647 4009 742 4079 τὴν
760 4006 1071 4075 ἁγαθόιητα
1098 4001 1192 4055 τοῦ
1210 3999 1343 4054 Θεοῦ
1493 3995 1811 4065 γενομένας,

231 4103 317 4165 τίς
347 4104 563 4171 ἀντερεῖ
596 4100 669 4170 μὴ
695 4099 818 4168 οὐχὶ
855 4098 942 4150 διὰ
974 4097 1073 4165 τῆς
1108 4093 1202 4147 τοῦ
1245 4091 1560 4161 Πνεύματος
1592 4087 1813 4158 χάριτος

224 4187 673 4259 πεπληροῦσθαις
697 4188 820 4240 Εἴτε
861 4185 1039 4255 βούλει
1078 4183 1153 4237 τά
1179 4180 1386 4235 παλαιὰ
1426 4180 1679 4231 σκοπεῖν*
1716 4174 1813 4239 τὰς

223 4282 338 4335 τῶν
385 4278 744 4351 πατριαρχῶν
793 4276 1059 4344 εὐλογίας,
1103 4274 1201 4344 τὴν
1242 4273 1306 4324 ἐκ
1346 4270 1443 4340 τῆς
1494 4266 1812 4339 νομοθεσίας

224 4372 513 4444 δεδομένην
549 4370 832 4441 βοήθειαν,
870 4369 995 4430 τοὺς
1039 4365 1264 4427 τύπους,
1309 4360 1410 4424 τὰς
1449 4358 1810 4431 προφητείας,

224 4468 291 4522 τὰ
320 4470 375 4520 ὲν
408 4466 661 4537 πολέμοις
698 4462 1188 4535 ἀνδραγαθήματα,
1221 4458 1293 4511 τὰ
1333 4456 1421 4510 διὰ
1449 4455 1557 4508 τῶν
1590 4453 1811 4507 δικαίων
1832 4449 1871 4502 D

227 4561 455 4629 σημεῖα·
512 4556 624 4608 εἴτε
676 4556 747 4608 τὰ
793 4556 922 4625 περὶ
975 4554 1075 4623 τὴν
1131 4550 1395 4621 ἔνσαρκον
1452 4544 1546 4599 τοῦ
1602 4543 1810 4615 Κυρίου

221 4649 520 4720 παρουσίαν
547 4645 974 4717 οίκονομηθέντα
994 4660 1006 4673 ·
1040 4642 1128 4696 διὰ
1151 4640 1243 4695 τοῦ
1280 4638 1419 4692 Πνεύ
1429 4653 1620 4708 ματος.
1653 4634 1811 4706 [Ιρὼ-

218 4756 309 4793 τον
355 4740 455 4808 μὲν
505 4737 613 4807 γὰρ
668 4737 807 4807 αὐτῇ
862 4738 928 4805 τῇ
978 4733 1142 4803 σαρκὶ
1202 4730 1297 4784 τοῦ
1351 4729 1558 4800 Κυρίου
1624 4727 1810 4796 συνῆν,

221 4831 435 4903 χρίσμα
474 4829 788 4899 γενόμενον,
840 4828 933 4880 καὶ
985 4824 1305 4896 ἀχωρίστως
1350 4820 1525 4892 παρόν
1573 4818 1712 4871 κατὰ
1752 4816 1813 4870 τὸ

218 4922 623 4993 γεγραμμένων
656 4922 774 4990 Ἐφ’
801 4919 873 4972 ὃν
899 4919 977 4973 ἂν
1011 4918 1147 4987 ιδῃς
1173 4916 1241 4970 τὸ
1265 4913 1504 4982 Πνεῦμα
1537 4905 1815 4964 καταϐαῖ-

219 5029 348 5075 νον,
402 5014 501 5066 καί
542 5013 733 5082 μένον
770 5013 862 5065 ἐπ’
915 5010 1123 5074 αὑτὸν,
1172 5004 1350 5072 οὗτός
1398 5007 1570 5057 ἐστιν
1602 5006 1634 5057 ὁ
1682 5004 1812 5069 Υἱός

214 5108 380 5174 μουό
412 5106 723 5173 ἀγαπητός
746 5122 759 5134 ·
798 5105 913 5170 καὶ,
964 5103 1209 5172 Ἰησοῦν
1245 5101 1353 5155 τὸν
1385 5098 1503 5153 ἀπὸ
1525 5095 1809 5164 Ναζαρὲτ,

222 5196 293 5248 ὃν
317 5194 562 5264 ἔχρισεν
584 5200 616 5250 ὀ
648 5196 793 5262 Θεὸς
824 5196 903 5261 τῷ
938 5196 1245 5264 Πνεύματι
1270 5190 1349 5257 τῷ
1376 5192 1544 5260 ἁγίῳ.
1583 5190 1813 5242 Ἔπειτα

220 5287 367 5339 πᾶσα
414 5287 666 5358 ἐνέργεια
716 5288 1099 5358 συμπαρόντος
1133 5284 1229 5339 τοῦ
1280 5283 1600 5354 Πνεύματος
1646 5284 1810 5354 ἐνηρ-

220 5380 383 5445 γεῖτο.
436 5380 608 5433 Τοῦτο
669 5382 762 5434 καὶ
822 5382 925 5434 ὑπὸ
979 5380 1072 5434 τοῦ
1128 5379 1377 5433 διαϐόλου
1430 5377 1809 5449 πειραζομένῳ

219 5470 418 5539 παρῆν.
467 5471 727 5538 Ἀνήχθη
771 5472 899 5545 γὰρ,
950 5474 1137 5542 φησὶν,
1173 5475 1205 5526 ὀ
1274 5470 1502 5541 Ἰησοῦς
1539 5470 1657 5526 ὑπὸ
1701 5471 1807 5526 τοῦ

219 5560 564 5626 Πνεύματος
637 5565 726 5628 είς
777 5563 892 5631 τὴν
939 5562 1163 5631 ἔρημον
1226 5562 1333 5615 τοῦ
1393 5559 1806 5628 πειρασθῆναι.

287 5742 304 5774 ι
370 5741 502 5794 Dan.
560 5758 617 5810 ι,
656 5740 743 5797 ιο.
821 5742 842 5772 ²
885 5742 905 5796 l
946 5737 1077 5795 Cor.
1122 5756 1178 5804 ιι,
1224 5740 1313 5798 10.
1393 5739 1414 5773 ³
1472 5737 1665 5797 Matth.
1706 5750 1810 5791 xvii

1901 5735 1983 5793 l0.
2061 5734 2083 5768 ⁸
2131 5731 2236 5792 lsa.
2270 5748 2346 5802 vr,
2374 5734 2440 5792 ὃ.

218 5814 236 5847 ⁷
292 5810 480 5869 Matth.
511 5830 592 5881 iv,
623 5817 676 5871 l.
757 5813 777 5847 ³
832 5810 1023 5870 Matth.
1060 5828 1161 5879 xu,
1196 5812 1268 5867 28

1898 3186 2032 3253 Dei,
2091 3198 2205 3243 tum
2269 3192 2349 3244 'in.
2400 3193 2961 3247 ultramundanarum.
3019 3193 3280 3245 virtutum
3339 3192 3482 3245 inter

1898 3279 2045 3347 ipsas
2071 3281 2432 3334 consonantia
2478 3296 2834 3351 nequaquam.
2870 3281 3078 3336 servari
3117 3288 3332 3349 posset,
3368 3280 3478 3332 nisi

1899 3379 2157 3439 praeesset
2206 3370 2467 3440 Spiritus.
2500 3372 2594 3427 Sic
2636 3372 2803 3442 igitur
2835 3372 3201 3427 iacreatiooe
3232 3372 3319 3433 iis,
3364 3386 3487 3440 qua:

1898 3474 2009 3512 non
2086 3460 2426 3529 proﬁciendo
2510 3463 2840 3531 perveniunt
2911 3463 2978 3515 ad
3046 3460 3437 3530 perfectionem
3467 3500 3482 3524 ,

1899 3549 1995 3603 sed
2018 3551 2087 3604 ab
2120 3553 2237 3620 ipsa
2272 3553 2522 3620 protinus
2548 3553 2826 3606 creatione
2848 3551 3089 3620 perfecta
3120 3559 3250 3606 sunt
3277 3590 3291 3614 ,
3330 3551 3487 3605 adest

1900 3639 2139 3710 Spiritus
2162 3652 2415 3707 sanctus;
2458 3642 2663 3705 inhoc,
2697 3650 2758 3696 ut
2781 3642 3093 3711 perﬁciatur
3123 3641 3486 3709 compleatur-

1897 3747 2004 3802 que
2052 3733 2267 3787 illorum
2325 3732 2679 3795 substantia,
2719 3731 2948 3801 gratiam
2976 3745 3129 3786 suam
3167 3728 3481 3785 conferens.

2123 3820 2392 3875 Caeterum
2464 3820 2907 3890 dispensationcs
2980 3821 3129 3872 circa
3206 3819 3484 3871 hominem

1898 3931 2018 3984 quae
2066 3912 2224 3968 facta:
2275 3920 2406 3968 sunt
2443 3927 2473 3966 a
2525 3927 2721 3982 magno
2769 3911 2901 3974 Deo,
2943 3918 2998 3965 et
3055 3910 3344 3964 Servatore
3377 3924 3481 3962 no-

1899 4012 2015 4060 stro
2042 4002 2183 4059 Jcsux
2206 4003 2426 4057 Christo
2470 4004 2628 4071 juxta
2679 4004 2978 4057 bonitatem
3020 4001 3164 4067 Dei,
3219 4002 3346 4071 quis
3386 4017 3486 4055 ne-

1897 4096 2048 4165 gabit
2094 4111 2191 4166 per
2240 4095 2479 4165 Spiritus
2530 4095 2756 4165 gratiam
2794 4110 2917 4149 esse
2940 4093 3307 4163 adimpletas?
3358 4091 3484 4148 Sive

1906 4189 2043 4243 velis
2092 4187 2275 4258 prisca
2326 4196 2597 4257 spectare,
2656 4184 3095 4255 patriarcharum
3144 4182 3482 4237 benedictio-

1898 4295 2030 4344 nes,
2076 4279 2340 4332 auxilium
2395 4293 2490 4347 per
2525 4278 2697 4347 legem
2746 4277 2955 4339 datum,
2993 4276 3211 4346 ﬁguras,
3249 4277 3483 4347 prophe-

1897 4373 2028 4437 tias,
2060 4356 2281 4424 fortitch
2315 4369 2371 4423 in
2418 4369 2577 4423 bellis
2606 4377 2779 4438 gesta,
2841 4369 3104 4421 miracula
3141 4383 3236 4437 per
3264 4376 3499 4424 sanctos-

1898 4462 2044 4519 edita
2079 4477 2092 4512 :
2126 4461 2242 4514 sive
2273 4472 2394 4528 quae
2438 4459 2585 4512 circa
2634 4458 2850 4511 Domini
2881 4459 2934 4512 in
2973 4473 3141 4511 carne
3187 4457 3484 4511 adventum

1897 4556 2206 4625 dispensata
2252 4560 2380 4605 sunt
2413 4568 2426 4604 :
2461 4565 2558 4620 per
2589 4548 2854 4619 Spiritum
2902 4558 3053 4620 gesta
3088 4557 3237 4605 sunt.
3296 4547 3481 4603 Primo

1896 4647 2042 4704 enim
2087 4644 2263 4699 adfuit
2312 4642 2416 4713 ipsi
2471 4641 2627 4695 carni
2689 4640 2926 4703 Domini,
2976 4641 3104 4693 dum
3156 4640 3332 4693 factus
3376 4656 3478 4693 un-

1897 4740 2029 4805 ctio,
2093 4745 2150 4792 et
2209 4734 2654 4805 inseparabiliter
2697 4733 3068 4802 conjunctus,
3126 4733 3273 4787 sicut
3335 4734 3477 4787 scri-

1899 4840 2049 4902 ptum
2086 4838 2170 4885 est
2202 4844 2215 4879 :
2252 4827 2421 4895 Super
2458 4841 2610 4896 quem
2640 4825 2834 4880 uideris
2873 4824 3138 4891 Spiritum
3166 4824 3479 4879 descenden-

1901 4933 2022 4985 tem,
2059 4930 2109 4976 et
2160 4928 2458 4973 manentem
2516 4933 2675 4986 super
2701 4934 2845 4981 eum,
2879 4917 2962 4970 hic
3014 4926 3092 4970 est
3122 4914 3300 4971 Filius
3332 4933 3476 4970 meus

1896 5014 2121 5067 dilectus
2169 5019 2233 5075 ';
2289 5017 2379 5076 et,
2433 5007 2618 5062 J‘esum
2673 5025 2713 5062 α
2763 5006 3063 5074 Nazareth,
3118 5024 3270 5078 quem
3324 5008 3480 5060 unxit

1898 5104 2040 5160 Deus
2094 5103 2298 5173 Spiritu
2324 5111 2509 5158 sancto
2538 5103 2559 5134 ⁸
2589 5140 2605 5156 .
2651 5100 2916 5170 Deinceps
2964 5101 3145 5156 omnis
3173 5101 3317 5155 actio
3344 5116 3479 5170 pras-

1896 5205 2057 5255 sente
2119 5195 2327 5266 Spiritu
2396 5194 2777 5266 peragebatur.
2833 5193 2941 5248 Hic.
2990 5207 3235 5263 praesens
3291 5192 3478 5247 aderat

1896 5303 2025 5344 cum
2081 5294 2138 5341 et
2175 5301 2206 5340 a
2256 5284 2475 5339 diabolo
2515 5291 2841 5339 tentaretur.
2884 5282 3155 5338 Deductus
3196 5291 3275 5335 est
3304 5282 3477 5343 enim,

1898 5381 2105 5451 inquit,
2158 5376 2316 5432 Iesus
2356 5394 2390 5430 a
2440 5375 2646 5445 Spiritu
2698 5376 2755 5429 iu
2795 5374 3058 5430 desertum
3092 5414 3116 5439 ν
3148 5383 3204 5427 ut
3247 5380 3483 5427 tantareu

1901 5483 1985 5526 tur
2022 5476 2063 5524 ⁷.
2105 5469 2242 5525 Tum
2289 5468 2470 5523 edenti
2531 5467 2797 5521 miracula
2838 5468 3109 5521 indivulse
3148 5465 3373 5517 aderat.
3415 5461 3478 5515 Si

1895 5566 2035 5619 enim
2073 5578 2186 5631 ego,
2226 5561 2429 5630 inquit,
2472 5560 2525 5613 in
2567 5558 2771 5627 Spiritu
2807 5558 2903 5611 Dei
2946 5559 3096 5625 ejicio
3135 5554 3401 5607 dwmom‘a
3429 5550 3471 5604 '.

2535 5736 2556 5768 ⁵
2591 5734 2747 5791 Joan.
2783 5746 2823 5799 ι,
2874 5730 2966 5787 '55.
3046 5731 3070 5764 ‘
3124 5729 3247 5786 Act.
3280 5747 3335 5797 ι.
3397 5732 3479 5789 33
