4082 6402
574 300 680 365 763

1817 304 2209 367 EUTIIYMII
2250 304 2619 367 ZIGABENI

3751 316 3859 383 τοι

576 447 696 503 Nec
732 445 976 502 deseruit
1006 444 1303 498 excitatum
1347 455 1378 495 a
1420 439 1671 496 mortuis.
1716 438 1982 495 Dominus
2013 439 2159 494 enim

2261 443 2371 497 Καὶ
2386 444 2697 515 ὲνεργοῦντι
2717 448 2813 512 τὰς
2829 449 3086 520 δυνάμεις
3102 450 3426 523 ἀχωρίστως
3449 454 3639 525 συνῆν.
3778 457 3850 512 Εἰ

584 554 857 593 renovans
1018 535 1319 596 hominem,
1357 533 1519 601 eique
1553 532 1751 587 iterum
1780 530 2014 584 reddens
2033 544 2160 600 gra-

584 634 752 695 tiam,
813 644 975 700 quam
1038 643 1104 683 es
1158 626 1337 680 aﬂlatu
1381 624 1475 679 Dei
1529 630 1810 692 acceptam
1859 622 2155 686 amiserat,

584 734 710 774 cum
771 718 1093 786 inspirasset
1157 714 1211 768 in
1283 714 1476 767 faciem
1534 711 1964 782 discipulorum,
2026 711 2156 780 quid

584 809 703 863 ait?
767 808 994 875 Accipite
1058 804 1318 873 Spiritum
1375 814 1636 857 sanetum.
1715 801 2158 869 Quorumeunque

578 899 891 962 rentiscrilis
929 910 1142 967 peccata
1175 938 1189 961 ,
1232 897 1576 951 remittuntur
1608 910 1629 957 ;
1690 903 1739 948 el
1799 908 2158 961 quorumcum-

579 1009 678 1062 que
729 992 1053 1045 retinueritis
1084 1029 1100 1051 ,
1141 998 1345 1044 retenta
1381 996 1504 1043 sunt
1560 988 1598 1042 ί.
1638 985 1759 1039 Jam
1798 1000 1929 1040 vero
1969 984 2157 1039 Eccle—

581 1083 676 1137 sia:
717 1081 852 1135 ordo
909 1088 964 1135 et
1032 1081 1357 1151 gubernatio
1426 1093 1609 1133 nonne
1677 1078 1855 1146 palam
1906 1083 1961 1131 et
2015 1074 2153 1130 citra

580 1167 1073 1221 contradictionem
1152 1182 1247 1237 per
1302 1166 1568 1237 Spiritum
1636 1178 1889 1223 sanctum
1940 1170 2155 1238 peragi—

516 1246 529 1257 ’
582 1259 717 1312 tur?
764 1256 885 1326 Ipse
923 1259 1098 1321 enim,
1140 1259 1358 1328 inquit,
1411 1259 1558 1313 dedit
1617 1259 1871 1314 Ecclesia:
1923 1260 2155 1329 primunt

581 1351 849 1418 apostolos
877 1392 891 1414 ,
933 1352 1120 1406 deinde
1169 1355 1485 1423 prophetas,
1549 1358 1700 1409 tertia
1751 1355 2047 1410 doctores:
2088 1353 2157 1410 ad

580 1442 691 1496 Iure
730 1443 967 1506 virtutes,
1007 1452 1262 1514 prwterea
1298 1445 1441 1500 dona
1482 1448 1848 1511 sanationum,
1894 1447 2156 1514 subsidia,

583 1533 987 1604 gubernatioucs
1018 1575 1034 1601 ,
1127 1553 1317 1607 genera
1388 1538 1692 1608 linguarum
1741 1545 1784 1597 ².
1857 1540 1956 1594 Hic
2010 1540 2157 1596 enim

586 1624 722 1679 ordo
757 1625 909 1693 juxta
955 1626 1399 1684 distributionem
1449 1630 1715 1685 donorum
1783 1629 2023 1702 Spiritus
2076 1632 2157 1687 di-

586 1726 772 1785 gestus
799 1729 902 1775 est.

780 1992 948 2058 Quin,
987 1994 1030 2047 si
1068 1993 1192 2062 quis
1232 1995 1546 2049 accuratius
1577 1995 1911 2064 perpendat,
1944 2013 2162 2068 compe-

587 2085 709 2144 rict,
753 2100 818 2138 ne
857 2086 918 2137 iu
976 2092 1221 2153 tempore
1256 2085 1477 2155 quidem
1540 2086 1656 2149 illo,
1710 2103 1819 2157 quo
1848 2100 2163 2158 exspectata

585 2176 801 2230 Domini
857 2178 1128 2246 apparitio
1166 2177 1346 2233 iietdc
1387 2179 1561 2244 cutio,
1609 2179 1849 2235 otiosum
1890 2182 2006 2238 fore
2048 2181 2164 2253 Spi—

588 2267 752 2320 ritum
802 2278 1053 2321 sanctmn
1089 2308 1104 2332 ,
1146 2277 1206 2322 ut
1235 2270 1457 2340 quidam
1518 2272 1854 2327 arbitrantur
1898 2290 1910 2326 :
1954 2276 2048 2330 sed
2095 2277 2164 2330 si-

587 2357 701 2409 mul
754 2357 931 2411 aderit
975 2359 1029 2412 in
1086 2359 1183 2413 illo
1232 2360 1395 2413 etiam
1438 2361 1528 2415 die
1582 2363 1932 2418 rcvclationis
1973 2365 2161 2430 illius,

587 2464 697 2517 quo
749 2449 1099 2517 judicaturus
1146 2460 1232 2507 est
1284 2453 1473 2507 orbem
1528 2461 1802 2509 terrarum
1857 2457 1910 2509 in
1950 2458 2163 2527 justitia

589 2540 679 2593 ille
719 2540 908 2596 beatus
940 2550 994 2595 et
1017 2543 1168 2597 solus
1211 2555 1427 2612 potens.
1497 2545 1633 2611 Quis
1662 2546 1808 2602 enim
1853 2548 1988 2602 adeo
2019 2549 2166 2620 igna-

587 2644 683 2682 rus
726 2637 813 2683 est
862 2630 1130 2685 bonorum
1159 2675 1173 2698 ,
1232 2648 1356 2701 quae.
1403 2633 1545 2690 Deus
1590 2638 1917 2705 prmparavit
1959 2639 2163 2708 dignis,

590 2727 648 2771 ut
672 2719 879 2772 nesciat
898 2719 1173 2787 justorum
1199 2736 1459 2777 coronam
1485 2741 1609 2779 esse
1640 2724 1880 2794 Spiritus
1910 2729 2166 2797 gratiam,

587 2798 711 2876 qua:
751 2809 957 2877 largius
1002 2821 1131 2863 tunc
1165 2812 1572 2882 perfectiusque
1614 2815 1865 2881 dabitur,
1897 2818 2168 2886 spirituali

586 2899 762 2968 gloria
791 2899 989 2968 cuique
1019 2916 1120 2970 pro
1142 2910 1290 2957 recte
1326 2903 1495 2973 gestis
1523 2905 1816 2960 distributa
1844 2925 1860 2960 :
1895 2906 1953 2961 In
1978 2908 2167 2977 splen-

587 2986 816 3041 doribus
867 2990 1014 3042 enim
1067 2999 1383 3047 sanctorum
1437 2996 1752 3053 mansiones
1802 2998 1987 3052 multa:
2040 3005 2171 3054 sunt

587 3078 731 3146 apud
760 3077 975 3134 Patrem
1017 3083 1036 3113 ³
1053 3122 1067 3147 ,
1089 3082 1192 3138 hoc
1219 3091 1325 3150 est,
1344 3084 1625 3154 dignitatis
1646 3087 1985 3144 discrimina.
2022 3089 2167 3145 Sicut

588 3169 728 3220 enim
755 3170 913 3222 stella
942 3187 975 3223 a
1013 3173 1168 3226 stella
1196 3172 1375 3243 di/j'ert
1409 3177 1464 3229 in
1507 3177 1781 3245 claritate,
1811 3180 1887 3233 ita
1915 3190 1964 3234 et
1994 3197 2165 3235 resur-

590 3260 756 3313 rectio
810 3271 1141 3316 mortuorum
1194 3262 1236 3319 ⁸.
1292 3264 1485 3336 Itaque
1533 3270 1626 3336 qui
1677 3272 1984 3342 consignati
2042 3283 2172 3330 sunt

594 3348 804 3417 Spiritu
836 3359 1030 3407 sancto
1052 3354 1107 3406 in
1140 3353 1286 3409 diem
1312 3358 1727 3426 redemptionis.
1760 3363 1965 3432 quique
1994 3363 2170 3434 Spiri-

591 3447 682 3492 tus
712 3441 1003 3508 primitias,
1026 3457 1162 3511 quas
1183 3457 1465 3514 accepere,
1496 3463 1664 3517 puras
1688 3459 1743 3504 et
1766 3451 2012 3523 integras
2046 3469 2168 3510 ser-

592 3532 867 3595 vaverint,
901 3532 939 3588 ii
972 3547 1101 3589 sunt
1127 3536 1221 3605 qui
1253 3538 1519 3593 audient:
1563 3538 1726 3611 Euge,
1760 3559 1904 3598 serve
1948 3546 2078 3599 bone
2118 3556 2171 3602 et

593 3622 771 3691 ﬁdelis
796 3664 811 3688 ,
857 3642 1014 3696 super
1047 3645 1220 3697 pauca
1253 3630 1408 3698 fuisti
1451 3631 1627 3700 ﬁdelis
1649 3673 1665 3698 ,
1714 3649 1873 3703 super
1917 3637 2088 3692 multa
2122 3650 2173 3697 te

591 3717 914 3770 constituam
971 3717 1013 3773 ⁸.
1044 3718 1309 3776 Similiter
1341 3730 1397 3777 et
1430 3725 1522 3794 qui
1554 3728 2006 3785 contristaverint
2047 3730 2172 3804 Spi-

590 3808 760 3862 ritum
804 3819 1052 3865 sanctum
1104 3814 1371 3883 pravitate
1412 3817 1721 3873 studiorum
1769 3836 2037 3891 suorum,
2078 3835 2173 3881 aut

592 3900 686 3968 qui
717 3915 824 3954 non
851 3900 1079 3957 fecerint
1110 3905 1182 3958 lu;
1203 3921 1325 3960 rum
1352 3922 1384 3961 e
1414 3916 1563 3964 sorte
1586 3909 1732 3975 data,
1763 3913 1833 3967 ab
1864 3915 1933 3970 iis
1959 3917 2171 3974 aufere-

593 3998 685 4044 tur
707 3991 760 4045 id
789 3994 933 4062 quod
964 4006 1318 4065 acceperunt,
1344 3998 1612 4054 beneﬂcio
1636 4004 1690 4056 in
1716 4004 1854 4059 alios
1869 4011 2170 4065 translato:

595 4090 691 4135 aut
718 4122 732 4145 ,
784 4086 1085 4139 secundum
1135 4087 1373 4156 aliquem
1418 4104 1482 4144 ex
1518 4094 1867 4161 evangelistis
1908 4099 1960 4161 ⁸,
2008 4100 2173 4155 etiam

596 4174 815 4242 penitus
870 4175 1293 4231 discindentur:
1345 4179 1610 4236 dissectio
1655 4186 1924 4253 siquidem
1974 4189 2177 4245 intelli-

595 4265 770 4333 genda
822 4274 905 4319 cst
942 4267 998 4320 in
1050 4267 1174 4333 hoc,
1208 4269 1355 4339 quod
1391 4286 1618 4341 prorsus
1656 4290 1687 4329 a
1731 4274 1935 4347 Spiritu
1983 4293 2177 4337 sancto

596 4356 1002 4412 alienabuntur.
1036 4358 1225 4429 Neque
1254 4362 1401 4415 enim
1432 4378 1636 4436 corpus
1666 4368 1949 4436 dividitur,
1982 4385 2042 4427 ut
2068 4391 2177 4430 una

2258 538 2370 605 γὰρ
2406 537 2522 606 ἐγὼ
2543 577 2559 605 ,
2601 540 2786 611 φησὶν,
2817 544 2886 595 ἐν
2930 543 3228 611 Πνεύματι
3273 543 3422 598 Θεοῦ
3468 546 3744 601 ἐκϐάλλω
3774 548 3850 603 τὰ

2258 626 2566 697 δαιμόνια’
2618 633 2712 685 καὶ⁴
2765 636 2830 686 ὲκ
2861 634 3068 703 νεκρῶν
3103 633 3435 698 ἀναστάντος
3480 637 3581 690 οὐκ
3627 638 3851 692 ἀπελεί-

2262 732 2415 768 πετο.
2475 718 2863 787 Ἀνακαινίζων
2914 722 3023 793 γὰρ
3072 722 3163 776 τὸν
3205 723 3491 794 ἄνθρωπον
3539 727 3569 778 ὁ
3617 728 3847 799 Κύριος,

2261 806 2356 859 καὶ
2397 808 2464 879 ἢν
2521 811 2771 866 ἀπώλεσε
2823 814 2984 885 χάριν
3037 816 3102 867 ἐκ
3150 814 3246 868 τοῦ
3303 816 3697 889 ὲμφυσήματος
3748 819 3849 875 τοῦ

2258 896 2428 964 Θεοῦ,
2480 901 2684 972 ταύτην
2738 903 2900 957 πάλιν
2954 904 3256 970 ἀποδιδοὺς,
3309 908 3635 979 ἐμφυσὴσας
3684 911 3764 972 εἰς
3784 911 3850 963 τὸ

2261 990 2546 1060 πρόσωπον
2577 994 2687 1048 τῶν
2735 996 3013 1068 μαθητῶν,
3046 997 3098 1050 τί
3126 1015 3289 1069 φησι;
3336 998 3557 1054 Λάϐετε
3597 1000 3850 1070 Πνεῦμα

2254 1078 2445 1147 ἅγιον.
2482 1085 2594 1139 Ἂν
2610 1102 2787 1139 τινων
2946 1086 3136 1156 ἀφῆτε
3165 1089 3272 1153 τὰς
3300 1089 3612 1158 ἁμαρτίας,
3638 1092 3851 1160 ἀφίεν-

2258 1195 2355 1233 ται
2370 1195 2384 1210 ⁶
2411 1179 2510 1233 καί
2526 1180 2605 1233 ἄν
2619 1196 2797 1233 τινων
2818 1179 3101 1247 κρατῆτε,
3119 1180 3530 1247 κεκράτηνται.
3567 1182 3630 1233 Ἡ
3650 1181 3707 1233 δὲ
3740 1183 3845 1251 τῆς

2273 1270 2598 1344 Ἐκκλησίας
2623 1270 2979 1342 διακόσμησις
3019 1272 3138 1341 οὐχὶ
3166 1270 3355 1340 σαφῶς
3390 1272 3486 1325 καὶ
3512 1273 3847 1343 ἀναντιρῤή-

2261 1380 2368 1429 τως
2416 1363 2506 1418 διὰ
2535 1362 2648 1419 ,τοῦ
2708 1363 3023 1433 Πνεῦματος
3076 1365 3412 1433 ὲνεργεῖταις
3484 1364 3678 1429 Αὐτὸς
3730 1365 3844 1434 γὰρ

2260 1451 2464 1516 ἔδωκε,
2506 1453 2662 1525 φησι,
2691 1451 2768 1520 τῇ
2808 1452 3142 1519 Ἐκκλησία
3166 1450 3402 1520 πρῶτον
3427 1453 3840 1520 ἀποστόλους,

2259 1541 2541 1612 δεύτερον
2575 1541 2906 1611 προφήτας,
2932 1543 3133 1611 τρίτον
3168 1541 3597 1609 διδασκάλους,
3637 1545 3845 1600 ἔπειτα

2259 1631 2565 1702 δυνάμεις,
2613 1634 2818 1687 ἔπειτα
2864 1635 3205 1702 χαρίσματα
3250 1633 3509 1702 ἰαμάτων
3531 1674 3547 1699 ,
3593 1636 3844 1702 ἀντιλή-

2260 1727 2419 1793 ψεις,
2453 1724 2863 1793 κυϐερνήσεις,
2898 1724 3044 1794 γένη
3098 1724 3397 1794 γλωσσῶν
3420 1763 3433 1777 ·
3480 1725 3628 1797 Αὕτη
3672 1727 3780 1796 γὰρ
3809 1730 3845 1797 ἡ

2195 1805 2235 1859 Β
2259 1815 2413 1881 τάξις
2444 1816 2586 1870 κατά
2612 1816 2709 1887 τὴν
2734 1816 2997 1888 διαίρεσιν
3024 1816 3134 1870 τῶν
3165 1819 3227 1868 ὲκ
3253 1815 3345 1869 τοῦ
3386 1816 3704 1887 Πνεῦματος
3736 1819 3846 1871 δω-

2262 1905 2401 1976 ρεῶν
2430 1907 2805 1960 διατέτακται.

2458 2018 2621 2088 Εὖροι
2652 2018 2707 2072 δὲ
2737 2018 2803 2072 ἄν
2827 2035 2933 2082 τις,
2962 2018 3205 2089 ἀκριϐῶς
3226 2016 3596 2089 λογιζόμενος,
3634 2020 3727 2072 καὶ
3750 2022 3849 2073 ἐπὶ

2259 2109 2353 2162 τοῦ
2377 2108 2568 2179 καιροῦ
2594 2109 2696 2178 τῆς
2718 2108 3174 2180 προσδοκωμένης
3198 2109 3520 2177 ἐπιφανείας
3550 2110 3645 2180 τῆς
3668 2109 3727 2174 ἐξ
3751 2112 3853 2163 οὑ-

2262 2199 2440 2270 ρανῶν
2470 2198 2564 2253 τοῦ
2592 2200 2798 2271 Κυρίου
2824 2199 2897 2270 μὴ
2925 2199 3214 2263 ἀσυντελὲς
3244 2200 3306 2253 τὸ
3338 2199 3564 2270 Πνεῦμα
3582 2201 3644 2252 τὸ
3663 2201 3849 2269 ἀγιον.

2258 2292 2335 2355 ὣς
2362 2308 2505 2355 τινες
2527 2289 2727 2344 οἴονται
2746 2307 2759 2321 ·
2790 2289 2926 2343 ἀλλὰ
2965 2291 3344 2360 συμπαρέσται
3551 2292 3645 2345 καὶ
3686 2294 3745 2345 εν
3773 2296 3849 2364 τῇ

2260 2381 2444 2452 ἡμέρᾳ
2459 2380 2557 2450 τῆς
2588 2378 2983 2448 ἀποκαλύψεως
3009 2378 3194 2441 αὐτοῦ,
3216 2379 3338 2432 καθ’
3367 2381 3432 2451 ἥν
3454 2384 3629 2450 κρινεῖ
3646 2382 3741 2451 τὴν
3762 2385 3848 2434 οἰ-

2262 2472 2533 2542 κουμένην
2578 2472 2635 2522 ἐν
2674 2469 2991 2542 δικαιοσύνῃ
3030 2471 3059 2522 ὁ
3103 2469 3372 2540 μακάριος
3415 2472 3511 2523 κοιλ⁸
3544 2471 3705 2541 μόνος
3746 2471 3851 2524 δυ-

2260 2566 2482 2634 νάστης.
2527 2564 2623 2628 Τίς
2656 2565 2767 2636 γὰρ
2804 2563 2978 2627 οὕτως
3016 2566 3248 2635 ἀνήκοος
3278 2564 3387 2618 τῶν
3419 2565 3850 2635 ἡτοιμασμένων

2260 2656 2413 2729 παρά
2439 2656 2574 2709 Θεοῦ
2607 2656 2825 2725 ἀγαθῶν
2869 2659 2979 2719 τοῖς
3022 2655 3214 2720 ἀξίοις,
3243 2657 3319 2720 ὡς
3348 2658 3583 2723 ἀγνοεῖν,
3626 2659 3707 2710 ὅτι
3745 2660 3848 2711 καὶ

2257 2746 2367 2799 τῶν
2387 2745 2608 2800 δικαίων
2634 2748 2663 2799 δ
2696 2746 2958 2815 στέφανος
2988 2744 3135 2816 ἡτοῦ
3170 2745 3484 2816 Πνεύματός
3522 2749 3638 2799 ἐστι
3657 2747 3844 2817 χάρις,

2258 2836 2625 2907 δαψιλεστέρα
2668 2837 2788 2890 τότε
2825 2837 2919 2891 καὶ
2963 2836 3270 2908 τελειοτέρα
3295 2837 3665 2907 παρεχομένη,
3701 2838 3850 2891 κατά

2257 2925 2356 2997 τὴν
2376 2926 2668 2995 ἀναλογίαν
2685 2926 2794 2979 τῶν
2815 2924 3324 2997 ἀνδραγαθημάτων
3349 2926 3449 2995 τῆς
3465 2927 3848 2997 πνευματικῆς

2257 3017 2415 3088 δόξης
2449 3017 2843 3089 διανεμομένης
2880 3019 3134 3087 Exacta);
3192 3018 3281 3070 ’Ev
3313 3016 3420 3088 γάρ
3444 3021 3566 3081 ταῖς
3599 3018 3851 3090 λαμπρὸυ

2199 3142 2238 3195 C
2261 3127 2389 3180 τησι
2421 3111 2530 3163 τῶν
2558 3110 2731 3179 ἁγίων
2763 3110 2921 3180 μοναὶ
2951 3110 3145 3163 πολλαὶ
3166 3109 3317 3180 παρά
3338 3109 3417 3180 τῷ
3445 3111 3620 3180 Πατρί
3640 3128 3653 3141 '
3683 3129 3849 3165 τουτ-

2260 3200 2428 3265 έστιν,
2455 3202 2780 3272 ἀξιωμάτων
2812 3202 3086 3272 διαφοραί.
3130 3201 3225 3266 Ὧς
3244 3202 3353 3269 γὰρ
3371 3202 3567 3270 ἀστὴρ
3589 3204 3849 3272 ἀστέρος

2259 3291 2526 3360 διαφέρει
2585 3292 2656 3345 ἐν
2682 3291 2854 3361 δόξῃ,
2896 3290 3052 3343 οὕτω
3085 3289 3183 3344 καὶ
3233 3291 3273 3357 ἠ
3337 3290 3673 3357 ἀνάστασις
3723 3292 3850 3348 τῶν

2260 3381 2509 3449 νεκρῶν.
2542 3383 2605 3434 Ol
2634 3382 2812 3435 τοίνυν
2877 3380 3304 3452 σφραγισθέντες
3344 3382 3423 3452 τῷ
3454 3384 3731 3455 Πνεῦματι
3764 3387 3849 3459 τῷ

2262 3471 2402 3539 ἁγίῳ
2429 3475 2509 3535 είς
2536 3472 2748 3543 ἡμέραν
2778 3470 3225 3543 ἀπολυτρώσεως,
3247 3472 3343 3526 καὶ
3371 3474 3443 3543 ῆν
3463 3474 3654 3530 ἔλαϐον
3672 3477 3851 3549 ἀπαρ-

2261 3563 2363 3633 χὴν
2389 3562 2484 3615 τοῦ
2518 3563 2654 3617 Πνεύ
2663 3581 2831 3634 ματος
3006 3562 3264 3633 ἀκέραιον
3288 3563 3383 3616 καὶ
3424 3565 3696 3635 ἀμείωτον
3724 3568 3850 3622 δια⁴

2265 3652 2556 3717 σώσαντες,
2575 3650 2715 3710 οὗτοί
2732 3657 2867 3708 εἰσιν
2886 3657 2935 3708 ol
2959 3653 3285 3717 ἀκούσοντες
3300 3670 3312 3683 ·
3337 3651 3445 3721 Εὖ,
3465 3655 3647 3712 δοῦλε
3663 3660 3853 3730 ἀγαθὲ

2262 3744 2361 3797 καὶ
2415 3745 2615 3809 πιστέ,
2647 3745 2748 3798 ἐπὶ
2800 3745 2976 3814 ὀλίγα
3000 3740 3074 3814 ἦς
3097 3743 3334 3809 πιστὸς,
3365 3744 3465 3798 ἐπὶ
3500 3748 3748 3802 πολλῶν
3770 3764 3852 3805 σε

2263 3834 2644 3901 καταστήσω.
2679 3834 2912 3905 Ὁμοίως
2927 3834 2983 3888 δὲ
3006 3836 3100 3889 καὶ
3113 3835 3162 3888 οἱ
3187 3834 3526 3907 λυπήσαντες
3548 3838 3609 3891 τὸ
3622 3840 3850 3911 Πνεῦμα

2263 3926 2324 3978 τὸ
2354 3925 2506 3994 διγιον
2530 3928 2597 3995 τῇ
2629 3925 2862 3997 πονηρίᾳ
2887 3925 2994 3978 τῶν
3033 3926 3480 3997 ἐπιτηδευμάτων
3502 3925 3703 3987 αὐτῶν,
3732 3925 3764 3996 ἢ
3796 3928 3849 3979 σί

2268 4017 2341 4088 μὴ
2406 4018 2844 4087 ὲπεργασάμενοι
2902 4017 2981 4087 τῷ
3028 4015 3270 4082 δοθέντι,
3322 4016 3782 4089 ἀφαιρεθήσονται
3821 4018 3854 4071 δ

2265 4107 2570 4178 εἰλήφασιν,
2606 4108 2686 4170 είς
2734 4108 2956 4180 ἐτέρους
2994 4108 3426 4180 μετατιθεμένης
3450 4109 3550 4179 τῆς
3588 4109 3810 4179 χάριτος
3833 4126 3848 4140 ·

2266 4196 2322 4266 ἢ,
2359 4195 2502 4249 κατά
2547 4213 2666 4248 τινα
2706 4195 2815 4249 τῶν
2860 4197 3288 4265 εὐαγγελιστῶν,
3336 4197 3432 4250 καὶ
3489 4194 3855 4267 διχοτομηθή-

2269 4301 2450 4338 σονται
2505 4285 2814 4349 παντελῶς·
2864 4287 2963 4358 τῆς
3008 4287 3318 4359 διχοτομίας
3369 4287 3665 4357 νοουμένης
3709 4288 3857 4342 κατά

2265 4374 2364 4446 τὴν
2390 4378 2470 4440 είς
2499 4376 2560 4430 τὸ
2577 4376 2838 4441 παντελὲς
2865 4377 2973 4430 ἀπὸ
2998 4377 3096 4430 τοῦ
3131 4378 3446 4449 Πνεῦματος
3471 4378 3851 4459 ἀλλοτρίωσιν.

598 4459 726 4514 pars
761 4447 1009 4502 tradatur
1042 4452 1336 4521 supplicio,
1375 4454 1547 4509 altera
1582 4458 1921 4516 absolvatur.
1956 4463 2090 4518 Nam
2123 4467 2167 4523 id

2267 4465 2403 4521 Οὔτε
2433 4468 2542 4538 γὰρ
2565 4467 2724 4537 σῶμα
2757 4468 3066 4539 διαιρεῖται,
3121 4469 3196 4533 ὡς
3228 4447 3291 4522 τδ
3328 4470 3425 4541 μὲν
3458 4447 3855 4538 παραδίδοσθαι

594 4537 813 4608 quidem
841 4539 1170 4603 fabulosum,
1198 4559 1376 4617 neque
1397 4550 1549 4617 justo
1574 4550 1796 4622 dignum
1818 4555 2025 4623 judice,
2051 4574 2174 4615 cum

597 4634 768 4682 totmn
803 4634 1135 4700 peccaverit,
1169 4634 1457 4691 dimidium
1487 4639 1666 4695 addici
1696 4657 1889 4712 paenae.
1925 4646 2033 4702 Nec
2058 4651 2180 4703 ani-

596 4734 683 4771 ma
720 4720 773 4774 in
806 4722 945 4777 duas
978 4732 1162 4794 partes
1210 4737 1466 4797 secatur,
1497 4747 1635 4799 cum
1691 4742 1807 4791 tota
1856 4753 1951 4807 per
2001 4748 2176 4796 totum

597 4809 852 4865 [tabuerit
888 4816 1151 4882 peccandi
1182 4816 1459 4883 affectum,
1491 4822 1766 4892 simulque
1792 4840 1917 4879 cum
1945 4843 2178 4898 corpore

596 4899 799 4952 malum
836 4912 1113 4969 Operetur.
1166 4903 1273 4960 Sed
1306 4906 1603 4973 dissectio,
1638 4920 1696 4963 ut
1728 4913 1841 4966 dixi
1867 4954 1879 4975 ,
1918 4927 2175 4985 perpetua

595 4997 680 5042 cst
707 4990 905 5045 animae
936 5008 967 5045 a
993 4993 1200 5063 Spiritu
1231 4998 1511 5053 alienatio.
1550 4998 1709 5055 Nunc
1748 5005 1892 5057 enim
1913 5045 1927 5067 ,
1960 5012 2176 5063 tametsi

596 5096 706 5132 non
735 5081 1069 5138 admiscetur
1107 5086 1368 5156 indignis,
1403 5097 1645 5145 attamen
1672 5093 1860 5163 aliquo
1896 5108 2053 5166 pacto
2100 5103 2177 5153 vi-

595 5171 756 5224 detur
784 5172 977 5228 adesse
1015 5178 1184 5231 semel
1229 5178 1544 5247 baptizatis,
1582 5194 1910 5253 exspectans
1944 5198 2000 5241 ut
2029 5192 2178 5244 salu-

606 5272 712 5316 tem
743 5278 839 5333 per
876 5268 1289 5322 conversionem
1329 5282 1771 5342 consequantur;
1810 5284 1925 5330 tum
1961 5294 2088 5335 vero
2124 5284 2177 5338 in

603 5362 776 5407 totum
806 5357 875 5407 ali
906 5356 1111 5421 anima,
1143 5373 1264 5427 qua:
1295 5361 1525 5430 gratiam
1558 5365 1730 5434 ipsius
1767 5369 2140 5437 profanaverit
2161 5415 2176 5438 ,

603 5447 962 5503 resecabitur.
999 5448 1185 5520 quue
1215 5467 1326 5507 non
1354 5463 1441 5509 est
1465 5456 1518 5510 in
1550 5457 1765 5515 inferno
1793 5462 1883 5532 qui
1916 5465 2176 5521 conﬁtea-

666 5644 688 5721 ‘_
740 5639 897 5721 Joan.
930 5658 1019 5704 xx,
1187 5643 1280 5700 25.
1358 5647 1379 5679 ³
1440 5646 1610 5704 lCor.
1644 5662 1742 5712 xu,
1782 5648 1869 5703 28.
1954 5651 1971 5681 ³
2016 5648 2167 5707 hau.

2265 5671 2338 5721 tv,
2398 5657 2452 5712 2.
2529 5666 2550 5689 θ

595 5708 611 5739 ⁸
648 5714 835 5769 Matth.
871 5728 1019 5780 xxiv,
1056 5708 1146 5770 bl.

2266 4562 2332 4631 τῇ
2361 4559 2599 4623 κολάσει,
2630 4558 2691 4612 τὸ
2743 4559 2800 4613 δὲ
2839 4560 3093 4630 ἀφίεσθαι
3123 4577 3138 4591 ·
3177 4560 3405 4631 μυθικὸν
3433 4562 3542 4631 γὰρ
3568 4558 3724 4613 τοῦτό
3757 4575 3854 4627 γε,

2267 4651 2364 4703 καὶ
2409 4650 2470 4702 οὐ
2526 4648 2665 4701 κατά
2693 4648 2900 4702 δίκαιον
2935 4650 3148 4722 κριτὴν,
3183 4651 3303 4703 ὅλου
3347 4650 3749 4722 ἡμαρτηκότος,
3790 4654 3858 4720 ἐξ

2267 4738 2525 4811 ἡμισείας
2564 4735 2701 4792 εἶναι
2740 4740 2838 4810 τὴν
2879 4740 3099 4795 κόλασιν
3123 4759 3135 4771 ·
3178 4739 3302 4794 οὔτε
3331 4741 3477 4813 ψυχὴ
3503 4742 3626 4812 διχῆ
3653 4742 3853 4811 τέμνε-

2269 4850 2360 4886 ται
2412 4872 2427 4892 ,
2577 4833 2670 4902 δλη
2696 4833 2761 4886 δι’
2793 4834 2912 4887 ὅλου
2937 4835 2997 4887 τὸ
3028 4834 3352 4906 ἁμαρτωλὸν
3380 4835 3855 4905 φρόνημακεκτη-

2274 4924 2432 4993 μένη,
2464 4925 2557 4977 καὶ
2610 4924 3160 4995 συγκατεργαζομένη
3211 4924 3289 4995 τῷ
3328 4924 3541 4995 σώματι
3570 4926 3629 4977 τὸ
3658 4923 3853 4978 κακόν.

2283 5013 2443 5068 ’Λλλά
2467 5015 2764 5085 διχοτομία,
2789 5014 2975 5086 ὥσπερ
3007 5015 3163 5085 ἔφην,
3200 5018 3232 5086 ἡ
3264 5016 3371 5069 ἀπὸ
3399 5016 3491 5068 τοῦ
3528 5016 3860 5085 Πνεῦματος

2270 5106 2349 5168 εἰς
2378 5105 2436 5157 τὸ
2464 5106 2707 5177 διηνεκὲς
2735 5108 2833 5176 τῆς
2858 5105 3037 5175 ψυχῆς
3066 5106 3431 5176 ἁλλοτρίωσις.
3460 5106 3573 5158 Νῦν
3592 5106 3691 5176 μὲν
3720 5104 3861 5176 γὰρ,

2272 5197 2320 5248 εἰ
2341 5195 2431 5248 καὶ
2457 5197 2530 5267 μὴ
2560 5196 2929 5263 ἀνακέκραται
2951 5198 3064 5257 τοῖς
3097 5194 3357 5258 ἀναξίοις,
3382 5194 3498 5246 ἀλλ’
3532 5190 3623 5246 οὖν
3658 5197 3858 5262 παρεῖ-

2273 5306 2360 5341 ναι
2392 5287 2539 5340 δοκεῖ
2563 5305 2679 5350 πως
2700 5289 2812 5347 τοῖς
2834 5284 2980 5348 ἅπαξ
3028 5285 3509 5355 ἐσφραγισμένοις,
3532 5286 3631 5355 τὴν
3664 5286 3727 5336 ὲκ
3756 5285 3863 5355 τῆς

2271 5378 2606 5449 ἐπιστροφῆς
2661 5376 2933 5447 σωτηρίαν
2969 5374 3149 5427 αὐτῶν
3177 5374 3446 5445 ἀναμένον
3481 5390 3497 5408 ⁸
3650 5373 3769 5426 τότε
3796 5374 3861 5425 δὲ

2272 5470 2331 5536 ἐξ
2381 5470 2502 5522 ὅλου
2559 5469 2661 5539 τῆς
2715 5468 3101 5538 βεδηλωσάσης
3146 5467 3309 5520 αὑτοῦ
3354 5468 3454 5537 τὴν
3482 5467 3641 5537 χάριν
3672 5464 3863 5533 ψυχῆς

2609 5658 2624 5712 Ι
2676 5657 2807 5714 Cor.
2843 5676 2936 5730 xv,
2987 5662 3073 5731 41,
3129 5664 3217 5726 42,
3296 5668 3318 5699 ⁸
3375 5667 3562 5726 Matth.
3600 5687 3729 5739 xxv,
3765 5674 3874 5737 21.
3987 5730 3992 5735 ,
