4082 6374
224 300 335 363 769
1192 292 1569 354 PANOPLIA
1610 289 2067 351 DOGMATlCA.
2105 314 2172 325 —
2211 289 2359 350 TIT.
2399 288 2543 349 XII.
3390 292 3496 356 ΤΟ

219 419 499 490 ἀκούσῃς,
530 413 821 473 δτιθοταν
867 413 1019 481 ἔλθῃ
1065 414 1101 466 δ
1131 410 1547 481 Παράκλητος,
1588 407 1822 474 ἐκεῖνος
1876 411 2033 479 ὑμας
2078 407 2419 478 ἀναμνήσει
2461 406 2561 461 καὶ
2601 406 2889 478 ὁδηγήσει
2939 407 3090 477 πρὸς
3125 404 3334 463 πᾶσαν·
3385 406 3501 474 τὴν

218 513 551 581 dirimitur,
571 511 673 582 τὴν
694 508 1035 579 ὁδηγίαν,ὡς
1060 507 1372 578 ἐδιδάχθης,
1401 505 1534 560 νόειο
1567 505 1643 575 μὴ
1664 505 1990 574 συκοφάντει
2021 503 2124 574 τὴν
2176 504 2405 557 ἔννοιαν.

312 607 482 660 Ἀλλὰ
552 606 663 661 Kal
710 606 1110 676 értvrxdret,
1156 605 1348 673 φησιν,
1396 601 1552 669 ὑπὲρ
1616 600 1805 669 ήμῶνο

1986 598 2076 661 At,
2140 598 2397 668 inquies,
2469 598 2649 655 Etiam
2708 596 3010 666 interpellat
3065 613 3160 666 pro
3227 594 3375 649 nobis
3441 596 3503 656 ’ς

221 708 396 761 ’Ὥστε
416 708 540 759 ὅσον
566 706 753 775 ἱκέτης
774 703 867 758 τοῦ
893 700 1179 775 εὐεργέτου
1203 700 1468 761 λείπεται,
1488 698 1741 750 τοσοῦτον
1756 694 1820 748 τὸ

1927 695 2146 766 proinde
2171 703 2435 765 quantum
2465 694 2513 748 is
2543 694 2633 763 qui
2667 694 2895 762 supplex
2943 701 3029 747 est
3052 732 3067 756 ,
3117 692 3369 746 beneﬁcii
3402 708 3501 747 au-

221 800 463 869 Πνεῦμα
503 799 645 852 κατὰ
678 797 777 868 τὴν
822 795 979 861 ἀξίαν
1021 793 1386 847 ἀποπεπτωκε
1422 791 1514 845 τοῦ
1546 790 1708 842 Θεοῦ.
1742 789 1816 843 Σὺ

1927 794 2073 839 ctore
2113 784 2341 838 inferior
2368 792 2451 838 est
2472 823 2486 848 ,
2513 791 2724 837 tantum
2762 798 2982 852 quoque
3013 782 3254 851 Spiritus
3284 784 3498 837 ratione

218 890 280 942 δὲ
309 890 468 942 οὔπω
508 890 749 959 ἤκουσας
788 888 916 958 περὶ
949 887 1041 939 τοῦ
1083 883 1441 951 Μονογενοῦς,
1474 884 1553 935 ὅτι
1582 882 1730 934 ἐστὶν
1756 881 1820 934 ὲν

1927 875 2206 944 dignitatis
2228 890 2256 925 a
2294 872 2402 926 Deo
2429 880 2696 926 remotus.
2728 872 2797 923 At
2828 880 2883 923 tu
2917 872 3157 923 nondum
3194 870 3396 923 audisti
3427 869 3495 924 de

218 982 387 1051 δεξιᾷ
422 981 512 1033 τοῦ
548 981 709 1044 Θεοῦ,
744 980 839 1032 καὶ
870 979 1186 1049 ἐντυγχάνει
1214 977 1352 1046 ὑπὲρ
1375 974 1566 1045 ἠμῶν;
1602 974 1690 1043 Μὴ
1724 970 1817 1026 οὖν

220 1077 308 1127 ὅτι
350 1074 411 1126 τὺ
440 1073 664 1142 Πνεῦμα
690 1074 747 1126 ὲν
772 1074 854 1125 σοὶ
883 1072 1060 1141 (εἴπερ
1091 1070 1154 1140 δὴ
1183 1070 1318 1131 ὅλως
1347 1070 1403 1120 ἐν
1430 1067 1554 1135 σοὶ),
1585 1067 1706 1136 μηδ’
1732 1067 1815 1117 ὅτι

222 1163 727 1230 ἀποτυψλωθὲντας
778 1163 924 1232 ἡμᾶς
977 1162 1113 1231 πρὸς
1152 1160 1249 1229 τὴν
1285 1159 1513 1229 ἐκλογὴν
1546 1158 1639 1210 τοῦ
1676 1174 1813 1227 συμο

222 1257 493 1326 φέροντος
542 1255 816 1319 διδάσκει,
861 1254 954 1307 καὶ
1003 1253 1219 1324 ὁδηγεῖ,
1247 1250 1435 1305 τούτου
1484 1252 1667 1303 ἕνεκεν
1717 1250 1815 1320 τὴν

1509 1342 1813 1412 ζημιωθῇς.

232 1436 557 1511 ’Υπερξολὴ
586 1438 695 1509 γὰρ
737 1437 1129 1508 ἀγνωμοσύνης
1167 1435 1324 1488 τοῦτό
1351 1452 1437 1503 γε,
1479 1435 1579 1504 τὴν
1622 1433 1813 1502 φιλαν-

220 1526 479 1597 Θρωπίαν
518 1526 612 1579 τοῦ
658 1527 946 1597 εὐεργέτου
985 1524 1235 1596 ἀφορμὴν
1275 1522 1597 1594 ἀχαριστίας
1642 1524 1815 1573 ποιεῖν

219 1619 378 1672 σθαι.
424 1618 515 1688 Μὴ
552 1615 645 1671 οὖν
686 1618 907 1670 λυπεῖτε
954 1618 1013 1669 τὸ
1044 1617 1269 1685 Πνεῦμα
1305 1615 1366 1667 τὸ
1408 1615 1579 1681 ἆγιον.
1625 1611 1815 1666 Ἀκού-

218 1727 361 1761 σατε
408 1709 462 1760 τί
495 1727 661 1780 φησιν
719 1711 752 1779 ἡ
789 1708 1009 1778 ἀπαρχὴ
1042 1708 1150 1760 τῶν
1200 1705 1491 1776 μαρτύρων
1521 1704 1810 1773 Στέφανος,

216 1800 280 1853 τὸ
332 1800 627 1863 δυσπειθὲς
674 1800 771 1853 καὶ
815 1800 1185 1852 ἀνυπότακτον
1236 1797 1313 1866 τῷ
1371 1796 1484 1866 λαῷ
1519 1796 1809 1858 ὀνειδίζων.

228 1893 460 1960 ἠιξ-ἴς,
506 1894 699 1962 φησιν,
742 1892 833 1945 ἀεὶ
888 1889 965 1954 τῷ
996 1891 1289 1957 Πνεύματι
1336 1888 1415 1953 τῷ
1468 1889 1612 1957 ἁγίῳ
1652 1890 1812 1942 ἀντι-

217 1986 497 2037 πίπτετε.
563 1984 673 2037 Καὶ
726 1984 886 2036 πάλιν
931 1984 958 2034 ὁ
1012 1982 1239 2044 Ἡσαΐας
1264 1998 1277 2010 ·
1334 1978 1700 2047 Παρώξυναν
1743 1980 1811 2031 τὸ

219 2074 473 2143 Πνεῦμα
497 2073 562 2126 τὸ
585 2073 776 2141 ἅγιον,
802 2072 896 2124 καὶ
925 2070 1192 2138 ἐστράφη
1223 2068 1427 2132 αὐτοῖς
1446 2072 1531 2134 εὶς
1552 2052 1774 2137 ἔχθραν
1791 2084 1806 2098 ·

222 2168 321 2220 καὶ
370 2166 630 2236 ἑτέρωθι·
671 2168 734 2217 '0
762 2161 925 2228 οἶκος
953 2162 1059 2215 τοῦ
1095 2161 1302 2215 Ἰακὼϐ
1480 2161 1810 2228 παρώρτισε

220 1347 429 1417 εὐσεϐῆ
477 1347 573 1398 καὶ
606 1346 761 1398 ὁσίαν
806 1346 933 1416 περὶ
961 1343 1126 1398 αὐτοῦ
1174 1343 1331 1407 δόξαν

223 2261 288 2310 τὸ
326 2256 570 2323 Πνεῦμα
596 2256 819 2321 Κυρίου
841 2270 853 2282 ·
888 2255 936 2304 εί
971 2252 1044 2322 μὴ
1074 2248 1485 2319 ὲξουσιαστικῆς
1525 2248 1808 2316 δυνάμεως

222 2347 617 2416 παραστατικὰ
665 2346 732 2398 τὰ
785 2343 1045 2407 comica;
1076 2343 1153 2412 Τῇ
1216 2342 1323 2394 τῶν
1375 2337 1808 2407 ἐντυγχανόντων

226 2440 410 2511 cpiast
442 2435 703 2505 παρίημι.

884 2526 1112 2595 Κεφ-ἀλ.
1149 2525 1220 2580 κ’.

292 2620 445 2676 θῦτι
494 2618 684 2672 δοῦλόν
732 2634 922 2687 φησιν,
955 2616 1104 2673 ,οὗτε
1147 2615 1443 2685 δεσπότην,
1498 2613 1615 2669 ἀλλ’
1654 2613 1806 2667 ἐλεύ-

222 2716 414 2784 θερον.
475 2714 539 2764 Ὢ
567 2716 664 2780 τῆς
719 2711 899 2780 δεινῆς
954 2709 1313 2779 ἀναλγησίας,
1366 2709 1411 2762 ὣ
1444 2711 1541 2778 τῆς
1567 2710 1806 2778 ἐλεεινῆς

228 2807 468 2872 ὰφτηεξας
532 2804 639 2855 τῶν
682 2802 854 2855 ταῦτα
917 2802 1222 2869 λεγόντωνί
1281 2802 1347 2854 ΤΞ
1406 2804 1568 2857 πλέον
1634 2804 1815 2856 αὐτῶν

228 2894 643 2965 ὁδὺρω;ιαι;τὸ
670 2893 908 2962 ἀμαθὲς,
962 2892 996 2963 ἢ
1049 2893 1109 2944 τὸ
1166 2891 1528 2961 βλάσφημον;
1576 2892 1628 2944 οῖ
1652 2908 1716 2957 γε
1750 2892 1815 2943 τὰ

232 2991 337 3057 τῆς
411 2987 699 3053 οεολογίας
773 2986 1027 3053 δόγματα
1101 2984 1467 3054 ἀνθρωπίνοις
1554 2986 1815 3055 παραδείο

232 3096 416 3149 γματι
447 3078 868 3146 καθυϐρίζουσι,
901 3078 998 3130 καὶ
1026 3077 1125 3145 τὴν
1170 3071 1272 3130 ὧδε
1305 3078 1621 3148 συνήθειαν,
1673 3094 1816 3148 παρ-

234 3174 590 3242 ηλλαγμένην
634 3172 868 3240 ἔχουσαν
922 3172 1029 3224 τῶν
1086 3171 1416 3240 ἀξιωμάτων
1468 3172 1567 3242 τὴν
1626 3173 1817 3239 διαφο-

243 3266 369 3331 ρὰν,
402 3266 466 3331 τῇ
504 3265 625 3332 θείᾳ
655 3264 749 3314 καὶ
788 3264 1014 3331 ἀρρήτῳ
1044 3262 1208 3331 φύσει
1241 3264 1651 3332 προσαρμόζων
1697 3264 1821 3316 ἐπι-

238 3355 542 3427 χειροῦσιν·
572 3357 673 3408 οὐκ
714 3356 1041 3416 ἐννοοῦντες,
1077 3354 1157 3406 ὅτι
1190 3355 1343 3423 παρὰ
1374 3356 1475 3422 μὲν
1511 3354 1820 3423 ἀνθρώποις

1919 964 2237 1034 Unigenito,
2266 963 2413 1033 quod
2444 964 2489 1018 is
2514 973 2598 1017 est
2625 965 2680 1016 in
2709 962 2931 1016 dextera
2956 962 3071 1024 Dei,
3099 969 3154 1015 et
3185 962 3499 1029 interpellat

1924 1072 2026 1127 pro
2065 1056 2231 1111 nobis
2279 1055 2339 1108 '2
2377 1056 2563 1121 Itaque
2603 1056 2731 1124 quia
2785 1055 3021 1122 Spiritus
3072 1054 3126 1105 in
3177 1060 3227 1106 te
3279 1060 3395 1112 est,
3453 1052 3499 1105 si

1920 1155 2102 1200 tamen
2133 1146 2360 1199 omnino
2397 1147 2452 1198 in
2504 1155 2555 1198 te
2583 1152 2688 1208 est,
2721 1149 2774 1197 et
2822 1143 2949 1211 quia
2982 1157 3081 1195 nos
3109 1150 3407 1193 excreatos
3434 1140 3501 1193 ad

1918 1237 2231 1308 eligendum
2274 1237 2418 1306 quod
2452 1236 2585 1290 utile
2633 1243 2716 1289 est
2742 1277 2755 1297 ,
2800 1235 2991 1295 docet,
3021 1234 3381 1299 deducitque,
3433 1248 3503 1284 ne

1919 1346 2040 1385 eam
2072 1331 2142 1384 ob
2173 1345 2398 1383 causam
2431 1330 2575 1398 piam
2620 1343 2683 1380 ac
2724 1334 2967 1380 sanctam
2998 1323 3062 1375 de
3094 1337 3159 1375 eo
3190 1321 3500 1389 Opinionem

1922 1423 2161 1475 amittas.
2195 1421 2328 1474 Nam
2363 1421 2605 1489 profecto
2639 1433 2885 1472 summus
2918 1415 3079 1468 fuerit
3114 1413 3309 1482 ingrati
3334 1412 3502 1464 animi

1920 1514 2145 1584 gradus,
2173 1512 2567 1567 benefacientis
2590 1508 2986 1563 humanitatem
3020 1506 3084 1559 ad
3110 1504 3308 1573 ingrati
3333 1502 3500 1556 animi

1919 1605 2268 1659 occasionem
2304 1610 2537 1656 vertere.
2587 1599 2769 1653 Nolite
2814 1599 2980 1665 igitur
3016 1597 3345 1647 contristare
3376 1593 3501 1660 Spi-

1922 1698 2083 1752 ritum
2111 1705 2358 1747 sanctmn
2409 1695 2450 1745 ³.
2483 1691 2680 1744 Audite
2704 1689 2837 1757 quid
2868 1688 3012 1741 dicat
3046 1696 3346 1754 martyrum
3390 1683 3506 1751 pri-

1922 1792 2087 1844 mitize
2139 1788 2493 1857 Stephanus,
2552 1781 2983 1837 inobedientiam
3036 1793 3099 1832 ac
3147 1776 3502 1829 rebellionem

1922 1880 2261 1950 exprobrans
2316 1875 2540 1944 pepulo.
2593 1872 2728 1934 Vos,
2774 1871 2970 1938 inquit,
3032 1881 3234 1931 semper
3280 1863 3504 1929 Spiritui

1921 1980 2103 2028 sancto
2135 1968 2388 2023 resistitis
2451 1965 2488 2018 ⁵.
2524 1962 2589 2016 Ει
2635 1978 2854 2016 rursum
2886 1961 3054 2015 Isaias
3085 1976 3097 2012 :
3135 1954 3492 2009 Exacerbave-

1920 2071 2041 2115 runt
2074 2060 2332 2129 Spiritum
2364 2065 2642 2118 sanctum,
2674 2063 2723 2107 et
2766 2068 2945 2106 versus
2980 2060 3055 2103 est
3090 2050 3200 2102 illis
3238 2050 3292 2100 in
3320 2047 3504 2099 inimi—

1922 2152 2100 2205 citiam
2148 2150 2189 2204 ⁵.
2230 2148 2294 2201 Et
2327 2148 2490 2209 alibi,
2536 2145 2733 2198 Domus
2758 2142 2926 2196 Iacob
2964 2142 3195 2193 irritavit
3242 2138 3502 2205 Spiritum

1920 2242 2136 2296 Domini
2186 2240 2229 2296 ‘.
2282 2238 2514 2301 Audite,
2562 2239 2817 2305 inquam,
2855 2250 2921 2288 an
2954 2250 3061 2287 non
3089 2233 3204 2285 haec
3233 2242 3501 2285 summam

1922 2334 2217 2404 potentiam
2262 2329 2579 2385 declarent?
2617 2327 2835 2380 Iudicio
2884 2324 3179 2392 legentium
3224 2320 3500 2390 permitto,

2538 2517 2710 2587 Caput
2751 2516 2843 2572 ΞΟ.

1985 2614 2173 2683 Neque
2236 2626 2468 2674 servus,
2538 2610 2736 2679 inquit,
2796 2612 2991 2674 neque
3045 2607 3325 2675 dominus,
3398 2609 3490 2662 scd

1919 2707 2077 2760 liber.
2156 2703 2199 2758 0
2246 2705 2445 2758 mirum
2498 2716 2803 2771 stuporem,
2870 2717 2904 2754 o
2968 2701 3335 2753 miserandam
3399 2716 3496 2753 au-

1919 2801 2131 2855 daciam
2207 2799 2310 2851 isra
2360 2795 2745 2865 loquentium!
2809 2793 2949 2860 Quid
3030 2795 3261 2862 amplius
3307 2795 3497 2863 deplo-

1926 2907 2037 2945 rcm
2081 2903 2330 2957 :gutrum
2396 2889 2697 2953 inscitiam,
2754 2902 2821 2941 an
2905 2887 3299 2954 blaspllt‘lllizilll
3366 2888 3501 2941 isto-

1924 2988 2082 3039 rum?
2163 2983 2255 3053 qui
2312 2984 2533 3050 quidem
2598 2981 2663 3033 de
2726 2979 2833 3033 Deo
2905 2981 3156 3047 dogmata
3239 2980 3495 3031 humanis

1937 3076 2209 3146 exetiiplis
2270 3074 2639 3131 dedecorant:
2694 3086 2757 3126 ac
2822 3072 3102 3123 hominum
3139 3071 3491 3123 consuetudi-

1926 3186 2075 3234 nem,
2132 3184 2228 3238 per
2277 3181 2441 3237 quam
2490 3166 2676 3234 dispar
2723 3174 2806 3218 est
2837 3164 3167 3231 dignitatum
3223 3162 3499 3214 excellen-

1929 3263 2025 3325 tia,
2054 3261 2118 3315 ad
2140 3260 2376 3314 divinam
2416 3267 2469 3312 et
2525 3256 2850 3327 ineffabilem
2890 3263 3135 3308 naturam
3188 3267 3499 3305 accommo-

1930 3356 2058 3409 dare
2130 3353 2378 3407 nituntur
2426 3364 2441 3403 :
2493 3349 2638 3403 haud
2678 3357 2992 3417 reputantes
3058 3344 3197 3414 apud
3252 3344 3500 3398 homines

238 3448 310 3513 τῇ
344 3448 502 3513 φύσει
536 3444 726 3507 δοῦλος
751 3445 947 3506 οὐδείς.
978 3445 1047 3496 Ἣ
1078 3443 1187 3514 γὰρ
1223 3446 1820 3507 καταδυναστευϋέντες

1932 3448 2146 3514 quidem
2192 3448 2398 3499 nullum
2427 3459 2545 3498 esse
2575 3454 2765 3496 natura
2790 3456 3026 3495 servum.
3069 3440 3177 3492 Aut
3202 3438 3347 3492 enim
3401 3454 3502 3503 po-

234 3539 345 3594 ὐπὺ
387 3539 552 3607 ζυγὸν
594 3539 840 3600 δουλείας
890 3535 1139 3607 ἥχθησαν
1184 3568 1202 3595 ,
1345 3532 1419 3594 ὼς
1455 3532 1512 3583 ὲν
1551 3531 1827 3599 αἰχμαλως

234 3629 386 3694 σίαις
408 3650 420 3661 ·
448 3631 480 3701 ἦ
508 3631 595 3684 διὰ
618 3630 806 3681 πενίαν
834 3625 1335 3696 κατεδουλώθησαν,
1361 3622 1436 3684 ὡς
1462 3622 1510 3674 οἱ
1536 3619 1819 3688 Αἰγύπτιοι

235 3723 322 3794 τῷ
346 3723 577 3793 Φαραώ·
613 3722 645 3792 ἦ
686 3722 825 3775 κατά
851 3736 971 3772 τινα
1005 3718 1173 3788 σοῷὴν
1204 3717 1298 3769 καὶ
1325 3715 1636 3786 ἀπόρρητον
1678 3714 1821 3765 οἰκον

238 3815 438 3884 νομίαν
466 3816 515 3866 0i
545 3813 759 3883 χείρους
801 3812 909 3864 τῶν
948 3809 1152 3863 παίδων
1199 3811 1262 3860 ὲκ
1302 3807 1402 3876 τῆς
1435 3805 1542 3858 τῶν
1571 3803 1820 3876 πατέρων

240 3904 430 3973 φωνῆς
444 3907 556 3965 τοῖς
578 3900 1001 3973 φρονιμωτέροις
1020 3899 1112 3951 καὶ
1146 3897 1377 3966 βελτίοσι
1412 3891 1683 3946 δουλεύειν
1700 3908 1824 3943 κατ-

240 3994 643 4063 εδικάσθησαν
704 3994 771 4063 ἢν
821 3991 940 4043 οὐδὲ
978 3988 1311 4057 καταδίκην,
1347 3985 1459 4037 ἀλλ’
1507 3982 1823 4053 εὐεργεσίαν

241 4086 391 4139 εἴποι
419 4102 499 4148 τις
541 4084 607 4137 ἂν
633 4084 837 4144 δίκαιος
864 4081 973 4133 τῶν
1019 4079 1319 4147 γινομένων
1362 4074 1674 4143 ἐξεταστὴς.
1720 4073 1823 4123 Τὸν

242 4175 357 4246 γὰρ
386 4176 450 4227 δι’
482 4174 685 4227 ἔνδειαν
722 4172 817 4225 τοῦ
851 4173 1067 4243 φρονεῖν
1096 4170 1195 4221 οὐκ
1232 4167 1423 4236 ἔχοντα
1464 4165 1521 4217 ὲν
1555 4163 1731 4232 ἑαυτῷ
1763 4162 1825 4214 τὸ

244 4266 394 4321 κατὰ
441 4267 601 4334 φύσιν
633 4265 831 4336 ἄρχον,
878 4262 1062 4315 τοῦτον
1108 4260 1295 4331 ἑτέρου
1334 4258 1520 4328 κτῆμα
1568 4257 1823 4325 γενέσθαι

242 4357 703 4427 λυσιτελέστερον,
758 4355 864 4417 ἵνα,
926 4352 1003 4421 τῷ
1051 4350 1142 4403 τοῦ
1199 4348 1525 4419 κρατοῦντος
1579 4345 1825 4416 λογισμῷ

241 4450 674 4520 διευουνόμενος,
708 4448 893 4516 ὅμοιος
996 4443 1203 4513 ἅρματι
1235 4443 1448 4511 ἡνίοχον
1482 4438 1823 4502 ἀναλαϐόντι,

242 4543 343 4595 καὶ
371 4540 542 4610 πλοίῳ
570 4538 907 4608 κυϐερνήτην
938 4535 1112 4605 ἔχοντι
1145 4535 1236 4585 ἐπὶ
1264 4533 1464 4585 οἰάκων
1494 4531 1823 4599 καθήμενον.

244 4633 347 4687 Διὰ
379 4631 537 4685 τοῦτο
587 4628 780 4685 ’ἰακὼό
804 4626 992 4698 κύριος
1018 4624 1112 4678 τοῦ
1154 4622 1322 4677 Ἦσαῦ
1349 4624 1412 4673 ὲκ
1448 4620 1548 4690 τῆς
1578 4618 1827 4686 εὐλογίας

1928 3530 2097 3580 tentia
2134 3529 2406 3597 oppressi,
2435 3529 2539 3581 sub
2574 3528 2770 3594 jugum
2818 3527 3100 3580 servitutis
3298 3523 3505 3579 inducti

1928 3628 2076 3682 sunt,
2112 3620 2261 3672 velut
2295 3620 2349 3672 in
2394 3619 2539 3672 bello
2577 3620 2719 3687 capti
2762 3636 2774 3670 :
2814 3624 2905 3668 aut
2950 3616 3018 3669 ob
3061 3626 3406 3685 pauperatem
3450 3613 3507 3668 in

1928 3712 2249 3763 servitutem
2283 3711 2462 3764 adacti
2498 3720 2647 3771 sunt,
2698 3709 2848 3762 velut
2889 3706 3134 3776 Egyplii
3180 3705 3452 3759 Pharaoni
3486 3721 3503 3760 :

1929 3812 2021 3856 aut
2047 3802 2205 3870 juxta
2231 3803 2534 3871 sapientem
2565 3799 2859 3870 quamdam
2902 3808 2955 3853 ct
2987 3814 3245 3851 arcanam
3277 3798 3505 3867 dispen-

1929 3895 2224 3957 sationem,
2259 3895 2350 3963 qui
2386 3894 2529 3947 inter
2557 3893 2696 3947 tilios
2720 3892 3024 3946 deteriores
3050 3900 3198 3954 sunt,
3220 3899 3507 3959 parentum

1929 4000 2097 4047 voce,
2140 3985 2568 4054 sapientioribus
2608 4000 2670 4039 ac
2718 3984 3039 4037 melioribus
3073 3983 3135 4035 in
3188 3983 3508 4036 servitutem

1930 4075 2132 4128 addicti
2158 4084 2315 4141 sunt;
2343 4091 2504 4145 quam
2531 4075 2952 4144 haudquaquam
2973 4074 3506 4139 condemnationem,

1930 4166 2023 4221 sed
2060 4166 2382 4220 beneﬁcium
2411 4167 2594 4234 potius
2618 4166 2819 4219 dixerit
2852 4182 3041 4235 :equus
3064 4180 3248 4218 rerum
3274 4166 3514 4219 aestima-

1931 4263 2039 4308 tor.
2085 4252 2218 4307 Nam
2253 4254 2344 4323 qui
2373 4255 2443 4308 ob
2480 4270 2677 4310 sensus
2713 4256 2980 4325 inOpiam,
3023 4270 3130 4309 non
3165 4255 3323 4309 habet
3353 4256 3406 4308 in
3437 4271 3516 4310 se-

1932 4364 1990 4402 se
2021 4348 2070 4400 id
2100 4348 2245 4416 quod
2280 4354 2473 4400 natura
2505 4350 2759 4418 imperat,
2787 4349 2915 4401 huic
2951 4350 3140 4405 utilius
3171 4360 3254 4405 est
3290 4351 3515 4407 alterius

1934 4436 2046 4489 ﬁeri
2082 4437 2439 4505 mancipium,
2472 4448 2531 4491 ut
2566 4437 2693 4490 dum
2732 4438 3070 4495 dominantis
3097 4442 3386 4510 prudentia
3429 4442 3517 4497 di-

1932 4527 2151 4596 rigitur,
2182 4526 2382 4581 similis
2415 4529 2488 4580 sit
2517 4529 2704 4581 currui
2741 4529 2833 4597 qui
2861 4530 3104 4600 aurigam
3135 4532 3382 4601 recepit,
3419 4540 3515 4585 aut

1933 4620 2057 4673 navi
2100 4633 2221 4688 qute
2256 4619 2573 4672 nauclerum
2607 4620 2768 4673 habet
2799 4620 2954 4673 clavo
2985 4619 3338 4675 assidentem.
3365 4619 3517 4675 [Iane

242 4724 344 4778 τοῦ
379 4722 604 4793 πατρὸς,
633 4722 720 4777 ἵνα
742 4718 838 4773 καὶ
875 4717 947 4788 μὴ
986 4715 1302 4787 βουλόμενος
1332 4712 1482 4783 παρὰ
1518 4711 1611 4764 τοῦ
1638 4709 1820 4783 φρονί-

1933 4709 2003 4762 ob
2037 4724 2261 4764 causam
2313 4706 2482 4763 Jacob
2523 4711 2781 4764 dominus
2833 4709 2972 4764 Esau
3012 4725 3078 4764 ex
3128 4711 3517 4766 benedictione

248 4832 355 4887 μου
376 4814 465 4866 εὺε
476 4812 733 4883 ργετῆται
759 4812 787 4862 ὁ
810 4810 1022 4879 ἄφρων,
1047 4807 1148 4859 οὐκ
1170 4804 1309 4875 ἔχων
1337 4805 1428 4857 τὸν
1453 4805 1650 4856 οἰκεῖον
1673 4801 1829 4872 κηδε-

248 4904 388 4976 μόνα
420 4904 511 4955 τὸν
542 4902 685 4956 νοῦν.
724 4902 833 4954 Καὶ
863 4898 1082 4952 Χαναὰν
1114 4900 1242 4959 παῖς
1276 4895 1491 4964 οἰκέτης
1677 4894 1830 4946 ἔσται

242 4998 363 5056 τοῖς
396 4992 663 5060 ἀδελφοῖς,
690 4988 877 5060 ἐπειδὴ
913 4984 1191 5049 ἀδίδακτος
1216 4981 1284 5056 ἦν
1311 4984 1411 5053 τῆς
1426 4984 1649 5054 ἀρετῆς,
1672 4983 1838 5035 ἀσύν-

245 5102 372 5141 ετον
404 5083 541 5153 ἔχων
564 5082 655 5135 τὸν
683 5080 874 5134 ἑαυτοῦ
915 5079 1126 5148 πατέρα
1158 5077 1250 5133 τὸν
1282 5076 1430 5145 Χάμ.
1462 5068 1587 5127 ’Ὧδε
1619 5075 1715 5143 μὲν
1741 5069 1835 5126 οὖν

244 5176 424 5238 οὕτως
441 5175 492 5228 ot
509 5174 701 5228 δοῦλοι·
724 5171 996 5242 ἐλεύθεροι
1022 5170 1103 5235 δὲ,
1122 5170 1171 5222 oi
1199 5165 1551 5236 διαφυγόντες
1578 5163 1768 5217 πενίαν
1798 5163 1832 5234 ἦ

247 5268 512 5336 πόλεμον,
534 5265 567 5335 ἢ
590 5265 692 5335 ’τῆς
726 5263 929 5335 ἑτέρων
957 5259 1277 5332 κηδεμονίας
1304 5255 1641 5327 ἀπροσδεεῖς.
1677 5253 1835 5305 Ὥστε

247 5360 355 5415 κᾶν
377 5360 406 5410 ὁ
424 5359 521 5428 μὲν
547 5355 831 5423 δεσπότης,
859 5356 888 5406 ὁ
901 5353 957 5407 δὲ
974 5352 1187 5422 οἰκέτης
1200 5351 1446 5421 λέγηται,
1466 5346 1581 5400 ἀλλ’
1596 5339 1687 5398 οὖν
1703 5344 1839 5395 πάν-

246 5467 342 5516 τες
372 5451 467 5503 καὶ
501 5448 642 5502 κατὰ
675 5448 773 5518 τὴν
816 5445 949 5515 πρὸς
991 5442 1249 5512 ἀλλήλους
1282 5439 1594 5511 ὁμοτιμίαν,
1641 5437 1735 5490 καὶ
1763 5436 1838 5499 ὡς

247 5542 509 5610 κτήματα
528 5539 637 5609 (76)
659 5536 752 5591 τοῦ
780 5534 1137 5603 πεποιηκότος
1166 5535 1198 5603 ἡ
1210 5533 1334 5602 μᾶς,
1367 5530 1661 5600 ὁμόδουλοι.
1695 5529 1839 5581 Ἐκῑϊ

1935 4801 2107 4872 patris
2148 4805 2200 4868 ⁷,
2228 4808 2289 4853 ut
2313 4800 2515 4854 stultus
2551 4814 2580 4853 a
2615 4801 2861 4869 sapiente
2891 4801 2973 4855 vel
3004 4801 3209 4855 invitus
3238 4800 3515 4856 beneﬁcio

1935 4889 2259 4955 afﬁceretur,
2307 4890 2511 4959 quippe
2566 4904 2674 4943 non
2712 4890 2921 4945 habens
2972 4892 3254 4959 proprium
3298 4898 3519 4947 curato-

1939 4999 2074 5049 rem,
2101 4982 2356 5037 videlicet
2374 4990 2634 5036 mentem.
2668 4979 2732 5034 Et
2752 4980 3010 5035 Chanaan
3038 4981 3179 5037 ﬁlius
3204 4998 3396 5038 servus
3413 4984 3520 5038 erit

1940 5076 2204 5133 fratribus
2235 5076 2351 5131 suis
2402 5082 2452 5141 ⁸,
2498 5075 2759 5146 quoniam
2803 5074 3058 5130 indocilis
3088 5085 3204 5131 erat
3235 5078 3302 5132 ad
3335 5081 3518 5134 virtu-

1938 5175 2070 5233 tem,
2106 5165 2505 5237 imprudentem
2539 5166 2746 5221 habens
2770 5178 3001 5235 patrem,
3023 5165 3277 5222 videlicet
3309 5168 3509 5224 Cham.

1937 5256 2019 5309 Ad
2050 5258 2196 5310 hunc
2233 5256 2400 5326 igitur
2429 5255 2652 5310 modum
2683 5256 2773 5311 hic
2807 5256 2943 5311 fiunt
2977 5258 3159 5323 servi;
3196 5258 3350 5312 liberi
3388 5273 3523 5314 vero

1942 5357 2091 5411 sunt,
2122 5348 2214 5418 qui
2247 5346 2553 5420 effugerunt
2591 5355 2994 5418 paupertatem,
3031 5357 3123 5401 aut
3156 5347 3384 5409 bellum,
3419 5358 3518 5404 aut

1941 5439 2031 5508 qui
2088 5440 2319 5492 aliorum
2370 5452 2502 5491 cura
2537 5453 2647 5491 non
2694 5445 2873 5508 egent.
2912 5435 3099 5507 Itaque
3134 5439 3386 5506 quamvis
3432 5435 3522 5490 hic

1940 5534 2129 5596 herus,
2162 5532 2251 5587 ille
2288 5547 2481 5586 servus
2509 5531 2832 5601 appelletur,
2866 5544 3058 5584 omnes
3090 5536 3272 5581 tamen
3303 5532 3356 5580 et
3388 5542 3521 5595 qua-

322 5659 339 5688 ¹
392 5658 549 5713 Itom.
598 5671 717 5719 rm,
745 5654 834 5712 54.
912 5657 932 5687 '
974 5655 1108 5711 ibid.
1185 5653 1206 5690 ³
1239 5653 1440 5726 Ephes.
1478 5652 1664 5723 iv,50.
1740 5651 1763 5686 ⁸
1796 5649 1919 5710 Act.
1949 5667 2045 5723 vn,
2072 5652 2160 5710 5!.
2235 5655 2257 5689 ⁸
2288 5630 2393 5713 Isa.
2424 5665 2574 5719 stur,
2632 5647 2721 5704 l0.
2797 5647 2989 5719 “hPsal.
3025 5659 3114 5715 ον,
3138 5643 3231 5699 52.
3309 5641 3330 5674 '
3369 5638 3508 5695 Gen.

246 5742 422 5793 uvn,
457 5731 548 5784 57.
624 5728 645 5760 ³
675 5728 813 5783 Gen.
836 5741 913 5793 ix,
936 5726 1030 5783 25.
1116 5762 1120 5767 η
