4082 6440
543 295 646 358 771

1777 285 2159 347 EUTHYMII
2197 285 2558 347 ZiGABENI

3681 290 3792 351 772

544 443 701 485 tenus
736 441 928 483 sumus
967 423 1210 494 ejusdem
1245 421 1388 476 inter
1423 435 1522 474 nos
1545 419 1899 485 conditionis,
1923 429 1974 473 et
2000 428 2112 474 tan-

2221 431 2274 485 δὲ
2313 430 2367 482 τί
2397 428 2620 481 δύνασαι
2669 425 2767 493 τῆς
2804 423 3047 486 δουλείας
3078 421 3474 490 ύπεξαγαγεῖν;
3518 419 3684 490 ’ομοῦ
3741 438 3800 473 τε

544 537 706 590 quam
757 519 906 572 illius
950 517 1043 585 qui
1097 531 1194 569 nos
1230 512 1475 567 condidit
1530 511 1836 579 mancipia,
1873 515 2124 567 conservi

553 627 772 667 stitutus.
811 611 924 663 Illic
953 623 1118 676 porro
1152 607 1284 676 quid
1314 613 1470 674 potes
1504 620 1533 657 e
1572 604 1835 660 servitute
1862 604 2127 659 eximere?

545 704 676 756 l\'am
711 702 892 756 statim
926 715 988 753 ac
1021 697 1243 752 condita
1273 704 1420 760 sunt,
1450 696 1612 752 simul
1638 712 1762 751 cum
1795 697 1874 752 cis
1906 696 2126 752 condita

545 799 800 851 Servitus.
841 793 954 846 Sibi
981 792 1124 845 enim
1163 791 1394 845 invicem
1420 805 1528 846 non
1561 789 1852 858 imperant,
1885 805 1951 844 eo
1975 788 2124 857 quod

543 886 786 938 t-u-lestia
825 885 945 950 plus
987 881 1222 934 habendi
1255 897 1360 934 non
1395 886 1649 934 tenentur
1680 879 1976 932 desiderio.
2017 878 2126 932 Deo

543 985 721 1028 autem
759 972 1003 1038 subjecta
1045 971 1262 1032 omnia,
1322 984 1384 1022 ac
1447 977 1705 1038 tanquam
1752 968 1973 1022 domino
2035 969 2128 1023 dc-

546 1068 716 1120 bitntn
787 1065 1084 1126 timorem,
1158 1078 1222 1116 ac
1295 1070 1554 1130 tanquam
1635 1062 1906 1116 conditori
1947 1051 2126 1116 "tlebiv

545 1167 653 1210 tam
704 1158 930 1226 gloriam
972 1156 1310 1224 persolvunt.
1354 1153 1530 1208 Filius
1571 1156 1711 1208 enim
1757 1155 1929 1224 gloria
1975 1155 2129 1224 a/ﬂcit

545 1260 770 1316 patrem,
799 1258 847 1302 et
877 1265 1054 1302 servus
1085 1249 1356 1300 dominum
1395 1264 1570 1309 suum,
1629 1250 1663 1296 ‘.
1688 1247 1751 1300 Et
1782 1264 1848 1301 ex
1875 1247 1959 1302 his
1995 1248 2131 1300 (luo-

547 1329 650 1395 bus
694 1341 926 1393 alterum
957 1338 1184 1391 omnino
1210 1336 1352 1390 Deus
1387 1337 1636 1405 requirit.
1679 1335 1821 1390 Nam
1851 1339 1895 1390 si
1948 1336 2128 1400 Pater,

547 1429 744 1498 inquit,
782 1444 898 1481 sum
936 1444 1048 1496 ego,
1099 1427 1188 1478 ubi
1234 1436 1312 1478 est
1350 1426 1522 1494 gloria
1569 1428 1725 1492 mea?
1765 1425 1825 1480 Si
1872 1426 2131 1480 Dominus

548 1535 664 1570 sum
693 1533 809 1585 ego,
847 1515 936 1568 ubi
968 1525 1045 1569 est
1076 1516 1234 1567 timor
1265 1531 1409 1568 meus
1441 1517 1459 1544 '
1503 1515 1524 1566 ?
1553 1515 1770 1584 Αἶὶοηιιὶ
1797 1516 1908 1568 vita
1944 1526 2132 1570 custo-

548 1608 652 1661 dia:
697 1623 759 1660 ac
792 1604 1119 1675 inspectioni
1169 1603 1383 1658 Domini
1434 1621 1540 1657 non
1594 1606 1836 1668 subdita,
1889 1607 2134 1659 omnium

550 1699 788 1751 maxime
828 1696 1161 1751 miserabilis
1190 1696 1352 1748 foret.
1382 1695 1706 1764 Cujusmodi
1738 1703 1868 1749 sunt
1907 1697 2133 1748 virtutes

550 1789 901 1852 desertrices,
934 1803 1057 1857 quae
1087 1789 1231 1856 quod
1254 1788 1520 1842 cervicem
1545 1793 1839 1840 erexerunt
1869 1785 2132 1842 adversus

550 1880 720 1933 Deum
773 1879 1232 1948 omnipotentem,
1285 1878 1601 1932 servitutem
1641 1877 1976 1939 detrectant,
2025 1892 2132 1930 non

550 1969 696 2038 quod
737 1969 892 2021 aliter
924 1978 1122 2022 natura
1151 1976 1480 2038 comparata:
1507 1970 1637 2031 sint,
1671 1966 1766 2022 sed
1801 1967 1945 2037 quod
1989 1967 2108 2022 sub-

549 2061 677 2114 dita:
708 2075 829 2114 esse
861 2060 1036 2113 nolint
1063 2059 1330 2115 Creatori.
1366 2059 1536 2125 Qucm
1580 2059 1744 2128 igitur
1789 2059 2033 2128 appellas
2067 2059 2133 2110 h-

552 2151 769 2206 bet'uni?
794 2151 930 2204 Eum
975 2151 1067 2219 qui
1117 2152 1234 2205 sine
1284 2167 1411 2220 rege
1447 2151 1563 2204 est?
1604 2149 1696 2219 qui
1744 2166 1919 2216 neque
1964 2150 2136 2219 inapev

553 2243 710 2296 randi
741 2244 896 2296 alteri
929 2251 1252 2312 potestatem
1280 2243 1462 2306 habet,
1491 2257 1668 2311 neque
1705 2242 1931 2296 alterius
1963 2239 2134 2310 impc-

556 2334 695 2387 rium
726 2335 986 2387 admittit?
1017 2335 1086 2387 At
1109 2349 1207 2388 nec
1227 2345 1310 2388 est
1340 2332 1646 2387 istiusmodi
1672 2340 1864 2386 natura
1895 2333 1948 2386 in
1972 2331 2135 2386 rebus

558 2423 815 2486 conditis,
845 2431 898 2477 et
940 2424 1039 2477 hoc
1073 2424 1138 2478 de
1171 2422 1377 2492 Spiritu
1407 2423 1645 2491 COgitare
1671 2431 1854 2490 aperta
1886 2419 2136 2490 impietas

558 2523 662 2567 est.
695 2514 874 2578 Quare
906 2514 951 2568 si
981 2515 1218 2582 Spiritus
1261 2521 1481 2570 creatus
1513 2501 1592 2565 esi
1616 2549 1630 2574 ,
1682 2511 1928 2580 profecto
1973 2510 2138 2564 servit

2223 523 2332 593 γὰρ
2384 519 2644 587 ἐκτίσθη,
2701 518 2796 571 καὶ
2849 517 2909 568 τὸ
2959 514 3144 568 δοῦλον
3372 507 3512 564 εἶναι
3558 529 3800 579 συγκατ-

2223 611 2566 665 εσκεύασται.
2641 608 2903 678 ’Λλλήλων
2969 606 3065 676 μὲν
3121 604 3230 673 γὰρ
3263 604 3323 656 ού
3401 601 3796 672 κατάρχουσιν,

2219 699 2408 769 ἐπειδὴ
2442 696 2750 761 πλεονεξίας
2779 696 2981 766 ἄμοιρα
3008 693 3076 746 τά
3108 693 3363 763 οὐράνια·
3399 689 3518 760 Θεῷ
3543 691 3596 742 δὲ
3624 691 3800 742 πάντα

2221 789 2544 853 ύποκύπτει,
2582 789 2675 841 καὶ
2705 788 2779 850 ὡς
2813 785 3045 856 δεσπότῃ
3083 784 3174 836 τὸν
3223 781 3566 852 ὀφειλόμενον
3613 780 3795 848 φόϐον,

2219 883 2310 938 καὶ
2355 882 2430 945 ὡς
2479 878 2793 950 δημιουργῷ
2844 878 2942 947 τὴν
2975 875 3370 929 ἐπιϐάλλουσαν
3404 872 3557 935 δόξαν
3605 871 3793 923 amat-

2217 975 2395 1028 δόντα.
2433 972 2566 1037 Υἱὸς
2601 973 2706 1040 γὰρ
2755 968 2980 1032 δοξάζει
3011 965 3268 1034 πατέρα,
3304 965 3398 1016 καὶ
3442 963 3661 1027 δοῦλος
3693 963 3798 1013 τὸν

2219 1067 2426 1134 κύριον
2452 1063 2658 1118 αὑτοῦ.
2835 1061 2940 1112 Καὶ
2982 1061 3202 1112 ἀπαιτεῖ
3228 1059 3442 1118 πάντως
3475 1055 3582 1107 τῶν
3612 1054 3703 1106 δύο
3738 1055 3798 1105 τὸ

2219 1156 2403 1228 ἕτερον
2430 1156 2457 1207 ὁ
2489 1154 2639 1215 Θεός.
2670 1153 2736 1204 El
2780 1151 2887 1220 γὰρ
2924 1148 3123 1216 Πατήρ
3168 1151 3282 1216 εἰμι
3328 1145 3462 1216 ἐγὼ,
3495 1145 3612 1198 ποῦ
3641 1146 3793 1207 ἑστι,

2220 1249 2402 1320 φησὶν.
2436 1247 2473 1312 ἡ
2509 1244 2658 1308 δόξα
2687 1257 2838 1310 μους
2866 1242 2958 1293 καὶ
3000 1242 3051 1292 εὶ
3096 1240 3303 1306 Κύριός
3339 1240 3453 1306 εἰμι
3496 1235 3630 1305 ἐγὼ,
3679 1235 3797 1288 ποῦ

2219 1341 2389 1393 ἐστιν
2420 1341 2451 1391 ὀ
2483 1339 2658 1406 φόϐος
2692 1349 2840 1402 ,ιιου;
2875 1329 2951 1385 ⁷11
2988 1332 3202 1384 πάντων
3237 1330 3300 1382 ἂν
3338 1330 3420 1398 εἴη
3456 1327 3797 1396 ἐλεεινοτὰτη

2223 1430 2336 1500 ζωὴ
2363 1471 2377 1495 ,
2533 1429 2608 1498 μὴ
2642 1427 2744 1480 ὑπδ
2774 1424 2870 1495 τὴν
2905 1423 3206 1491 ἐπισκοπὴν
3247 1422 3338 1474 τοῦ
3376 1421 3646 1472 Δεσπὸτου
3683 1436 3798 1471 κει-

2223 1522 2358 1593 μένη
2422 1519 2631 1573 Ὀποῖαί
2659 1520 2793 1570 εἰσιν
2825 1519 2876 1569 αἱ
2916 1514 3276 1568 ὰποστατικαὶ
3302 1512 3576 1582 δυνάμεις,
3608 1512 3663 1564 αἱ
3710 1511 3799 1563 διὰ

2218 1612 2280 1666 τὺ
2312 1611 2671 1682 τραχηλιάται
2733 1608 2873 1661 κατὰ
2916 1605 3049 1659 Θεοῦ
3090 1602 3801 1674 παντοκράτοροςῖὰφηνιά-

2221 1700 2409 1766 ζουσαι
2430 1702 2527 1768 τῆς
2552 1698 2792 1760 δουλείας
2813 1713 2825 1725 '
2859 1698 2918 1748 ού
2951 1695 3027 1766 τῷ
3064 1695 3264 1765 ἑτέρως
3303 1693 3632 1762 πεφυκέναι,
3663 1692 3801 1744 ἀλλὰ

2160 1770 2200 1824 Β
2219 1791 2297 1862 τῷ
2321 1789 2705 1849 ἁνυποτάκτως
2733 1787 2875 1856 ἔχειν
2909 1786 3043 1856 πρὸς
3072 1785 3159 1837 τὸν
3187 1784 3507 1854 ποιήσαντα.
3545 1783 3678 1836 Τίνα
3704 1780 3800 1836 οὖν

2222 1883 2399 1951 λέγεις
2438 1880 2716 1948 ἐλεύθερον
2739 1896 2753 1943 ;
2779 1879 2820 1930 Τ
2825 1880 2880 1931 ὸν
2908 1877 3292 1942 ἀϐασίλευτον;
3328 1876 3418 1928 τὸν
3445 1878 3579 1946 μήτε
3611 1875 3802 1945 ἄρχειν

2222 1975 2406 2044 ἐτέρου
2437 1971 2662 2040 δύναμιν
2707 1969 2896 2039 ἔχοντα
2919 2009 2932 2032 ,
2967 1971 3102 2038 μήτε
3143 1965 3400 2036 ἄρχεσθαι
3431 1966 3804 2036 καταδεχόμε-

2224 2079 2344 2128 νον;
2401 2061 2537 2114 Ἀλλ’
2567 2058 2688 2112 οὕτε
2717 2059 2830 2111 ἔστι
2863 2076 2944 2121 τις
2979 2056 3201 2126 τοιαύτη
3234 2055 3394 2125 φύσις
3424 2057 3482 2107 ὲν
3511 2057 3620 2118 τοῖς
3657 2051 3800 2117 οὖσι,
3825 2089 3836 2094 ν

2223 2156 2316 2208 καὶ
2342 2153 2498 2206 τοῦτο
2668 2150 2914 2218 ἐννοῆσαι
2950 2149 3087 2202 κατὰ
3112 2147 3205 2200 τοῦ
3238 2145 3550 2216 Πνεύματος
3577 2145 3803 2198 ἀσέϐεια

2223 2243 2548 2314 περιφανής.
2586 2240 2747 2292 Ὥστε
2791 2241 2837 2290 εί
2881 2239 2978 2309 μὲν
3021 2236 3284 2301 ἔκτισται,
3320 2235 3559 2289 δουλεύει
3597 2235 3802 2306 δηλαδὴ

2227 2335 2362 2408 μετὰ
2390 2336 2634 2388 πάντων·
2679 2333 2754 2385 Τὰ
2781 2333 2890 2400 γὰρ
2925 2333 3265 2400 σύμπαντα,
3298 2330 3450 2400 φησὶ,
3478 2329 3666 2382 δοῦλα
3691 2328 3796 2380 σά·

2224 2428 2273 2480 εἰ
2306 2427 2361 2478 δὲ
2401 2426 2538 2491 ὑπὲρ
2568 2425 2666 2494 τὴν
2701 2423 2873 2476 κτίσιν
2903 2423 3049 2485 ἐστὶ,
3097 2422 3195 2491 τῆς
3231 2421 3505 2489 βασιλείας
3536 2420 3651 2473 ἐστὶ
3681 2437 3802 2473 κοιο

2224 2515 2409 2568 νωνόν.

555 2615 680 2655 cum
706 2602 982 2657 omnibus.
1019 2600 1209 2657 Omnia
1239 2619 1398 2670 enim,
1423 2603 1622 2672 inquit,
1653 2606 1885 2658 serviunt
1945 2607 2043 2661 tibi
2073 2607 2093 2638 ³
2113 2623 2136 2672 ;
2187 2607 2272 2661 sin
2310 2619 2475 2676 supra
2505 2613 2812 2662 creaturam
2851 2617 2955 2673 est,
2985 2609 3139 2685 τρεῃί
3177 2627 3396 2684 quoque
3437 2628 3667 2672 consors
3697 2623 3810 2670 est.

561 2715 882 2770 Testimonia
903 2729 968 2767 ea:
993 2712 1288 2784 Scripturis
1316 2713 1580 2784 Spiritum
1633 2716 1896 2784 appellari
1947 2716 2128 2770 Domi-

1093 2800 1238 2838 num.
1293 2786 1463 2854 Caput
1505 2785 1596 2839 '21.

634 2873 738 2926 Sed
797 2873 926 2942 quid
963 2890 1100 2942 opus
1155 2886 1317 2928 estex
1345 2880 1506 2932 rebus
1548 2878 1848 2934 humilibus
1876 2894 2125 2949 pugnan-

563 2975 676 3030 tes,
746 2964 1007 3018 doctrinae
1069 2968 1302 3035 turpiter
1359 2983 1552 3036 parare
1610 2971 1932 3035 victoriam,
2001 2989 2125 3026 eam

2234 2720 2570 2787 Μαρτυρίαι
2601 2719 2670 2774 ἐκ
2701 2721 2828 2801 ,τίὲν
2879 2724 3138 2801 Γραφῷν
3181 2727 3811 2801 minutatum-sicam

2654 2792 2718 2844 τὸ
2749 2792 3182 2864 Πνεῦμαξιὶεφ.
3219 2794 3329 2853 xu'.

2301 2879 2406 2936 Καὶ
2441 2880 2494 2935 τί
2551 2882 2651 2949 δεῖ,
2709 2885 2770 2937 ἐκ
2813 2885 2921 2939 τῶν
2978 2890 3256 2943 ταπεινῶν
3316 2893 3816 2962 ἀπομαχομένους,

2232 2975 2474 3050 αἰσχρῶς
2535 2976 2635 3045 τὴν
2665 2978 2820 3048 νίκην
2851 2979 3228 3032 κατακτᾶσθαι
3261 2981 3338 3052 τῷ
3375 2983 3541 3051 λόγῳ,
3577 2984 3700 3047 ὲξὺν
3733 2992 3816 3054 τῇ

550 3060 1081 3118 liceatillustriorum
1109 3066 1472 3134 appositione,
1520 3067 1705 3136 gloriae
1727 3069 2125 3133 excellentiam,

2232 3067 2530 3138 παραθέσει
2562 3068 2670 3121 τῶν
2710 3069 3047 3140 σεμνοτέρων
3085 3071 3476 3142 ἀναντίρρητον
3505 3072 3601 3141 τὴν
3647 3071 3823 3141 ὑπερ.

512 3148 633 3204 ὀιιί
685 3153 988 3207 contradici
1031 3170 1138 3208 non
1173 3159 1383 3225 possit,
1427 3157 1838 3211 demonstrare?
1887 3158 2039 3225 Quod
2082 3161 2128 3214 si

546 3241 888 3309 proferemus
916 3259 979 3297 ea
1017 3261 1137 3314 qua:
1178 3260 1278 3299 nos
1307 3244 1588 3314 Scriptura
1629 3246 1852 3313 docuit,
1902 3247 2128 3303 forsitan

548 3347 744 3400 magno
799 3335 1214 3405 vehementique
1263 3337 1504 3391 clamore
1545 3337 2030 3403 voeil‘erabuntur,
2076 3349 2141 3394 et.

547 3423 773 3478 auribus
798 3426 1070 3479 obturatis
1097 3425 1580 3481 Pneumatomacbi
1613 3430 1866 3484 tollentes
1898 3430 2124 3500 lapides,

546 3521 639 3565 aut
662 3515 925 3584 quidquid
954 3515 1092 3571 forte
1123 3518 1448 3582 occurrerit,
1483 3519 1535 3571 in
1569 3535 1720 3572 arma
1751 3521 1982 3590 quisque
2007 3536 2126 3575 ver-

545 3611 740 3666 tentes,
785 3604 838 3657 in
871 3621 971 3658 nos
1003 3605 1233 3660 irruent.
1277 3605 1384 3659 Sed
1417 3622 1523 3660 non
1548 3618 1632 3661 est.
1655 3609 1815 3662 nobis
1838 3608 2126 3663 incolumi-

546 3700 629 3747 tas
670 3698 1046 3764 anteponenda
1097 3696 1338 3751 veritati.
1404 3695 1716 3753 Invenimus
1774 3700 1939 3768 igitur
1981 3701 2124 3770 apud

541 3784 862 3855 Apostolum
901 3805 913 3840 :
948 3787 1209 3840 Dominus
1243 3800 1416 3841 autem
1449 3789 1646 3859 dirigat
1672 3791 1834 3845 corda
1867 3803 2036 3846 vestra
2071 3794 2125 3846 in

541 3877 868 3931 dilectionem
897 3877 1014 3945 Dei,
1044 3888 1092 3933 et
1122 3881 1508 3948 inpatientiam
1537 3880 1739 3935 Christi
1766 3899 1860 3950 pro
1893 3882 2122 3936 tribula-

543 3969 773 4021 tionibus
833 3973 871 4022 ⁸.
903 3969 1040 4034 Quis
1084 3978 1170 4025 cst
1200 3969 1464 4027 Dominus
1496 3972 1736 4042 dirigens
1785 3973 1836 4024 in
1879 3973 2126 4028 dilectio-

541 4075 665 4112 nem
701 4059 818 4123 Det',
849 4068 901 4113 et
942 4060 994 4112 in
1028 4061 1347 4130 patientiam
1385 4061 1593 4116 Cltrisli
1621 4079 1719 4130 pro
1750 4064 2126 4118 tribulationi-

543 4151 680 4204 bus?
715 4149 1104 4220 Rcspoudeant
1137 4154 1318 4215 nobis,
1357 4155 1449 4222 qui
1490 4153 1753 4222 Spiritum
1807 4155 1860 4208 iu
1893 4158 2125 4210 servitu-

542 4247 648 4292 tem
703 4241 947 4310 adigunt.
1004 4240 1130 4298 Sive
1169 4243 1313 4296 enim
1360 4245 1428 4296 de
1471 4244 1579 4298 Deo
1621 4251 1674 4300 et
1719 4245 1880 4300 Patre
1933 4247 2126 4302 fuisset

542 4345 759 4396 sermo,
806 4331 1030 4384 omnino
1077 4332 1312 4386 dixisset
1358 4353 1370 4387 :
1413 4332 1671 4390 Dominus
1718 4353 1802 4390 vos
1837 4337 2032 4407 dirigat
2071 4343 2125 4392 in

540 4422 872 4474 dilectionem
899 4423 982 4475 sui
1018 4439 1036 4475 .'
1069 4425 1182 4478 sive
1215 4423 1281 4477 dc
1323 4423 1482 4490 Filio,
1516 4426 1853 4492 addidisset,
1885 4431 1938 4481 in
1971 4445 2124 4483 suam

541 4511 704 4580 ipsius
745 4513 1078 4578 patientiam.
1112 4512 1371 4578 Quaerant
1414 4516 1580 4583 igitur
1612 4533 1864 4585 quaenam
1903 4519 1975 4571 sit
2017 4519 2123 4573 alia

539 4614 794 4670 persona,
827 4617 990 4670 quam
1021 4600 1238 4655 Domini
1283 4603 1551 4658 vocabulo
1595 4611 1786 4659 deceat
1839 4605 2120 4659 honorari.

539 4690 677 4746 Huic
711 4691 866 4746 aliine
899 4703 982 4748 cst
1027 4703 1081 4747 et
1119 4694 1251 4747 illud
1277 4735 1291 4759 ,
1336 4697 1482 4765 quod
1517 4697 1647 4750 alibi
1696 4697 1934 4767 positum
1974 4706 2054 4753 est
2105 4719 2118 4754 :

538 4782 795 4836 Dominus
821 4801 907 4838 ros
940 4787 1152 4853 impleat
1181 4795 1229 4838 et
1261 4786 1532 4840 abundare
1561 4788 1727 4856 faciat
1759 4789 2039 4852 clzaritate,
2069 4790 2123 4842 in

537 4887 624 4925 vos
655 4875 869 4927 invicem
897 4884 945 4928 et
978 4877 1029 4929 in
1062 4893 1261 4942 omnes,
1287 4877 1731 4947 quemadmodum
1754 4888 1800 4931 et
1823 4896 1915 4932 nos
1938 4881 1986 4930 in
2011 4896 2119 4943 vos,

539 4961 606 5012 ad
647 4965 1070 5033 conﬁrmandum
1111 4967 1274 5020 corda
1330 4979 1502 5020 vestra
1545 4969 2026 5036 irreprehensibilia
2068 4969 2121 5020 in

537 5052 978 5121 sanctiﬁcatione,
1020 5071 1199 5107 Coram
1244 5055 1349 5110 Deo
1385 5066 1435 5110 et
1469 5056 1630 5110 Patre
1678 5067 1858 5110 nostro
1883 5099 1896 5122 ,
1931 5059 1984 5110 in
2020 5059 2120 5111 ad-

538 5151 688 5195 ventu
721 5141 933 5196 Domini
964 5145 1131 5197 nostri
1155 5143 1284 5199 Jesu
1315 5146 1517 5200 Christi
1544 5163 1666 5199 cum
1711 5149 1952 5200 omnibus
1994 5166 2119 5201 sttu-

537 5233 632 5284 ctis
660 5232 769 5285 suis
817 5234 861 5286 ¹².
909 5231 1080 5298 Quem
1124 5233 1411 5289 Dominum
1449 5247 1735 5306 precatur,
1785 5251 1970 5291 coram
2007 5237 2117 5294 Deo

535 5332 588 5378 et
621 5321 780 5376 Patre
818 5333 1003 5378 nostro
1036 5325 1089 5379 in
1124 5325 1360 5379 adventu
1404 5325 1620 5380 Domini
1660 5328 1835 5381 nostri
1878 5327 2113 5399 irrepre-

537 5413 824 5466 hensibilia
867 5413 1106 5468 fidelium
1137 5413 1714 5470 Thessalonicensium
1743 5417 1932 5483 corda,
1978 5434 2113 5473 con-

536 5501 743 5556 ﬁrmata
779 5502 832 5556 in
863 5506 1155 5558 sanctitate
1183 5504 1572 5560 constabilire?
1601 5505 1984 5577 Respondeaut
2012 5525 2111 5564 no-

612 5675 627 5703 ¹
668 5675 896 5731 Malacb.
925 5694 961 5744 ι,
999 5678 1052 5734 6.

1133 5680 1152 5710 ³
1207 5677 1340 5735 ibid.
1421 5680 1442 5714 ³
1478 5681 1620 5740 Psal.
1643 5699 1788 5752 cxvr,
1822 5683 1910 5740 9t.

1989 5685 2010 5718 ⁸
2037 5685 2078 5741 ll
2099 5683 2296 5743 Thess.
2337 5703 2420 5754 ιιι,
2445 5687 2499 5744 5.

2230 3157 2390 3226 ϐολὴν
2417 3159 2514 3227 τῆς
2541 3158 2699 3228 δόξης
2721 3159 3085 3213 ἐπιδεικνύναι
3108 3179 3123 3226 ;
3152 3161 3214 3213 Εἰ
3243 3160 3298 3212 δέ
3328 3161 3579 3232 λέγοιμεν
3600 3161 3634 3215 ἃ
3656 3164 3824 3233 παρὰ

2228 3249 2326 3318 τῆς
2357 3250 2578 3320 Γραφῆς
2623 3249 3017 3320 ἐδιδάχθημεν,
3060 3251 3200 3321 τάχα
3237 3269 3338 3303 που
3374 3251 3516 3322 μέγα
3555 3253 3647 3304 καὶ
3678 3269 3823 3320 σφο-

2228 3341 2350 3411 δρὸν
2383 3341 2802 3413 ἀνακράξονται,
2837 3343 2928 3394 καὶ
2958 3344 3245 3412 συσχόντες
3275 3342 3342 3396 τὰ
3371 3338 3511 3407 ὦτα,
3545 3342 3823 3414 ἀράμενοι

2227 3431 2429 3498 λίθους,
2457 3435 2487 3505 ἢ
2522 3435 2549 3486 ὅ
2580 3452 2632 3487 τι
2656 3434 2720 3487 ἂν
2751 3434 2903 3506 τύχοι
2936 3435 3288 3506 παραφανέν,
3316 3434 3471 3488 τοῦτο
3503 3435 3610 3488 τῶν
3636 3436 3821 3488 Πνευ-

2231 3526 2564 3597 ματομάχων
2603 3527 2830 3591 ἕκαστος
2877 3528 3040 3580 ὅπλον
3095 3528 3492 3596 ποιησάμενος,
3537 3528 3622 3596 ἐφ’
3659 3529 3819 3596 ἡμᾶς

2226 3619 2466 3687 ἥξουσιν.
2517 3620 2591 3672 Οὐ
2627 3620 2733 3690 μὴν
2763 3621 2866 3692 πρό
2897 3637 2960 3688 γε
2995 3621 3093 3690 τῆς
3133 3620 3389 3692 ἀληθείας
3414 3619 3649 3690 τιμητέα
3677 3621 3820 3689 ἡμῖν

2225 3713 2257 3780 ἡ
2286 3711 2572 3779 ἀσφάλεια.
2597 3711 2843 3784 Εύρομεν
2864 3713 3042 3766 τοίνυν
3064 3714 3211 3784 παρὰ
3230 3713 3307 3783 τῷ
3455 3707 3758 3774 Ἀποστόλῳ
3793 3728 3810 3742 ο

2237 3799 2291 3852 '0
2323 3801 2390 3853 δὲ
2427 3803 2642 3870 Κύριος
2675 3804 3032 3856 κατευθύναι
3076 3804 3246 3871 ὑμῶν
3289 3802 3395 3868 τὰς
3435 3798 3682 3868 καρδίας
3717 3802 3813 3868 εὶς

2225 3890 2340 3959 τὴν
2372 3893 2611 3960 ἀγάπην
2636 3891 2743 3945 τοῦ
2772 3893 2938 3956 Θεοῦ,
2972 3893 3068 3946 καὶ
3097 3895 3183 3958 εὶς
3209 3890 3321 3959 τὴν
3351 3892 3671 3960 ὑπομονὴν
3699 3893 3816 3947 τοῦ

2225 3984 2480 4050 Χριστοῦ
2529 3984 2683 4052 ὑπὲρ
2716 3983 2835 4036 τῶν
2873 3986 3156 4052 θλίψεων.
3343 3985 3438 4048 Τίς
3479 3987 3507 4037 ὁ
3543 3983 3817 4038 κατευθύ-

2226 4091 2330 4125 νων
2375 4073 2578 4144 Κύριος
2619 4077 2698 4138 είς
2734 4076 2832 4146 τὴν
2866 4075 2960 4128 τοῦ
3009 4075 3144 4129 Θεοῦ
3186 4077 3429 4146 ἀγάπην,
3466 4079 3558 4130 καὶ
3591 4080 3671 4141 είς
3705 4078 3814 4148 τὴν

2225 4163 2364 4232 ὑπὲρ
2394 4163 2500 4214 τῶν
2542 4163 2774 4234 θλίψεων
2797 4165 2890 4218 τοῦ
2922 4166 3158 4236 Χριστοῦ
3194 4168 3504 4238 ύπομονήνς
3554 4171 3816 4242 ’Λποκρι-

2225 4254 2506 4308 νάσθωσαν
2537 4258 2666 4326 ἡμῖν
2695 4259 2742 4310 oi
2775 4259 2835 4310 τὸ
2875 4258 3098 4329 Πνεῦμα
3135 4260 3636 4332 καταδουλούμενοι.
3677 4263 3811 4316 Εἴτε

2224 4348 2329 4418 γὰρ
2360 4348 2488 4418 περὶ
2517 4350 2610 4402 τοῦ
2638 4350 2773 4402 Θεοῦ
2807 4351 2901 4404 καὶ
2930 4351 3143 4422 Πατρὸς
3323 4356 3351 4406 ὁ
3382 4353 3556 4422 λόγος,
3588 4353 3812 4416 πάντως

2225 4439 2290 4492 ἂν
2320 4441 2504 4512 εἴρητο
2524 4459 2536 4474 ·
2578 4443 2641 4494 '0
2669 4442 2738 4495 δὲ
2769 4444 2986 4511 Κύριος
3010 4441 3168 4513 ὑμᾶς
3194 4447 3547 4500 κατευθύναι
3575 4446 3662 4509 εἰς
3686 4444 3809 4510 τὴν

2223 4528 2439 4583 ἑαυτοῦ
2461 4530 2704 4600 ἀγάπην
2723 4549 2736 4562 ·
2768 4533 2878 4585 εἴτε
2904 4532 3143 4602 περὶτοῦ
3173 4534 3302 4586 Υίοῦ
3340 4569 3355 4595 ,
3484 4533 3809 4603 προσέκειτο

2223 4619 2308 4688 ἂν,
2334 4624 2420 4687 είς
2452 4621 2568 4690 τὴν
2599 4623 2816 4677 ἑαυτοῦ
2862 4625 3196 4693 ὑπομονήν.
3241 4627 3583 4696 Ζητείτωσαν
3624 4621 3716 4679 οὖν
3751 4629 3808 4679 τί

2223 4713 2368 4763 ἐστιν
2414 4712 2541 4765 ἄλλο
2570 4713 2894 4782 πρόσωπον,
2925 4715 2952 4767 ὅ
2981 4718 3045 4786 τῇ
3086 4716 3425 4788 προσηγορίᾳ
3463 4719 3556 4772 τοῦ
3597 4717 3806 4786 Κυρίου

2221 4800 2486 4870 τιμᾶσθαι
2518 4803 2685 4866 ἄξιον.
2729 4806 3118 4878 Παραπλήσιον
3154 4808 3210 4860 δὲ
3243 4809 3417 4878 τούτῳ
3608 4809 3699 4861 καὶ
3740 4809 3803 4859 τὸ

2223 4892 2447 4963 ἑτέρωθι
2473 4894 2751 4965 κείμενον,
2783 4899 2844 4951 τό
2866 4914 2880 4929 ·
2921 4896 3105 4968 ’Υμᾶς
3145 4899 3214 4952 δὲ
3239 4903 3272 4953 ό
3305 4901 3516 4968 Κύριος
3543 4897 3800 4954 πλεονά-

2220 4999 2324 5035 σαι
2350 4984 2448 5037 καὶ
2489 4991 2888 5054 περισσεύσαι
2919 4990 2995 5059 τῇ
3019 4991 3218 5060 ἀγάπῃ
3245 4994 3331 5056 είς
3355 4991 3670 5057 ἀλλήλους
3703 4988 3806 5042 καὶ

2219 5074 2307 5137 είς
2335 5072 2586 5140 πάντας,
2631 5077 2898 5146 καθάπερ
2923 5080 3020 5132 καὶ
3063 5079 3234 5147 τψεῖς
3269 5084 3356 5144 εἰς
3389 5079 3566 5148 ὑμᾶς,
3599 5082 3688 5143 εἰς
3735 5079 3808 5131 τὸ

2219 5166 2495 5232 στηρίξαι
2523 5167 2690 5236 ὑμῶν
2733 5170 2839 5234 τὰς
2882 5169 3128 5236 καρδίας
3158 5169 3503 5238 ἀμέμπτους
3524 5171 3594 5223 ἐν
3628 5172 3807 5238 ἀνιω-

2219 5255 2378 5323 σύνῃ
2428 5255 2769 5324 ἔμπροσθεν
2809 5258 2915 5311 τοῦ
2964 5256 3110 5311 Θεοῦ
3144 5258 3243 5311 καὶ
3275 5259 3503 5326 Πατρός
3532 5257 3701 5327 ἡμῶν
3731 5259 3808 5309 ἐν

2218 5343 2293 5413 τῇ
2327 5351 2629 5416 παρουσίᾳ
2678 5348 2784 5402 τοῦ
2829 5349 3050 5416 Kuplov
3090 5349 3261 5418 ἡμῶν
3311 5351 3505 5418 Ἰησοῦ
3539 5349 3804 5418 Χριστοῦ

2212 5434 2362 5502 μετὰ
2406 5435 2648 5508 πάντων
2677 5435 2795 5490 τῶν
2827 5439 3010 5507 ἁγίων
3043 5441 3248 5494 αὐτοῦ.
3283 5442 3441 5494 Ποῖον
3473 5441 3674 5511 Κύριον
3716 5438 3808 5491 εὖ-

2217 5540 2370 5593 χεται
2398 5525 2704 5598 ἔμπροσθεν
2748 5527 2843 5581 τοῦ
2876 5529 3009 5582 Θεοῦ
3057 5532 3150 5585 καὶ
3202 5532 3412 5602 Πατρὸς
3449 5533 3607 5603 ἡμῶν
3637 5533 3693 5584 ἐν
3731 5533 3802 5603 τῇ

2577 5687 2596 5721 ⁸
2625 5686 2645 5739 l
2678 5686 2872 5746 Tltess.
2907 5705 2986 5756 ιιι,
3027 5688 3114 5756 ιε,
3156 5689 3243 5747 15.
