4082 6448
247 353 285 409 ’ῐ
302 351 370 410 ’ἶᾶ

1284 346 1652 406 I’ANOPLM
1699 345 2157 407 DOGMATICA.
2190 371 2251 382 -
2282 345 2427 407 ΤΙΤ.
2478 348 2607 407 ΧΠ.

3438 340 3544 403 τιτι

250 467 546 541 ’παρουσία
574 463 670 517 τοῦ
716 463 921 535 Κυρίου
963 461 1117 532 ἡμῶν
1144 460 1467 530 ἀμέμπτους
1493 460 1589 522 τὰς
1628 458 1845 528 καρδίας

1964 461 2068 525 bis,
2090 460 2327 530 quicum
2360 459 2773 514 ministratur-iis
2796 460 3104 529 spiritibus,
3136 461 3226 529 qui
3257 461 3545 514 mittuntur

246 558 670 629 ἐστηριγμένας
736 557 796 608 ὲν
859 553 1132 624 ἁγιωσύνῃ
1196 552 1303 604 τῶν
1370 552 1427 603 ὲν
1489 548 1853 621 Θεσσαλονίκῃ

248 648 476 701 πιστῶν
522 647 810 718 στηρίξαι;
878 642 1392 715 ’Λποκρινάσθωσαν
1442 644 1574 711 ἡμῖν
1622 644 1668 694 οί
1720 640 1856 710 μετά

246 741 370 793 τῶν
423 738 814 810 λειτουργικῶν
858 738 1181 807 πνευμάτων
1239 736 1347 805 τῶν
1394 736 1529 805 πρὸς
1582 734 1856 786 διακονίαν

250 832 755 901 ἀποστελλομένων
777 830 838 882 τὸ
864 829 1016 898 ἅγιον
1056 829 1279 898 Πνεῦμα
1301 828 1558 890 τιθέντες.
1596 826 1734 879 Ἀλλ’
1758 827 1857 878 οὐκ

252 925 473 993 ἔχουσι.
525 923 725 993 Διόπερ
769 922 1119 975 ἀκουέτωσαν
1161 921 1255 973 καὶ
1303 921 1495 991 ὲτέρας
1552 919 1857 990 μαρτυρίας

253 1012 568 1083 διαρρήδην
602 1013 696 1063 καὶ
739 1012 909 1080 αὐτῆς
939 1009 1363 1080 κυριολογούσης
1400 1009 1459 1060 τὸ
1499 1008 1741 1077 Πνεῦμα.
1798 1007 1857 1060 Ὀ

253 1105 326 1156 δὲ
363 1106 605 1171 Κύριος,
626 1103 858 1171 φησὶ,τὸ
884 1100 1124 1170 Πνεῦμα
1147 1102 1275 1154 ἐστι
1297 1119 1308 1130 ·
1339 1102 1431 1153 καὶ
1454 1100 1613 1153 πάλιν
1630 1117 1642 1129 ·
1669 1100 1859 1153 Καθά-

255 1214 377 1262 περ
460 1196 580 1249 ἀπὸ
642 1196 860 1263 Κυρίου
912 1195 1274 1262 Πνεύματος.
1341 1195 1500 1246 Ὥστε
1574 1194 1629 1247 δὲ
1697 1194 1859 1263 μηδε-

258 1288 402 1356 μίαν
567 1287 879 1354 ἀντιλογίας
904 1287 1156 1357 ἀφορμὴν
1180 1285 1519 1345 καταλιπεῖν,
1554 1284 1720 1354 αὐτὴν
1755 1303 1854 1337 πα-

258 1379 586 1449 ραθήσομαι
606 1377 700 1430 τοῦ
741 1378 1059 1431 ’Λποστόλου
1090 1377 1187 1448 τὴν
1214 1377 1357 1441 λέξιν
1378 1391 1391 1405 '
1424 1378 1586 1445 Ἄχρι
1618 1376 1726 1446 γὰρ
1752 1376 1861 1443 τῆς

252 1469 543 1537 σήμερον
577 1468 642 1521 τὸ
672 1470 817 1522 αὐτὸ
852 1468 1132 1537 κάλυμμα
1163 1468 1261 1520 ἐπὶ
1291 1466 1364 1535 τῇ
1389 1468 1721 1537 ἀναγνώσει
1751 1467 1860 1533 τῆς

250 1558 547 1625 Παλαιᾶς
580 1559 880 1625 Διαθήκης
906 1559 1107 1629 μένει,
1140 1560 1224 1628 μὴ
1266 1559 1859 1626 ἀνακαλυπτόμενον,

254 1652 289 1704 ὃ
323 1670 383 1704 τι
418 1653 488 1704 ἐν
517 1649 750 1718 Χριστῷ
791 1650 1182 1719 καταργεῖται.
1204 1652 1390 1703 ’Ὅταν
1416 1650 1485 1702 δὲ
1525 1650 1860 1718 ἐπιστρέξὲῃ

257 1741 423 1807 πρὸς
459 1741 698 1805 Κύριον,
750 1738 1125 1806 περιαιρεῖται
1324 1738 1388 1790 τὸ
1428 1739 1730 1809 κάλυμμα.
1793 1741 1853 1792 '0

1962 550 2029 605 ad
2062 551 2469 613 ministerium,
2522 551 2797 603 collocant
2837 550 3102 620 Spiritum
3149 561 3423 606 sanctum.
3476 554 3544 604 At

1962 658 2071 696 non
2103 643 2300 697 habent
2327 642 2474 712 quod
2514 644 2902 712 respondeant.
2940 642 3287 712 Quapmpter
3313 645 3544 698 audiant

1962 748 2016 791 et
2054 736 2197 789 aliud
2226 735 2620 799 testimonium,
2649 735 2934 789 evidenter
2979 734 3243 805 Spiritum
3290 746 3541 790 sanctum

1963 828 2243 898 appellans
2299 827 2609 880 Dominum.
2669 827 2923 880 Dominus
2958 867 2971 890 ,
3026 830 3241 897 inquit,
3308 827 3542 896 Spiritus

1962 928 2039 971 est
2078 923 2093 952 ⁸
2125 934 2140 985 ;
2173 925 2225 971 et
2267 933 2488 971 rursum
2526 936 2537 970 :
2578 917 2853 987 Tanquam
2890 935 2921 969 a
2970 918 3192 973 Domino
3229 919 3433 988 Spiritu
3472 923 3491 950 ’
3526 958 3538 971 .

1965 1009 2039 1063 Ne
2068 1025 2199 1065 vero
2228 1011 2337 1063 ulla
2370 1012 2711 1085 relinquatur
2732 1016 2952 1069 occasio
2970 1014 3403 1074 contradicendi,
3427 1014 3541 1081 ipsa

1964 1103 2206 1171 Apestoli
2234 1108 2393 1161 verba
2421 1108 2691 1176 proferam
2724 1108 2777 1159 in
2812 1106 3046 1159 medium
3087 1125 3098 1158 :
3140 1105 3312 1174 Usque
3350 1104 3418 1155 ad
3449 1106 3542 1155 ho-

1963 1200 2203 1252 diernum
2237 1200 2371 1252 enim
2406 1199 2543 1251 diem
2574 1198 2711 1251 idem
2747 1199 2979 1251 velamen
3004 1199 3057 1249 in
3082 1198 3300 1249 lectione
3347 1196 3541 1247 Veterss

1967 1290 2288 1344 Testamenti
2317 1301 2521 1355 manet,
2570 1308 2673 1343 non
2707 1291 3022 1351 revelatum,
3064 1290 3201 1359 quod
3246 1290 3296 1341 in
3330 1288 3541 1341 Christo

1964 1382 2269 1451 abrogatur.
2294 1383 2425 1437 Cum
2454 1392 2628 1435 autent
2651 1398 2933 1435 conversus
2952 1382 3111 1450 fuerit
3140 1380 3208 1433 ad
3234 1380 3538 1441 Dominum,

1966 1474 2177 1527 tolletur
2198 1476 2448 1528 velamen.
2480 1474 2735 1526 Dominus
2761 1483 2939 1526 autem
2968 1472 3198 1539 Spiritus
3223 1484 3300 1523 est
3336 1470 3355 1499 ⁸
3389 1510 3401 1523 .
3434 1468 3544 1521 Cur

1963 1565 2068 1619 hoc
2099 1565 2265 1620 dicit?
2294 1566 2561 1631 Quoniam
2585 1566 2677 1634 qui
2706 1566 2852 1618 nudo
2884 1564 3182 1618 intellectui
3221 1564 3414 1615 littera:
3445 1578 3539 1615 as—

1966 1657 2125 1715 sidet,
2157 1664 2208 1709 et
2242 1657 2351 1709 illic
2384 1658 2530 1710 circa
2558 1656 2755 1725 legales
2786 1656 3203 1709 observationes
3237 1661 3541 1721 occupatus

1955 1752 2059 1803 est,
2099 1740 2327 1795 Judaica
2371 1743 2567 1795 littera:
2618 1743 3072 1810 interpretatione
3100 1744 3258 1811 quasi
3295 1744 3414 1797 velo
3459 1752 3543 1797 te-

260 1834 486 1900 Κύριος
512 1831 579 1884 τὸ
621 1830 866 1898 Πνεῦμα
898 1832 1048 1885 ἐστι.
1100 1830 1164 1884 Τί
1209 1830 1368 1885 τοῦτο
1405 1832 1608 1900 λέγων;
1658 1836 1778 1886 Ὅτι
1828 1835 1845 1885 ἐ

1955 1841 2101 1886 ctum
2136 1833 2297 1886 habet
2325 1848 2421 1886 cor
2452 1852 2465 1886 :
2496 1841 2658 1901 atque
2690 1833 2741 1884 id
2768 1833 2845 1885 illi
2870 1834 3090 1897 accidit,
3116 1850 3181 1888 eo
3204 1836 3348 1904 quod
3382 1837 3543 1906 igno-

258 1924 399 1994 ψιλῇ
431 1925 498 1993 τῇ
531 1921 741 1993 διανοίᾳ
774 1922 866 1975 τοῦ
894 1923 1219 1993 γράμματος
1252 1923 1722 1995 προσκαθήμενος,
1762 1925 1855 1975 καὶ

257 2014 433 2069 αὐτοῦ
464 2030 564 2065 που
592 2014 719 2085 περὶ
744 2012 813 2065 τὰ
841 2013 1039 2084 νομικά
1066 2016 1512 2084 παρατηρήματα
1537 2013 1849 2084 διατρίϐων,

254 2101 375 2158 οἷόν
411 2121 516 2156 τινι
549 2104 1010 2174 παραπετάσματι
1040 2106 1106 2173 τῇ
1157 2105 1420 2174 Ἰουδαϊκῇ
1464 2102 1558 2155 τοῦ
1588 2103 1851 2174 γράμμα-

254 2211 350 2256 τος
388 2194 581 2264 ὲκδοχῇ
617 2193 714 2263 τὴν
760 2194 986 2264 καρδίαν
1021 2193 1213 2247 ἑαυτοῦ
1249 2195 1723 2261 συγκεκάλυπται·
1759 2197 1851 2247 καὶ

253 2286 422 2338 τοῦτο
455 2288 652 2355 πάσχει
688 2286 840 2357 παρᾶ
872 2286 931 2338 τὸ
968 2288 1201 2354 ἀγνοεῖν,
1241 2287 1324 2338 ὅτι
1359 2286 1391 2356 ἡ
1427 2285 1711 2356 σωματικὴ
1754 2286 1849 2337 τοῦ

253 2378 425 2446 νόμου
457 2378 688 2448 τήρησις
715 2379 771 2429 ἐν
800 2380 865 2447 τῇ
899 2378 1161 2448 ἐπιδημία
1328 2375 1418 2429 τοῦ
1453 2377 1690 2448 Χριστοῦ
1718 2396 1849 2430 κατ-

251 2470 529 2537 αργεῖται,
564 2466 671 2520 τῶν
712 2467 898 2522 τύπων
932 2468 1114 2520 λοιπὸν
1151 2466 1600 2538 μεταληφθέντων
1630 2471 1708 2531 είς
1751 2468 1849 2538 τὴν

251 2556 541 2627 ἀλήθειαν.
588 2556 845 2627 Ἀργοῦσι
877 2558 984 2628 γὰρ
1021 2557 1203 2626 λύχνοι
1231 2560 1295 2628 τῇ
1330 2557 1424 2610 τοῦ
1463 2557 1612 2627 ἡλίου
1646 2574 1850 2628 παρου-

252 2650 352 2718 σίᾳ
372 2665 385 2677 ·
421 2650 515 2700 καὶ
549 2649 800 2718 σχολάζει
828 2651 857 2701 ὁ
888 2650 1068 2718 νόμος,
1102 2649 1196 2701 καὶ
1228 2653 1552 2719 προφητεῖαι
1745 2667 1846 2701 κα-

247 2742 667 2809 τασιγάζονται,
699 2742 801 2812 τῆς
830 2742 1087 2811 ἀληθείας
1123 2742 1514 2812 ἀναφανείσης.
1568 2742 1626 2794 '0
1665 2742 1847 2812 μέντοι

246 2835 507 2906 δυνηθεὶς
534 2837 627 2889 ἐπὶ
654 2837 715 2888 τὸ
744 2835 907 2905 βάθος
937 2834 1196 2903 διακύψαι
1222 2834 1321 2903 τῆς
1352 2835 1581 2904 νομικῆς
1615 2835 1842 2896 ἐννοίας,

248 2928 351 2978 καὶ
398 2927 497 2995 τὴν
526 2928 590 2979 ὲκ
620 2927 714 2980 τοῦ
753 2927 1081 2997 γράμματος
1124 2925 1412 2992 ἀσάφειαν,
1455 2920 1566 2977 οἷόν
1596 2942 1647 2976 τι
1679 2941 1845 2977 κατα-

247 3018 532 3087 πέτασμα,
584 3018 842 3087 διασχὼν,
890 3018 1020 3070 εἴσω
1059 3018 1311 3085 γενέσθαι
1345 3019 1453 3071 τῶν
1491 3020 1840 3088 ἀπορρήτων,

245 3100 408 3170 οὗτος
440 3109 753 3180 ἐμιμήσατο
785 3110 877 3162 τὸν
915 3112 1159 3181 Μωῠσῆν
1204 3112 1262 3163 ἐν
1294 3109 1371 3179 τῷ
1392 3110 1736 3179 διαλέγεσθαι
1760 3110 1839 3179 τῷ
1870 3164 1906 3181 η

244 3197 373 3266 Θεῷ
407 3198 799 3269 ιπεριαιροῦντα
843 3200 904 3252 τὸ
936 3199 1219 3269 κάλυμμα,
1247 3200 1591 3271 ἐπιστρέφων
1616 3202 1710 3253 καὶ
1735 3201 1836 3251 αὐ-

243 3289 339 3352 τὸς
374 3290 485 3341 ἀπὸ
516 3289 609 3341 τοῦ
639 3292 965 3361 γράμματος
1001 3292 1136 3362 πρὸς
1163 3292 1225 3343 τὸ
1401 3291 1639 3362 πνεῦμα.
1674 3293 1836 3344 Ὥστε

244 3381 534 3448 ἀναλογεῖν
566 3383 644 3452 τῷ
679 3384 776 3452 μὲν
820 3385 912 3436 ἐπὶ
945 3382 1037 3436 τοῦ
1084 3383 1376 3454 προσώπου
1421 3384 1693 3448 Μωῦσέως
1734 3404 1832 3438 κα-

243 3471 497 3540 λύμματι
552 3477 650 3544 τὴν
702 3474 810 3527 τῶν
861 3476 1102 3545 νομικῶν
1149 3476 1493 3545 διδαγμάτων
1535 3478 1832 3543 ἀσάφειαν,

238 3566 311 3633 τῇ
341 3564 397 3615 δὲ
440 3568 742 3636 ἐπιστροφῇ
797 3569 863 3637 τῇ
893 3567 1028 3638 πρὸς
1062 3568 1153 3620 τὸν
1185 3567 1392 3639 Κύριον
1436 3569 1535 3638 τὴν
1589 3587 1835 3639 πνευμα-

238 3653 407 3723 τικὴν
454 3654 708 3725 θεωρίαν.
754 3656 811 3709 '0
857 3652 948 3709 οὖν
980 3660 1037 3710 ὲν
1076 3660 1141 3728 τῇ
1188 3656 1491 3723 ἀναγνώσει
1528 3657 1622 3710 τοῦ
1667 3659 1831 3729 νόμου

238 3743 514 3814 περιελὼν
546 3746 608 3798 τὸ
638 3747 869 3816 γράμμα
902 3748 1219 3817 ἐπιστρέφει
1247 3748 1384 3817 πρὸς
1417 3746 1506 3799 τὸν
1537 3746 1741 3817 Κύριον
1770 3749 1832 3817 (ὁ

239 3833 542 3905 δὲ’Κύριος
568 3837 662 3889 νῦν
694 3838 755 3889 τὸ
786 3838 1009 3908 Πνεῦμα
1038 3838 1318 3907 λέγεται),
1352 3838 1443 3889 καί
1475 3839 1661 3907 ὅμοιος
1688 3838 1834 3905 γίνε-

238 3940 335 3976 ται
373 3927 601 3979 Μωῦσεῖ
650 3930 715 3981 ὲκ
754 3928 856 3997 τῆς
890 3930 1213 3997 ἐπιφανείας
1247 3928 1341 3981 τοῦ
1373 3928 1508 3981 Θεοῦ
1548 3930 1608 3980 τὸ
1665 3930 1831 3999 πρόσ-

236 4031 393 4067 ωπον
425 4018 813 4089 δεδοξασμένον
852 4019 1047 4088 ἔχοντι.
1091 4020 1178 4083 Ὠς
1212 4019 1321 4088 γάρ
1350 4022 1415 4071 τὰ
1441 4021 1552 4081 τοῖς
1576 4018 1831 4089 ἀνθηροῖς

235 4111 501 4183 χρώμασι
551 4111 931 4181 παρακείμενα
974 4108 1179 4180 ὲκ“τῆς
1216 4111 1619 4181 περιρρεούσης
1654 4111 1830 4180 αὐγῆς

238 4202 339 4255 καὶ
394 4200 535 4253 αὐτὰ
586 4200 1033 4271 καταχρώννυται
1095 4212 1111 4229 ·
1282 4198 1452 4262 οὕτως
1505 4202 1533 4252 ὁ
1583 4200 1831 4270 ἐναργῶς

236 4292 560 4354 ὲνατενίσας
588 4291 666 4361 τῷ
695 4292 971 4361 Πνεύματι
1000 4292 1065 4344 ὲκ
1099 4292 1198 4361 τῆς
1229 4291 1436 4344 ἐκείνου
1472 4290 1629 4360 δόξης
1668 4309 1831 4361 μετα-

240 4381 552 4452 μορφοῦταί
582 4399 699 4444 πως
740 4381 876 4453 πρὸς
905 4381 968 4433 τὸ
1006 4381 1301 4450 φανότερον
1321 4417 1336 4442 ,
1364 4373 1476 4431 οἷόν
1519 4394 1623 4430 τινι
1667 4380 1826 4447 φωτὶ,

1956 1931 2039 1976 ret
2086 1925 2425 1991 corporalem
2493 1923 2629 1992 legis
2682 1923 3122 1987 observationem
3180 1926 3235 1977 in
3298 1927 3539 1981 adventu

1953 2013 2154 2067 Christi
2173 2014 2429 2067 abolitam
2452 2028 2595 2069 esse.
2615 2014 2725 2081 jam
2752 2013 2941 2082 ﬁguris
2963 2015 3027 2067 ad
3048 2015 3332 2069 veritatem
3356 2026 3539 2073 trans-

1956 2100 2099 2155 latis.
2148 2100 2288 2154 Sunt
2350 2103 2494 2155 enim
2536 2117 2958 2171 supervacanea
2991 2104 3228 2157 lucerna:
3265 2106 3397 2160 solis
3441 2108 3540 2159 ad-

1954 2203 2114 2244 ventu
2142 2210 2157 2259 ;
2194 2202 2248 2245 et
2278 2202 2460 2247 cessat
2492 2194 2599 2257 lex,
2632 2202 2686 2248 et
2710 2196 3012 2264 prophetiae
3042 2197 3207 2250 silent
3234 2237 3248 2259 ,
3282 2198 3446 2251 simul
3482 2208 3538 2253 ut

1952 2284 2131 2336 illuxit
2162 2285 2387 2339 veritas.
2423 2285 2491 2338 At
2524 2288 2617 2355 qui
2654 2287 2831 2355 potuit
2861 2288 2925 2341 ad
2958 2287 3227 2356 profunda
3391 2291 3540 2360 lega-

1952 2373 2016 2427 lis
2044 2390 2241 2429 sensus
2277 2386 2585 2445 penetrare,
2615 2392 2680 2431 ac
2710 2380 2962 2433 discussa
3008 2381 3143 2449 legis
3175 2380 3535 2446 obscuritate,

1951 2479 2047 2518 ceu
2080 2467 2411 2531 velamento,
2448 2469 2679 2523 introire
2712 2471 2777 2523 ad
2810 2485 3032 2537 arcana,
3065 2472 3150 2524 hic
3185 2476 3377 2528 Mosen
3414 2474 3528 2527 imi-

1950 2565 2098 2612 tatus
2119 2566 2223 2621 est,
2256 2559 2526 2625 velamen,
2558 2562 2686 2614 dum
2721 2562 2963 2632 loquitur
2998 2578 3122 2617 cum
3168 2563 3296 2629 Deo,
3338 2566 3536 2621 tollen-

1951 2657 2056 2700 tem
2105 2658 2164 2713 t;
2201 2648 2319 2718 ipse
2349 2664 2408 2704 se
2439 2651 2602 2705 etiam
2630 2662 2959 2707 convertens
2995 2669 3022 2706 a
3055 2654 3234 2708 littera
3265 2656 3330 2709 ad
3372 2658 3535 2725 spiri-

1950 2747 2085 2793 tnm.
2120 2739 2304 2805 Quare
2333 2742 2587 2795 velamini
2618 2744 2761 2811 quod
2800 2744 3116 2812 impositum
3150 2754 3233 2799 est
3256 2763 3419 2816 super
3451 2748 3533 2800 fa-

1948 2831 2088 2884 ciem
2126 2831 2282 2895 Mosi,
2319 2832 2613 2902 respondet
2648 2835 2901 2903 legalium
2933 2836 3391 2892 documentorum
3431 2841 3532 2895 ob-

1947 2923 2185 2977 scuritas
2220 2941 2233 2989 ;
2267 2925 2612 2979 conversioni
2644 2934 2824 2979 autem
2857 2926 2923 2979 ad
2976 2926 3268 2982 Dominum
3305 2946 3535 3000 respon-

1947 3012 2038 3066 det
2085 3014 2390 3083 spiritualis
2441 3016 2821 3085 intelligentia.
2872 3014 3014 3087 Ergo
3055 3020 3145 3088 qui
3195 3022 3247 3072 in
3300 3021 3535 3076 lectione

1942 3103 2075 3173 lrgis
2121 3103 2299 3157 aufert
2340 3105 2612 3168 litteram,
2658 3108 2926 3160 convertit
2965 3123 3085 3161 sese
3129 3108 3194 3160 ad
3242 3108 3531 3163 Dominum

1944 3195 2234 3262 (Dominus
2265 3203 2449 3259 autem
2480 3213 2629 3250 nunc
2670 3196 3193 3267 Spiritus‘dicltur),
3228 3216 3293 3254 ac
3337 3203 3531 3257 similis

1941 3284 2187 3337 redditur
2214 3285 2370 3351 Mosi,
2411 3302 2473 3341 ex
2503 3289 2849 3357 apparitione
2881 3287 2971 3342 Dei
3010 3289 3204 3343 faciem
3250 3291 3528 3360 gloriﬁca—

1941 3382 2049 3427 tam
2074 3376 2316 3430 habenti.
2358 3376 2513 3431 Sicut
2550 3379 2694 3432 enim
2728 3395 2848 3448 quae
2872 3379 3028 3448 juxta
3056 3380 3281 3436 floridos
3310 3384 3529 3437 colores

1937 3465 2114 3533 posita
2147 3476 2294 3530 sunt,
2327 3482 2357 3522 e
2388 3469 2680 3536 splendore
2718 3477 3079 3537 preinanante
3108 3472 3429 3524 colorantur
3461 3479 3517 3524 et

1936 3557 2053 3625 ipsa
2084 3575 2095 3608 :
2125 3556 2204 3610 sic
2243 3557 2335 3626 qui
2366 3559 2648 3614 evidenter
2672 3560 2901 3613 intendit
2935 3562 3126 3616 oculos
3151 3563 3205 3615 in
3231 3562 3519 3631 Spiritum,

1934 3662 1998 3700 ex
2034 3648 2182 3701 illius
2207 3650 2382 3718 gloria
2418 3651 2824 3719 quodammodo
2870 3654 3302 3708 transformatur
3340 3666 3397 3708 ut
3439 3659 3530 3710 lia:

1934 3738 2227 3801 itlustrior,
2259 3740 2387 3793 dum
2422 3742 2656 3796 veritate
2686 3757 2715 3795 a
2740 3742 2952 3811 Spiritu
2996 3754 3386 3812 promanante,
3425 3763 3527 3800 cen

1935 3830 2056 3885 luce
2088 3832 2354 3900 quadam,
2392 3835 2558 3888 corde
2599 3834 2959 3887 illuminatur.
2991 3834 3053 3888 Et
3080 3836 3183 3889 hoc
3213 3844 3297 3891 est
3345 3845 3528 3891 trans-

1934 3920 2158 3975 formari
2218 3937 2247 3974 a
2316 3924 2490 3993 gloria
2542 3924 2784 3995 Spiritus
2830 3926 2895 3980 ad
2946 3929 3221 3995 propriam
3268 3928 3523 3998 gloriam,

1933 4013 2075 4067 haud
2110 4031 2292 4084 parce,
2330 4033 2507 4086 neque
2535 4018 2794 4084 tenuiter,
2823 4019 2917 4072 sed
2954 4020 3007 4071 in
3044 4028 3255 4074 tantum
3277 4060 3291 4083 ,
3336 4036 3484 4090 quan

1934 4113 2047 4158 tum
2082 4121 2181 4175 par
2213 4115 2298 4161 est
2332 4108 2595 4163 illustrari
2633 4124 2754 4163 eum
2789 4110 2881 4178 qui
2932 4126 2960 4163 a
3011 4109 3215 4181 Spiritu
3248 4111 3526 4164 illumina-

1932 4202 2038 4249 tur.
2072 4195 2190 4251 Non
2224 4199 2450 4264 vereris,
2485 4214 2518 4252 ο
2561 4200 2742 4262 homo,
2774 4200 3094 4269 Apostoluin
3124 4201 3393 4256 dicentem
3455 4207 3474 4237 ⁵
3506 4220 3522 4255 :

1935 4288 2206 4355 Templum
2238 4290 2333 4344 Dei
2360 4292 2510 4355 estis,
2535 4302 2583 4345 et
2608 4290 2841 4359 Spiritus
2872 4293 2964 4346 Dei
2984 4293 3188 4346 habitat
3212 4294 3265 4345 in
3288 4295 3429 4346 vobis
3465 4294 3527 4346 ’Ἰ

1932 4377 2071 4432 Num
2101 4383 2370 4449 potuisset
2405 4398 2643 4451 unquam
2677 4386 2874 4437 servile
2905 4384 3245 4437 domicilium
3280 4385 3521 4453 appella-

235 4476 308 4543 τῇ
342 4476 406 4525 ἐκ
438 4472 530 4525 τοῦ
560 4472 875 4542 Πνεύματος
910 4470 1135 4541 ἀληθείᾳ
1157 4471 1256 4539 τὴν
1289 4469 1515 4541 καρδίαν
1550 4469 1831 4539 καταλαμ-

1949 4470 2084 4524 Lione
2121 4473 2304 4542 templi
2349 4473 2659 4526 honorare?
2691 4473 2835 4538 Quid
2873 4474 2967 4543 qui
3006 4474 3344 4543 Scripturam
3380 4474 3521 4526 divi-

234 4564 499 4634 πτάμενος.
534 4563 645 4617 Καὶ
676 4563 833 4615 τοῦτό
865 4565 981 4615 ἐστι
1018 4562 1097 4625 τὸ,
1133 4558 1575 4631 μταμορφοῦται
1600 4560 1707 4612 ἀπὸ
1734 4562 1832 4630 τῆς

234 4657 399 4725 δόξης
437 4656 531 4708 τοῦ
571 4653 885 4724 Πνεύματος
915 4657 997 4718 εἰς
1032 4653 1130 4724 τὴν
1160 4654 1367 4706 οἰκείαν
1408 4652 1565 4717 δόξαν
1590 4694 1603 4717 ,
1637 4653 1698 4703 ού
1740 4670 1831 4720 μισ

236 4748 541 4818 κρολόγως,
571 4748 693 4801 οὐδὲ
722 4746 1001 4818 ἀμυδρῶς·
1034 4745 1147 4799 ἀλλ’
1171 4746 1261 4803 ἐπὶ
1290 4744 1561 4805 τοσοῦτον,
1595 4744 1678 4811 ἐφ’
1707 4745 1832 4796 ὅσον

1936 4562 2083 4615 nitus
2115 4564 2434 4632 inspiratam
2461 4565 2726 4633 appellat,
2772 4580 2837 4618 eo
2870 4564 3014 4633 quod
3049 4565 3229 4617 afflatu
3279 4563 3521 4632 Spiritus

1935 4655 2140 4722 scripza
2185 4658 2291 4718 sit,
2337 4670 2466 4707 num
2512 4655 2928 4708 contumeliosis
2972 4664 3024 4707 et
3073 4652 3336 4723 Spiritum
3385 4662 3524 4706 atte-

1938 4745 2235 4799 nuantibus
2260 4747 2442 4799 verbis
2468 4744 2675 4798 utitur?

234 4847 390 4897 ἐστὶν
424 4843 571 4906 είκὺς
609 4844 699 4895 τὸν
725 4843 832 4895 ἀπὸ
893 4842 985 4895 τοῦ
1048 4840 1366 4909 Πνεύματος
1395 4836 1782 4907 φωτιζόμενον.
1821 4840 1894 4891 Οὐ
1932 4839 2152 4910 δυσωπῇ
2177 4881 2190 4903 ,
2248 4840 2535 4910 ἄνθρωπε,
2590 4840 2679 4891 τὸν
2746 4838 3066 4889 Ἀπόστολον
3126 4836 3387 4899 λέγοντα,
3436 4836 3520 4889 ὅτι

234 4942 405 5004 Natiq-
446 4938 592 4992 Θεοῦ
622 4939 782 5000 ἐστε,
815 4937 913 4990 καὶ
952 4936 1017 4988 τὸ
1055 4934 1293 5003 Πνεῦμα
1331 4934 1436 4986 τοῦ
1484 4931 1632 4985 Θεοῦ
1681 4932 1834 4986 οἰκεῖ
1863 4934 1931 4985 ἐν
1956 4934 2123 5002 ῠμῖν;
2157 4930 2305 5004 τΑρα
2334 4934 2394 4985 τὸ
2419 4932 2661 4985 δουλικὸν
2703 4933 3016 5002 οἰκητήριον
3075 4930 3393 4993 κατεδέξατο
3453 4930 3520 4989 ἄν

236 5050 373 5088 ποτε
443 5034 509 5102 τῇ
550 5029 643 5083 τοῦ
674 5029 804 5081 ναοῦ
846 5025 1184 5098 προσηγορία
1229 5025 1487 5095 τιμῆσαι;
1523 5024 1587 5075 Τί
1622 5025 1679 5076 δὲ
1712 5025 1740 5077 ὁ
1782 5024 2138 5078 θεόπνευστον
2196 5026 2295 5094 τὴν
2334 5025 2556 5095 Γραφὴν
2600 5022 2900 5092 ὀνομάζων,
2949 5022 3036 5074 διὰ
3099 5022 3198 5090 τῆς
3232 5021 3521 5083 ἐπιπνοίας

235 5127 334 5182 τοῦ
383 5127 540 5194 ἁγίου
588 5122 905 5190 Πνεύματος
965 5119 1394 5187 συγγραφεῖσαν,
1428 5116 1502 5185 μὴ
1534 5117 1648 5176 τοῖς
1703 5114 1797 5167 τοῦ
1828 5116 2247 5186 καθυϐρίζον.ος
2296 5117 2388 5169 καὶ
2439 5115 2971 5184 κατασμικρύνοντος
3001 5112 3130 5166 αὐτὸ
3164 5114 3519 5184 προσρήμασι

238 5223 560 5289 κέχρηταις

241 5314 358 5368 Τοῦ
393 5314 585 5367 αὐτοῦ
616 5310 925 5375 σύστασις
954 5309 1111 5363 κατὰ
1146 5308 1263 5374 τὴν
1295 5309 1489 5378 φήσιν
1511 5308 1831 5374 κοινωνίας

310 5381 423 5436 τοῦ
455 5384 829 5450 ιιι-εύματος,
860 5380 936 5450 ἐκ
954 5375 1309 5450 τοῦ-δμοίως(
1334 5375 1501 5450 εἶναι-
1518 5379 1701 5450 Πατρξ
1722 5381 1823 5433 καὶ

316 5450 430 5518 γ’Ιῷ
446 5447 874 5522 πρὸςθεωρίαν
912 5448 1305 5518 δυσέφικτον.
1345 5448 1567 5518 Κεφάλ.
1602 5447 1715 5511 κβζ

317 5544 395 5597 Ub
458 5545 621 5616 μόνον
681 5541 735 5594 δὲ
794 5540 852 5606 ἐξ
915 5534 992 5594 ῶν
1047 5540 1144 5602 τάς
1204 5541 1376 5602 αὐτὰς
1449 5538 1823 5609 προσηγορίας

862 5709 882 5740 ⁸
917 5708 1046 5765 ibid.
1076 5707 1160 5765 18.

307 5710 390 5765 ιιι
421 5710 546 5767 Cor.
584 5709 783 5777 m,l7.
862 5709 1160 5765 ’ἰιιὶιι.18.
1241 5711 1422 5766 anno.
1460 5711 1665 5780 14,16,
1704 5712 1787 5775 t7.

1863 5712 2072 5771 ‘Exod.
2105 5729 2288 5782 xxx",
2319 5715 2410 5771 3.5.

1940 5307 2200 5377 Ejusdem
2233 5308 2571 5376 conﬁrmatio
2593 5310 2863 5364 naturalis
2914 5311 3299 5363 communionis
3334 5312 3516 5377 Spiri-

2009 5390 2187 5441 tus,eo
2214 5380 2352 5446 quod
2380 5394 2526 5446 asque
2559 5391 2620 5431 ac
2651 5379 2811 5435 Pater
2832 5389 2881 5434 et
2921 5380 3093 5435 Filius
3122 5383 3517 5449 incomprehem

2010 5451 2179 5504 sibilis
2207 5458 2302 5502 est.
2337 5449 2510 5518 Caput
2537 5449 2629 5503 22.

2020 5539 2137 5595 Non
2193 5543 2368 5595 solum
2418 5554 2599 5596 autem
2658 5557 2721 5597 ex
2780 5544 2881 5598 hoc
2931 5542 3078 5612 quod
3142 5542 3365 5597 easdem
3418 5544 3519 5596 lm-

2489 5718 2509 5751 ⁸
2537 5715 2810 5784 Niciam,
2838 5716 2919 5768 (6.
2998 5717 3016 5748 ⁶
3048 5716 3087 5769 Il
3130 5716 3263 5772 fim.
3307 5734 3387 5786 In,
3434 5720 3519 5775 16.
