4082 6446
507 323 620 384 775

1758 310 2139 375 FUTHYMH
2183 310 2358 371 ZlGA
2374 305 2550 369 BENI

513 441 604 494 bet
653 433 1073 506 appellationes,
1096 439 1152 486 et
1182 431 1234 486 in
1280 429 1700 498 operationibus
1731 443 1986 486 consors
2011 438 2094 483 est

2211 425 2337 495 ἔχει,
2384 424 2477 477 καὶ
2507 421 2767 476 κοινωνόν
2825 421 2946 473 ἐστι
2975 419 3084 472 τῶν
3118 417 3416 488 ἐνεργειῶν
3480 417 3656 486 Πατρὶ
3697 419 3804 470 καὶ

510 533 655 588 Patri
688 538 743 585 et
786 527 944 593 Filio,
966 526 1166 581 dilucet
1202 533 1414 578 naturzc
1435 524 1582 579 illis
1613 523 1973 590 excellentia;
2008 538 2097 578 ve-

519 637 638 677 rum
685 623 846 676 etiam
875 635 941 674 ex
985 633 1050 672 eo
1090 616 1234 685 quod
1275 617 1480 686 pariter
1515 615 2098 686 incomprehensibilis

517 727 601 769 est
654 713 955 767 intellectu.
997 709 1132 776 Qua:
1155 709 1298 763 enim
1330 707 1397 762 de
1434 706 1596 762 Patre
1626 707 1889 776 loquitur,
1948 707 2096 773 quod

514 809 586 862 sit
616 821 775 872 supra
810 802 1200 870 cogitationem
1225 801 1549 864 humanam,
1574 816 1807 870 quicque
1828 799 1894 854 de
1930 796 2095 862 Filio,

513 899 701 952 eadem
741 896 1004 950 Dominus
1027 907 1080 949 et
1146 895 1213 948 de
1238 892 1445 962 Spiritu
1492 903 1684 948 sancto
1717 893 1890 949 dicit:
1933 891 2098 945 Pater

507 989 671 1059 juste,
700 998 746 1041 et
769 989 997 1041 mundus
1027 998 1075 1040 te
1105 1003 1205 1040 non
1237 988 1476 1056 cognovit
1505 990 1516 1017 ¹
1548 1005 1570 1054 ;
1625 986 1892 1040 mundum
1913 985 2100 1053 appel-

515 1081 632 1136 lans
666 1081 754 1134 hie
793 1096 900 1133 non
941 1080 1160 1149 globum
1194 1095 1224 1132 e
1267 1080 1409 1134 cmlo
1452 1085 1507 1133 et
1545 1088 1691 1133 terra
1732 1083 2100 1139 constantem,

515 1171 608 1226 sed
641 1171 904 1225 caducam
957 1172 1098 1224 hanc
1129 1171 1546 1240 innumerisque
1575 1169 1973 1223 mutationibus
2005 1167 2103 1219 0b-

515 1262 735 1315 noxiam
764 1261 951 1314 vitam.
989 1260 1064 1314 Ac
1099 1259 1166 1313 de
1203 1263 1386 1329 seipse
1417 1261 1668 1330 loquens,
1710 1259 1896 1312 Adhuc
1927 1256 2102 1311 modi-

514 1371 656 1420 cum,
696 1356 893 1424 inquit,
916 1365 964 1408 et
993 1355 1219 1408 mnmlus
1251 1372 1328 1408 me
1349 1356 1460 1422 iam
1495 1373 1595 1409 non
1626 1355 1782 1420 videt,
1809 1372 1894 1408 vos
1927 1363 2104 1406 autent

515 1446 702 1500 ridetis
728 1463 806 1498 me
846 1447 886 1500 ³.
910 1444 1124 1500 Rursus
1149 1446 1236 1500 hic
1257 1462 1351 1502 eos
1372 1447 1464 1516 qui
1494 1448 1761 1502 materiali
1785 1447 2105 1516 carnalique

515 1541 626 1591 vita
654 1538 896 1593 devincti
930 1545 1080 1600 sunt,
1109 1545 1162 1590 et
1197 1539 1374 1593 oculis
1407 1546 1621 1590 tantum
1659 1538 1976 1607 expendunt
2015 1553 2106 1591 ve-

518 1631 761 1692 ritatem,
791 1629 1054 1683 mundum
1076 1629 1377 1698 appellans,
1402 1629 1494 1698 qui
1529 1645 1634 1682 non
1664 1629 1898 1698 amplius
1929 1629 2104 1683 oculis

521 1719 705 1773 cordis
739 1719 908 1773 visuri
935 1727 1096 1773 erant
1123 1718 1411 1771 Dominum
1441 1726 1718 1782 nostrum,
1752 1734 1817 1772 eo
1841 1718 1987 1788 quod
2016 1735 2106 1772 re-

518 1812 914 1866 surrectionem
975 1827 1084 1864 non
1142 1812 1452 1865 crederent.
1513 1811 1637 1865 llarc
1679 1820 1863 1864 autent
1913 1811 2104 1866 eadem

516 1902 656 1956 dixit
683 1911 735 1956 et
761 1903 827 1955 de
853 1900 1057 1971 Spiritu
1091 1921 1104 1956 :
1133 1901 1415 1971 Spiritum,
1441 1905 1642 1972 inquit,
1668 1904 1930 1970 veritatis,
1956 1919 2105 1971 quem

517 1993 743 2046 mundus
775 2009 876 2047 non
905 2003 1073 2062 potest
1103 1995 1360 2062 accipere,
1395 1994 1535 2064 quod
1706 2009 1809 2046 non
1849 1993 2020 2046 videat
2047 1994 2109 2046 il-

517 2085 650 2149 lum,
683 2101 843 2154 neque
869 2095 1148 2152 cognoscat
1179 2101 1339 2138 eum:
1371 2101 1458 2138 vos
1488 2094 1661 2137 auten
1693 2084 2010 2152 cognoscitis
2035 2084 2106 2136 il-

517 2174 650 2236 lum,
681 2174 822 2241 quod
841 2173 980 2243 apud
1011 2191 1099 2228 vos
1124 2187 1298 2227 manet
1328 2174 1346 2204 ³
1381 2214 1394 2227 .
1420 2173 1672 2227 Carnalis
1703 2172 1974 2242 siquidem
2008 2173 2107 2226 lto-

518 2281 608 2318 mo
684 2273 922 2319 mentem
983 2265 1195 2320 habens
1258 2265 1324 2318 ad
1390 2264 1908 2333 contemplationem
1965 2263 2106 2316 haud

515 2351 896 2414 exercitatam,
933 2351 1044 2406 imo
1086 2368 1214 2406 vero
1241 2360 1410 2406 totam
1435 2353 1486 2405 in
1516 2351 1710 2405 affectu
1739 2352 1924 2408 carnis
1959 2353 2108 2406 velut

518 2443 572 2495 in
605 2457 765 2497 cceno
793 2443 1070 2498 defossam
1097 2460 1315 2514 gerens.
1357 2460 1465 2498 non
1501 2451 1683 2512 potest
1716 2445 1781 2498 ad
1816 2444 2108 2514 spirituale

518 2531 699 2586 ltunen
733 2533 979 2588 veritatis
1022 2535 1272 2588 attollere
1313 2535 1524 2588 oculos.
1563 2533 1909 2602 Quapropter
1939 2549 2108 2586 mun—

519 2623 645 2689 dus,
683 2625 786 2678 hoc
820 2632 925 2688 est,
959 2626 1144 2679 carnis
1172 2625 1569 2694 cupiditatibus
1593 2625 1811 2678 addicta
1837 2626 1967 2689 vita,
1994 2625 2107 2677 vel-

522 2722 577 2766 nt
605 2716 802 2768 oculus
830 2715 1120 2769 imbecillis
1147 2732 1254 2768 non
1286 2715 1469 2770 ferens
1502 2715 1639 2768 radii
1666 2715 1863 2770 solaris
1904 2717 2107 2777 lumen,

521 2804 764 2872 Spiritus
801 2806 1027 2874 gratiam
1055 2821 1162 2858 non
1190 2807 1404 2875 recipit.
1442 2805 1512 2859 At
1553 2805 1816 2860 Dominus
1847 2819 1970 2859 cum
2007 2805 2112 2858 hoc

519 2894 811 2962 discipulis
841 2893 1216 2947 testimonium
1245 2893 1524 2958 dedisset,
1575 2893 1724 2962 quod
1765 2890 1984 2945 munda:
2025 2905 2111 2945 es-

519 2993 642 3041 sent
673 2987 796 3038 vita:
820 2986 888 3039 ob
921 2986 1232 3039 doctrinam
1267 2985 1463 3055 ipsius,
1495 2986 1587 3039 dat
1616 2984 1804 3044 etiam,
1830 2983 2018 3052 utjam
2043 2981 2110 3035 ad

521 3078 957 3147 speculationem
1013 3051 1645 3146 contemplationemque
1713 3074 1953 3145 Spiritus
2003 3051 2178 3128 sintC

520 3167 866 3222 idoneiJmn
881 3169 1048 3234 enim,
1080 3169 1279 3238 inquit,
1302 3185 1392 3222 vos
1423 3167 1607 3221 mundi
1638 3167 1764 3221 estis
1785 3174 2116 3234 propterser-

525 3275 723 3312 monem
737 3276 888 3328 quem
901 3259 1109 3313 locutus
1121 3277 1238 3313 sum
1252 3260 1395 3314 vobis
1433 3257 1530 3313 ‘.U
1534 3258 1634 3312 nde
1658 3257 1885 3311 mundus
1907 3257 2114 3323 quidem

521 3367 623 3404 non
659 3361 829 3418 potest
879 3353 1030 3405 illum
1080 3353 1337 3419 accipere,
1372 3351 1799 3421 quandoquidem
1839 3366 1942 3402 non
1979 3347 2116 3402 videt

519 3439 673 3493 illum
711 3456 727 3492 :
773 3457 860 3494 vos
900 3453 1077 3494 autent
1109 3441 1326 3493 novistis
1365 3457 1480 3493 eum
1505 3478 1519 3503 ,
1565 3439 1818 3509 quoniam
1857 3437 1996 3506 apud
2027 3453 2114 3490 vos

521 3540 696 3583 manet
754 3535 795 3586 ⁵.
829 3531 1028 3584 Eadem
1067 3530 1204 3584 dicit
1254 3538 1308 3585 et
1342 3530 1512 3583 lsaias
1550 3546 1563 3580 :
1597 3528 1701 3592 Qui
1729 3526 1987 3581 stabilivit
2014 3536 2128 3578 ter-'

520 3639 659 3684 ram,
696 3631 744 3675 et
779 3639 895 3691 qua:
919 3623 970 3675 in
996 3639 1058 3676 ea
1082 3630 1228 3684 sunt,
1257 3620 1513 3688 deditque
1528 3621 1873 3687 spirationem
1899 3616 2113 3687 populo,

518 3716 706 3783 quiest
735 3730 892 3783 super
917 3715 1102 3778 illam,
1136 3723 1184 3766 et
1217 3713 1477 3780 Spiritum
1528 3710 1857 3765 calcantibus
1903 3725 2021 3763 eam
2069 3718 2112 3762 ο.

519 3806 655 3860 Nam
674 3809 766 3876 qui
803 3808 1134 3861 conculcant
1163 3818 1404 3869 terrena,
1429 3805 1609 3873 iisque
1640 3803 1960 3870 superiores
1985 3817 2114 3856 eva-

519 3910 732 3964 serunt,
774 3900 922 3970 digni
962 3899 1242 3968 praidicati
1279 3905 1410 3951 sunt
1447 3897 1595 3950 dono
1638 3894 1880 3965 Spiritus
1911 3893 2112 3947 sancti.

519 3988 690 4054 Quem
723 4005 853 4060 ergo
891 3987 1128 4042 mundus
1171 4002 1371 4056 capere
1416 4002 1523 4040 non
1570 3992 1786 4055 potest,
1833 3983 2040 4053 quique
2085 3998 2116 4037 a

519 4081 654 4136 solis
702 4081 910 4136 sanctis
953 4094 1051 4148 per
1089 4078 1278 4132 cordis
1315 4079 1612 4147 puritatem
1666 4075 1837 4130 videri
1892 4081 2113 4144 potest,

519 4171 736 4240 qualem
765 4186 886 4226 esse
918 4171 1347 4224 existimandum
1393 4179 1501 4234 est,
1539 4177 1632 4222 aut
1680 4169 1873 4238 quales
1910 4167 1988 4221 illi
2022 4167 2117 4221 ho-

521 4277 687 4316 nores
717 4269 1032 4330 compctere
1058 4262 1080 4314 ?

2208 518 2345 588 Υίῷ,
2382 519 2445 571 τὸ
2507 516 2778 586 ὑπερέχον
2837 512 3004 567 αὑτοῦ
3069 514 3168 578 τῆς
3215 511 3433 580 φύσεως
3483 511 3803 580 γνώριμον,

2203 611 2468 666 ἀλλὰκαὶ
2502 610 2561 673 ἐξ
2595 602 2672 663 ὧν
2727 607 2934 677 ὁμοίως
2997 607 3118 659 ἐστὶ
3175 607 3312 674 πρὸς
3372 603 3609 673 θεωρίαν
3666 623 3806 656 uou-

2204 703 2450 771 έφικτον.
2491 704 2557 755 Ἀ
2580 703 2690 772 γὰρ
2708 699 2942 772 περὶτοῦ
2977 697 3188 766 Πατρός
3208 714 3393 765 φησιν,
3424 695 3499 753 ὡς
3531 694 3809 748 ἐπέκεινα

2203 796 2358 858 ὄντος
2386 795 2739 862 ἀνθρωπίνης
2793 783 3032 856 ἑννοίας,
3097 793 3192 843 καὶ
3245 790 3283 842 ἃ
3317 788 3446 858 περὶ
3503 804 3597 840 τον
3636 787 3804 850 Υίοῦ,

2206 890 2380 942 ταῦτα
2409 889 2438 942 ὁ
2471 887 2678 957 Κύριος
2703 887 2797 938 καὶ
2820 886 2949 955 περὶ
2973 884 3066 937 τοῦ
3091 884 3248 950 ἁγίου
3271 881 3593 950 Πνεύματος
3624 879 3808 947 λέγει·

2207 983 2400 1051 Πάτερ
2433 982 2651 1050 δίκαιε,
2688 981 2786 1036 καί
2823 983 2858 1034 ὁ
2911 983 3142 1048 κόσμος
3195 994 3270 1032 σε
3321 979 3432 1030 οὐκ
3474 977 3645 1043 ἔγνω·
3707 973 3810 1026 τὸν

2206 1071 2410 1141 κόσμον
2442 1070 2615 1137 λέγων
2794 1067 2888 1120 νῦν
2931 1069 3050 1136 οὐχὶ
3081 1067 3142 1120 τὸ
3181 1065 3239 1133 ἐξ
3279 1063 3510 1136 ουρανοῦ
3555 1067 3648 1117 καὶ
3691 1063 3806 1131 γῆς

2207 1160 2487 1231 σύστημα,
2532 1157 2668 1212 ἀλλά
2713 1157 2811 1228 τὴν
2861 1157 3125 1228 ἐπίκηρον
3173 1155 3378 1226 ταύτην
3430 1157 3523 1208 καὶ
3571 1154 3806 1224 μυρίαις

2211 1253 2533 1324 μεταϐολαῖς
2594 1249 2965 1320 ὑποκειμένην
3023 1246 3188 1319 ζωήν.
3245 1249 3356 1300 Καὶ
3413 1247 3541 1317 περὶ
3600 1245 3805 1297 ἑαυτοῦ

2204 1343 2604 1414 διαλεγόμενος,
2643 1344 2774 1395 Ἔτι
2797 1339 3014 1410 μικρὸν
3033 1379 3048 1403 ,
3083 1337 3237 1409 φησὶ,
3267 1339 3365 1392 καὶ
3409 1341 3444 1391 ὁ
3472 1339 3699 1406 κόσμος
3721 1353 3809 1406 με

2205 1434 2404 1488 οὐκέτι
2429 1431 2634 1501 θεωρεῖ
2662 1467 2679 1494 ,
2812 1430 2982 1499 ὑμεῖς
3009 1429 3076 1482 δὲ
3102 1427 3370 1496 θεωρεῖτέ
3385 1445 3482 1496 με.
3519 1428 3687 1481 Πάλιν
3712 1428 3797 1479 ἐν·

2204 1525 2382 1578 ταῦθα
2417 1525 2543 1586 τοὺς
2592 1525 2659 1594 τῇ
2708 1523 2866 1592 ὑλικῇ
2921 1522 3014 1574 καὶ
3065 1523 3300 1592 σαρκικῇ
3343 1519 3807 1590 προσδεδεμένους

2207 1615 2342 1688 ζωῇ,
2377 1618 2471 1670 καὶ
2513 1616 2694 1686 μόνοις
2720 1613 3019 1684 ὀφθαλμοῖς
3047 1613 3143 1683 τὴν
3173 1611 3428 1682 ἀλήθειαν
3469 1611 3806 1682 ἐπιτρέπον-

2207 1725 2330 1771 τας,
2360 1707 2562 1776 κόσμον
2580 1704 3021 1776 προσαγορεύων,
3044 1704 3094 1757 οἳ
3118 1707 3184 1775 τῇ
3207 1703 3432 1773 ἀπιστίᾳ
3447 1704 3544 1774 τῆς
3564 1702 3810 1757 ἀναστάο

2209 1817 2347 1863 σεως
2381 1799 2564 1851 οὐκέτι
2597 1798 2822 1868 ἔμελλον
2850 1800 2960 1860 τοῖς
2991 1797 3286 1868 ὀφθαλμοῖς
3316 1796 3417 1866 τῆς
3448 1796 3675 1866 καρδίας
3707 1795 3808 1849 τὸν

2207 1891 2413 1961 Κύριον
2466 1889 2622 1960 ἡμῶν
2673 1889 2918 1958 ὄψεσθαι.
2971 1889 3052 1942 Tit
3098 1889 3156 1942 δὲ
3191 1888 3331 1942 αὐτὰ
3378 1888 3471 1941 καὶ
3520 1887 3650 1958 περὶ
3700 1887 3807 1940 τοῦ

2208 1983 2526 2052 Πνεύματος
2557 1978 2677 2034 εἷπε
2699 1997 2711 2010 ο
2747 1981 2823 2035 Τὸ
2863 1977 3130 2050 Πνεῦμα,
3161 1981 3317 2051 φησὶ,
3347 1979 3456 2047 τῆς
3485 1979 3805 2046 ἀληθείας,

2209 2074 2239 2128 ὃ
2263 2078 2294 2128 ό
2317 2075 2542 2142 κόσμος
2565 2075 2635 2126 οὐ
2662 2071 2913 2126 δύναται
2938 2073 3168 2135 λαϐεῖν,
3193 2073 3280 2127 ὅτι
3306 2076 3377 2128 οὺ
3401 2071 3607 2140 θεωρεῖ
3627 2072 3804 2138 αὐτὸ,

2208 2165 2349 2220 οὐδὲ
2392 2165 2672 2234 γινώσκει
2718 2166 2886 2219 αὑτό.
2931 2165 3115 2234 Ὑμεῖς
3161 2164 3229 2218 δὲ
3271 2164 3595 2234 γινώσκετε
3627 2168 3807 2233 αὐτὸ,

2209 2255 2297 2309 ὅτι
2324 2256 2459 2323 παρ’
2500 2255 2644 2324 ὑμῖν
2671 2256 2858 2326 μένει.
2898 2257 2955 2309 Ὀ
2991 2258 3088 2327 μὲν
3118 2256 3227 2328 γὰρ
3268 2258 3523 2328 σάρκινος
3709 2261 3810 2314 ἄν·

2210 2345 2446 2418 θρωπος,
2499 2346 2845 2416 ἀγύμναστον
2893 2346 3030 2418 ἔχων
3069 2348 3205 2419 πρὸς
3241 2347 3473 2419 θεωρίαν
3517 2350 3610 2403 τὸν
3651 2353 3805 2415 νοῦν,

2211 2437 2411 2507 μᾶλλον
2445 2437 2500 2489 δὲ
2537 2436 2687 2500 ὅλον,
2738 2436 2928 2506 ὥσπερ
2969 2439 3026 2490 ὲν
3061 2436 3328 2508 βορϐόρῳ,
3376 2438 3454 2508 τῷ
3489 2441 3808 2510 φρονήματι.

2207 2529 2306 2599 τῆς
2350 2529 2552 2598 σαρκὸς
2601 2529 3090 2600 κατορωρυγμένον
3141 2529 3324 2601 φέρων
3371 2530 3506 2601 (97),
3549 2531 3812 2586 ἀδυνατεῖ

2209 2620 2345 2690 πρὸς
2383 2619 2443 2672 τὸ
2473 2618 2840 2689 πνευματικὸν
2881 2619 3000 2688 φῶς
3044 2620 3141 2691 τῆς
3184 2619 3443 2690 ἀληθείας
3479 2621 3804 2691 ἀναϐλέψαι.

2211 2711 2300 2762 Διὸ
2325 2709 2354 2760 ὁ
2397 2710 2620 2780 κόσμος,
2661 2712 2975 2776 τουτέστιν,
3008 2712 3040 2782 ἡ
3086 2714 3198 2775 τοῖς
3235 2713 3432 2766 πάθεσι
3458 2713 3561 2783 τῆς
3601 2713 3809 2786 σαρκὸς

2209 2801 2575 2872 δεδουλωμένη
2609 2801 2743 2874 ζωὴ,
2777 2797 2886 2856 οἷον
2929 2803 3202 2873 ὀφθαλμὸς
3229 2805 3463 2876 ἀσθενὴς
3506 2805 3622 2874 φῶς
3646 2805 3811 2876 ἡλια-

2217 2893 2320 2962 κῆς
2360 2894 2612 2958 ἀκτῖνος,
2661 2895 2759 2965 τὴν
2799 2894 2889 2948 τοῦ
2925 2895 3242 2964 Πνεύματος
3281 2897 3439 2968 χάριν
3477 2898 3574 2967 οὐχ
3613 2898 3812 2951 ὑποδέ-

2211 3001 2384 3052 χεται.
2421 2985 2545 3045 Τοῖς
2574 2985 2757 3054 μέντοι
2792 2985 3061 3056 μαθηταῖς
3083 2987 3282 3040 ἑαυτοῦ
3466 2989 3811 3060 ιιαθαρότητα

2213 3073 2361 3143 ζωῆς
2409 3075 2473 3126 ὲκ
2505 3073 2612 3127 τῶν
2645 3074 2990 3145 διδαγμάτων
3029 3077 3194 3130 αὐτοῦ
3243 3081 3599 3152 μαρτυρήσας
3633 3082 3662 3132 ὁ
3691 3077 3813 3132 Κύ-

2218 3181 2361 3233 ριος,
2391 3163 2452 3215 τὸ
2496 3164 2592 3216 καὶ
2621 3165 2934 3228 ὲποπτικοῖς
2973 3167 3072 3237 ἤδη
3124 3163 3264 3221 εἶναι
3311 3170 3406 3222 καὶ
3449 3171 3810 3241 θεωρητικοῖς

2213 3253 2307 3306 τοῦ
2345 3253 2660 3324 Πνεύματος
2699 3255 3041 3312 ἀποδίδωσιν.
3077 3258 3223 3326 Ἤδη
3254 3261 3383 3330 γὰρ,
3417 3262 3604 3330 φησὶν,
3633 3261 3808 3329 ὑμεῖς

2215 3348 2465 3415 καθαροί
2510 3349 2651 3401 ἐστε
2697 3349 2798 3402 διὰ
2827 3349 2934 3403 τὸν
2963 3350 3151 3417 λόγον
3179 3351 3250 3403 ὃν
3287 3351 3605 3418 λελάληκα
3634 3351 3804 3420 ὑμῖν.

2219 3439 2389 3494 Ὅθεν
2421 3443 2454 3493 ὁ
2488 3440 2606 3510 μὲν
2660 3442 2888 3511 κόσμος
2921 3442 2992 3495 οὐ
3035 3440 3284 3495 δύναται
3323 3443 3561 3497 λαϐεῖν’
3595 3445 3668 3498 οὺ
3695 3445 3807 3512 γὰρ

2217 3531 2423 3599 θεωρεῖ
2443 3534 2592 3586 αὑτό
2610 3549 2621 3562 ·
2668 3532 2838 3600 ὑμεῖς
2866 3531 2935 3584 δὲ
2967 3532 3289 3602 γινώσκετε
3321 3533 3468 3587 αὐτὸ
3490 3574 3504 3596 ,
3534 3534 3623 3587 ὅτι
3668 3535 3806 3602 παρ’

2216 3622 2358 3691 ὑμῖν
2393 3623 2583 3692 μένει.
2619 3623 2806 3678 Ταυτά
2843 3624 2990 3691 λέγει
3037 3626 3132 3678 καὶ
3171 3625 3428 3688 Ἡσαΐας*
3474 3626 3536 3679 '0
3560 3625 3809 3696 στερεώ-

2218 3727 2336 3778 σας
2382 3711 2496 3780 τὴν
2535 3711 2651 3782 γῆν
2695 3713 2792 3765 καὶ
2850 3712 2921 3766 τὰ
2963 3713 3032 3766 ἐν
3063 3713 3240 3783 αὐτῇ,
3286 3714 3385 3768 καὶ
3434 3714 3808 3780 διδοὺδιδοὺς

2218 3804 2416 3873 πνοὴν
2454 3804 2534 3869 τῷ
2578 3804 2706 3865 λαῷ
2739 3805 2819 3870 τῷ
2863 3806 2956 3858 ἐπ’
2999 3806 3212 3876 αὐτῆς,
3259 3807 3359 3861 καὶ
3398 3808 3642 3877 Πνεῦμα
3682 3807 3806 3875 τοῖς

2217 3896 2516 3951 πατοῦσιν
2555 3895 2770 3962 αὐτήν.
2807 3899 2870 3951 Οἱ
2917 3897 3025 3970 γὰρ
3060 3900 3499 3963 καταπατοῦντες
3537 3900 3608 3954 τά
3642 3901 3808 3972 γήϊνα

2216 3990 2309 4042 καὶ
2347 3989 2603 4059 ὑπεράνω
2634 3990 2815 4044 αὐτῶν
2839 3991 3145 4058 γενόμενοι,
3179 3994 3320 4059 ἄξιοι
3348 3994 3446 4063 τῆς
3477 3994 3686 4065 δωρεᾶς
3712 3995 3806 4060 τοῦ

2215 4079 2373 4147 ἁγίου
2415 4080 2735 4150 Πνεύματος
2768 4083 3244 4154 μεμαρτύρηνται.
3275 4084 3349 4137 Τὸ
3389 4081 3482 4139 οὖν
3524 4087 3808 4158 ἀχώρητον

2220 4170 2316 4239 μὲν
2344 4169 2422 4240 τῷ
2447 4171 2636 4240 κόσμῳ
2655 4211 2669 4233 ,
2695 4173 2806 4235 τοῖς
2835 4172 3011 4240 ἁγίοις
3035 4173 3093 4226 δὲ
3130 4174 3309 4244 μόνοις
3337 4175 3424 4228 διά
3461 4176 3808 4247 καθαρότητα

2215 4261 2314 4331 τῆς
2345 4262 2574 4333 καρδίας
2619 4263 2911 4334 θεωρητὸν,
2959 4265 3013 4317 τί
3043 4264 3147 4336 χρὴ
3182 4265 3532 4336 νομίζεσθαι,
3563 4269 3595 4339 ἢ
3634 4284 3808 4322 ποτα-
3872 4252 3882 4259 ”

2218 4350 2323 4413 πάς
2476 4351 2640 4421 τιμὰς
2684 4353 3032 4424 συμμέτρους
3070 4355 3336 4426 ὑπάρχειν
3375 4357 3555 4425 αύτῷε

591 4441 660 4496 Ει
712 4442 938 4511 reliqua:
995 4442 1210 4512 quidem
1285 4443 1513 4502 virtutes
1552 4447 1806 4517 isinguire
1871 4447 1926 4502 in
1988 4446 2108 4502 loco

2286 4448 2408 4501 Τῶν
2453 4448 2554 4517 μὲν
2588 4443 2680 4500 οῦν
2743 4447 2919 4501 ἄλλων
2971 4447 3178 4519 ἑκάστη
3243 4449 3528 4518 δυνάμεων
3581 4447 3641 4498 ὲν
3695 4466 3801 4503 πε-

523 4535 940 4604 circumscripto
988 4551 1109 4591 esse
1173 4535 1489 4591 creduntur.
1553 4537 1686 4593 Nam
1727 4541 1955 4608 angelus
2014 4541 2106 4608 qui

521 4630 733 4683 astabat
771 4628 1091 4694 Cornelio’,
1151 4643 1261 4684 non
1317 4629 1372 4684 in
1403 4630 1594 4685 eodem
1646 4641 1926 4687 momento
1965 4641 2108 4690 asta-

520 4720 686 4774 batet
717 4717 966 4788 Philippo
1011 4717 1075 4785 ⁸;
1111 4734 1290 4789 neque
1321 4720 1412 4789 qui
1477 4721 1696 4776 locutus
1754 4729 1839 4777 est
1903 4720 2109 4776 Zacha-

519 4808 616 4862 riae
646 4811 714 4862 ab
768 4809 926 4863 altari
963 4810 1008 4872 ’,
1045 4825 1139 4878 per
1196 4810 1339 4869 idem
1368 4821 1582 4880 tempus
1620 4814 1788 4868 etiam
1848 4813 1901 4867 in
1962 4815 2104 4869 cmlo

520 4914 680 4954 suam
715 4899 976 4968 implebat
1010 4899 1326 4954 stationem.
1362 4902 1434 4954 At
1475 4901 1714 4969 Spiritus
1747 4903 1993 4956 creditur
2024 4904 2104 4958 si-

519 4992 690 5047 mul“
727 5001 781 5046 et
811 4994 870 5048 in
896 4993 1120 5046 Abacue
1144 5002 1197 5046 et
1226 4992 1277 5046 in
1317 4992 1539 5048 Daniele
1571 4993 1622 5046 in
1653 4991 1948 5063 Babylonia
1970 5009 2107 5062 ope-

517 5081 666 5142 rari;
699 5087 754 5133 et
787 5095 910 5134 cum
941 5079 1177 5136 Jeremia
1213 5082 1266 5135 in
1283 5083 1628 5136 catarrliacla
1658 5082 1794 5147 “,et
1825 5098 1947 5138 cum
1977 5085 2107 5140 Eze—

516 5172 692 5227 chiele
721 5187 887 5240 super
916 5172 1134 5226 Chobar
1151 5175 1357 5228 versari
1382 5174 1444 5228 ".
1477 5173 1710 5242 Spiritus
1732 5176 1871 5228 enim
1895 5175 2109 5230 Domini

519 5263 737 5334 replevit
775 5264 949 5316 orbem
1013 5273 1282 5318 terrarum
1305 5265 1482 5329 “;et,
1535 5265 1654 5332 Quo
1685 5266 1768 5320 ibo
1805 5284 1839 5322 α
1895 5267 2110 5336 Spiritu

519 5363 632 5418 tuo,
659 5361 706 5404 et
727 5368 758 5404 a
792 5351 930 5420 facie
960 5360 1053 5405 tua
1081 5369 1183 5422 quo
1209 5354 1412 5423 fugiam
1437 5355 1521 5408 ⁸δῖ
1550 5356 1617 5410 Et
1651 5358 1935 5428 propheta.
1960 5359 2109 5424 Quo-

519 5444 660 5497 niam
685 5459 778 5512 ego
812 5442 1076 5496 vobiscum
1101 5459 1237 5508 sum,
1271 5445 1404 5500 dicit
1442 5445 1748 5504 Dominus:
1785 5459 1834 5506 et
1867 5449 2103 5522 Spiritus

2215 4541 2513 4613 ριγράπτῳ
2561 4541 2713 4612 τόπῳ
2745 4541 3037 4611 τυγχάνειν
3071 4542 3458 4597 πεπίστευται.
3500 4541 3562 4594 Ὃ
3587 4541 3695 4614 γὰρ
3721 4544 3802 4614 τῷ

2213 4633 2501 4701 Κορνηλίῳ
2559 4633 2788 4696 ἐπιστὰς
2822 4633 3058 4700 ἄγγελος
3117 4634 3218 4687 οὐκ
3266 4630 3336 4704 ἦν
3370 4639 3428 4688 ὲν
3459 4636 3646 4705 ταυτῷ
3703 4638 3801 4690 καὶ

2209 4723 2363 4792 παρά
2391 4723 2468 4792 τῷ
2501 4725 2776 4794 Φιλίππῳ,
2807 4725 2931 4777 οὐδὲ
2959 4727 2987 4778 ὁ
3009 4726 3119 4779 ἀπὸ
3156 4727 3252 4781 τοῦ
3283 4728 3675 4798 θυσιαστηρίου
3721 4729 3800 4798 τῷ

2212 4815 2464 4885 Ζαχαρία
2487 4816 2872 4886 διαλεγόμενος
2901 4821 3046 4872 κατά
3077 4821 3168 4873 τὸν
3199 4821 3368 4874 αὐτὸν
3400 4822 3597 4890 καιρὸν
3623 4822 3713 4875 καὶ
3736 4824 3795 4873 ἐν

2218 4907 2437 4978 οὐρανῷ
2469 4909 2574 4978 τὴν
2635 4911 2846 4964 οἰκείαν
2883 4912 3077 4965 στάσιν
3139 4913 3409 4984 ἐπλήρου.
3477 4914 3552 4966 Τὸ
3611 4911 3793 4983 μέντοι

2218 4997 2447 5067 Πνεῦμα
2481 4999 2616 5068 ὁμοῦ
2648 5019 2710 5054 τε
2742 5003 2801 5055 ἐν
2848 5002 3172 5072 Ἀϐϐακοῦμ
3199 5004 3445 5072 ἐνεργεῖν
3471 5004 3568 5056 καὶ
3601 5006 3655 5057 ὲν
3697 5003 3801 5056 Δα-

2219 5091 2342 5160 νιὴλ
2377 5092 2468 5145 ἐπὶ
2506 5093 2605 5162 τῆς
2653 5093 3005 5159 Βαϐυλωνίας
3060 5096 3448 5151 πεπίστευται·
3513 5098 3609 5150 καὶ
3633 5098 3690 5149 ὲν
3721 5095 3801 5164 τῷ

2223 5182 2580 5255 καταρράκτῃ
2615 5180 2758 5238 εἶναι
2803 5186 2945 5255 μετά
3012 5187 3306 5257 Ἱερεμίου,
3338 5187 3432 5240 καὶ
3468 5189 3606 5257 μετά
3637 5186 3801 5249 Ἰεζε-

2219 5273 2344 5345 κιὴλ
2373 5276 2468 5328 ἐπὶ
2501 5276 2596 5332 τοῦ
2619 5277 2826 5348 Χοϐἀρ.
2855 5278 3102 5347 Πνεῦμα
3141 5279 3255 5348 γὰρ
3293 5281 3516 5348 Κυρίου
3566 5276 3800 5342 πεπλή-

2211 5384 2372 5435 ρωκε
2399 5368 2514 5436 τὴν
2547 5370 2930 5439 οικουμένην·
2958 5371 3076 5436 καὶ,
3103 5370 3227 5425 Ποῦ
3259 5369 3531 5440 πορευθῶ
3544 5370 3664 5425 ἀπὸ
3691 5368 3799 5422 τοῦ

2217 5461 2566 5530 Πνεύματός
2591 5476 2729 5530 σου,
2763 5461 2864 5516 καὶ
2895 5463 3016 5518 ἀπὸ
3051 5463 3160 5520 τοῦ
3187 5464 3516 5534 προσώπου
3533 5479 3652 5520 σου
3679 5461 3798 5516 ποῦ

600 5599 969 5687 ’.Ιοοιιλχνιῃ
1003 5600 1190 5687 ‘25.M'
1218 5602 1376 5687 Joan.
1413 5620 1522 5672 xxv,
1728 5607 1906 5687 fibid.
1951 5607 2039 5663 17.
2116 5607 2444 5687 δξοαηεχιξ,
2489 5618 2537 5671 5.
2609 5614 2631 5646 ⁸
2661 5614 2818 5670 Joan.
2851 5631 2963 5684 xxv,
3007 5616 3093 5674 l7.
3173 5617 3193 5648 °
3221 5620 3304 5675 lsa
3332 5621 3538 5687 xut,5.
3617 5620 3638 5652 "
3665 5619 3790 5678 Act.

523 5675 672 5749 κρέ’).
745 5673 766 5703 ⁸
799 5675 920 5749 A_ct.
959 5689 1072 5749 vui,
1103 5673 1194 5749 26.
1267 5675 1286 5704 ⁹
1329 5675 1461 5730 an.
1489 5693 1532 5749 I1
1568 5677 1655 5732 14.
1734 5679 1777 5710 ¹⁰
1805 5681 1940 5736 Dan.
1995 5696 2108 5749 xw,
2158 5681 2252 5737 55.

527 5739 571 5770 ¹³
596 5742 784 5805 Sap.t,
827 5746 878 5797 7.
957 5746 999 5776 ιδ
1027 5747 1169 5800 i'sal.
1207 5759 1464 5812 cxxxvm,
1504 5747 1558 5801 7.

2332 5685 2372 5716 “
2399 5683 2604 5742 Jcrem.
2642 5702 2734 5755 xx,
2779 5688 2836 5756 2,
2883 5683 3026 5758 apud
3088 5687 3255 5748 LXX.
3336 5693 3377 5726 ³³
3403 5683 3606 5748 smn.
3642 5706 3699 5759 ν,
3739 5691 3790 5749 l.

3687 296 3805 358 ’ῖτῦ
3896 287 3901 289 ‘
