4082 6384
371 344 478 411 777

1350 350 1723 423 PANOI’LIA
1768 347 2225 412 DOGMATICA.
2272 376 2336 385 -
2371 352 2516 410 ΤΙΤ.
2553 352 2684 413 ΧΗ.

3552 363 3661 425 778

370 468 580 531 spurco;
618 459 715 512 καὶ
766 461 794 511 ὁ
855 459 1165 527 προφίτης·
1228 462 1384 513 Διότι
1448 460 1565 529 ἐγὼ
1642 460 1774 529 μεθ’
1807 459 1968 530 ὑμῶν

2080 479 2224 515 meus
2255 472 2364 515 stat
2399 464 2449 515 in
2475 464 2647 518 medio
2670 466 2827 519 vestri
2893 466 2925 517 '.
2966 466 3099 521 Eum
3137 483 3265 523 vero
3318 471 3411 541 qui
3442 476 3648 546 tibique

371 558 509 623 ειμι,
535 552 702 622 ,λέγει
731 553 971 620 Κύριοςο
1001 552 1098 606 καὶ
1128 552 1195 606 τὸ
1246 553 1490 620 Πνεῦμά
1535 571 1653 623 μου
1703 552 1965 623 ἐφέστη-

382 664 493 701 κεν
523 646 594 700 ἐν
612 646 783 715 μέσῳ
818 645 1010 715 ὑμῶν.
1071 646 1146 698 1'2.
1174 645 1232 699 δὲ
1283 645 1561 715 πανταχοῦ
1589 643 1674 709 δν,
1704 645 1797 698 καὶ
1848 643 1972 710 Θεῷ

375 740 693 809 συμπαρὺν.
722 740 823 807 τῆς
862 740 1023 802 ποίας
1076 739 1349 810 προσήκει
1407 739 1662 808 νομίζειν
1709 737 1966 806 φύσεως;

372 833 476 903 τῆς
507 832 688 887 πάντα
711 831 1102 901 περιεχοΰσης,
1151 833 1183 902 ἥ
1222 833 1320 900 τῆς
1369 835 1621 903 μερικοϊς
1677 834 1965 902 ἐμπεριειο

374 920 669 992 λημμένεης
684 921 926 991 χωρίοις,
947 922 1141 975 ὁποίαν
1167 921 1269 991 τὴν
1318 922 1427 976 τῶν
1477 922 1729 991 ἀγγέλων
1754 923 1780 974 ό
1813 921 1971 989 λόγος

375 1015 583 1081 ἔδειξεν
614 1030 629 1081 ;
666 1012 809 1067 Ἀλλ’
826 1014 929 1067 οὐκ
946 1013 1015 1066 ἄν
1030 1032 1114 1077 τις
1143 1013 1312 1069 είποι.
1340 1015 1415 1068 Τὸ
1450 1010 1549 1069 οὖν
1574 1016 1723 1069 θεῖον
1771 1016 1836 1085 τῇ
1866 1013 1969 1083 φύς

378 1124 489 1173 σει,
522 1109 584 1163 τὸ
613 1106 904 1177 ἁχώρητον
957 1106 1038 1177 τῷ
1069 1108 1313 1177 μεγέθει,
1369 1110 1430 1161 τὸ
1476 1107 1711 1161 δυνατὸν
1764 1108 1822 1161 ὲν
1852 1109 1970 1170 ταῖς

375 1199 710 1267 ἐνεργείαις,
744 1198 804 1250 τὸ
832 1199 1038 1266 ἀγαθὸν
1064 1199 1125 1252 ιν
1150 1203 1270 1262 ταῖς
1302 1200 1648 1269 εὐεργεσίαις
1680 1200 1753 1269 μὴ
1786 1198 1972 1268 ὑπερη-

377 1290 709 1360 υτζρώσομενς
755 1291 830 1361 μὴ
852 1290 1159 1359 δοξασομεν
1187 1308 1201 1357 ;

376 1406 509 1461 Ὀτι
541 1406 863 1474 δοξολογία
882 1381 1241 1480 -Πηεύῖιατός
1275 1410 1449 1463 ἐστιν
1479 1410 1516 1477 ἠ
1552 1411 1670 1465 τῶν
1700 1420 1972 1480 προσόν-ο

594 1494 718 1531 των
750 1477 913 1543 αὐτῷ
947 1478 1378 1547 ἀπαρίθμησις.
1416 1484 1640 1552 Κεςὰλ.
1678 1477 1786 1555 κγ’.

460 1573 603 1638 Ἐγὼ
644 1572 703 1624 δὲ
745 1572 865 1624 οὐδὲ
910 1572 1040 1625 ἄλλο
1078 1590 1130 1624 τι
1169 1576 1267 1638 τὴν
1307 1575 1464 1642 δόξαν
1504 1578 1745 1648 τίθεμαι,
1786 1583 1817 1651 ἢ
1864 1585 1973 1635 τῶν

381 1666 694 1733 προσόντων
720 1662 869 1733 αὐτῷ
895 1662 1194 1731 θαυμάτων
1218 1664 1317 1734 τὴν
1342 1665 1724 1737 ἐξαρίθμησιν.
1748 1671 1909 1724 Ὥστε
1936 1670 1969 1743 ἢ

380 1755 504 1808 οὐδὲ
544 1754 860 1823 μεμνῆσθαι
897 1756 1050 1824 ἡμᾶς
1081 1755 1193 1807 τῶν
1227 1756 1357 1827 παρ’
1384 1758 1549 1812 αὐτοῦ
1592 1760 1813 1828 ἀγαθῶν
1846 1764 1970 1815 ἑπι-

2072 565 2177 621 est,
2201 570 2266 611 ac
2292 570 2399 611 una
2433 572 2553 612 cum
2584 557 2694 612 Deo
2728 559 2907 623 adest,
2935 561 3095 630 cujus
3130 578 3258 619 csse
3287 574 3501 623 natura
3529 585 3648 624 cre-

2072 649 2202 705 dere
2227 649 2487 718 Oportet?
2528 658 2713 704 utrum
2756 653 2940 705 omnia
2962 654 3409 723 complectentis,
3434 675 3503 714 an
3536 676 3664 731 par-

2072 744 2394 801 ticularibus
2419 752 2641 801 arctatte
2676 746 2841 813 locis,
2870 747 3088 816 qualem
3115 764 3237 804 esse
3267 760 3523 807 naturam
3557 771 3662 809 an-

2072 836 2317 906 gelorum
2356 845 2504 907 patet
2523 852 2587 892 ex
2621 837 2833 892 dictis?
2864 837 3062 893 Verum
3103 841 3205 896 hoc
3235 842 3437 898 dixerit
3473 824 3657 901 nemo.

2074 929 2244 998 Igitur
2278 930 2371 1001 qui
2401 938 2595 985 natura
2627 930 2848 987 divinus
2876 942 2980 997 est,
3025 935 3121 1002 qui
3165 936 3543 1006 magnitudine
3573 938 3659 994 in-

2073 1023 2523 1093 comprehensus,
2555 1024 2648 1094 qui
2718 1033 2911 1094 potens
2944 1028 2995 1079 iu
3061 1030 3494 1097 operationibus,
3560 1034 3654 1103 qui

2072 1116 2252 1170 bonus
2283 1116 2334 1171 in
2365 1116 2766 1181 beneﬂcentiis.
2800 1118 2945 1173 hunc
2976 1134 3085 1173 non
3122 1135 3287 1191 supra
3325 1124 3548 1178 modum
3575 1126 3657 1180 ef-

2075 1206 2349 1261 feramus?
2373 1222 2479 1261 non
2518 1223 2683 1277 supra
2715 1209 2936 1262 modum
2970 1209 3444 1277 gloriﬁcabimus?

2076 1413 2351 1484 Ejusdem.
2374 1414 2610 1472 Gloriam
2634 1413 2865 1484 Spiritus
2883 1431 2994 1471 esse
3011 1419 3458 1472 enumerationem
3477 1434 3659 1473 eorum

2430 1503 2549 1555 qua
2582 1488 2684 1553 ipsi
2725 1488 2948 1540 adsunt.
2987 1486 3161 1557 Caput
3198 1488 3290 1542 25.

2147 1579 2259 1651 Ego
2291 1594 2419 1634 vero
2474 1580 2610 1635 nihil
2667 1580 2814 1635 aliud
2849 1594 2973 1635 esse
3033 1580 3260 1650 gloriam
3292 1594 3511 1646 censeo,
3550 1577 3663 1635 nisi

2080 1690 2289 1738 rerum,
2319 1687 2443 1743 qua:
2483 1673 2585 1743 ipsi
2629 1674 2851 1739 adsunt,
2913 1672 3325 1728 admirabilium
3365 1687 3660 1731 enumera-

2080 1772 2302 1823 tionem.
2368 1766 2739 1833 Quamobrem
2796 1768 2885 1822 isti
2918 1776 3010 1822 aut
3042 1783 3151 1823 non
3191 1770 3531 1840 permutem,
3604 1782 3661 1825 ut

376 1846 635 1910 τάξουσιν
661 1839 843 1911 οὗτοι,
874 1845 906 1915 ἢ
939 1844 1159 1909 πάντως
1186 1851 1219 1915 ή
1253 1848 1362 1902 τῶν
1392 1850 1707 1919 προσόντων
1736 1852 1968 1918 διέξοδος

2076 1860 2366 1926 bonorum,
2422 1873 2541 1929 quae
2572 1860 2640 1914 ab
2679 1858 2800 1930 ipso
2842 1830 3286 1930 proficiscuntur,
3343 1864 3657 1918 memineri-

375 1940 477 2007 τῆς
514 1939 783 2008 μεγίστης
826 1940 943 1991 ἔστι
986 1940 1295 2009 δοξολογίας
1337 1941 1640 2012 πλήρωσις.
1686 1944 1821 1997 Οὐδὲ
1862 1946 1968 2016 γὰρ

2071 1965 2217 2015 mus,
2251 1960 2345 2006 aut
2365 1966 2555 2006 eorum
2590 1952 2749 2020 plane
2779 1968 2900 2021 qure
2934 1954 3009 2007 illi
3068 1952 3289 2020 adsunt,
3313 1958 3657 2011 enumeratio

376 2028 471 2081 τδν
502 2029 636 2081 Θεὸν
668 2031 766 2081 καὶ
799 2030 1021 2101 Πατέρα
1050 2032 1144 2084 τοῦ
1182 2032 1388 2102 Κυρίου
1427 2034 1584 2103 ἡμῶν
1618 2035 1796 2104 Ἰησοῦ
1833 2037 1968 2106 Χρισ

2073 2042 2326 2097 maximae
2351 2043 2538 2113 gloriae
2567 2053 2651 2098 est
2680 2044 2975 2104 absolutio.
3044 2044 3496 2117 Quandoquidem
3549 2063 3652 2103 nec

378 2121 539 2187 στοῦ,
576 2122 672 2173 καὶ
703 2124 795 2175 τὸν
834 2125 1099 2194 μονογενῆ
1140 2124 1310 2178 αὐτοῦ
1346 2126 1474 2179 Υίὸν
1510 2126 1684 2188 ἄλλως
1726 2127 1968 2193 δοξάζειν

2075 2136 2244 2191 Deum
2305 2145 2360 2192 et
2419 2135 2635 2190 Patrem
2690 2136 2904 2191 Domini
2940 2137 3113 2192 nostri
3143 2137 3270 2192 Jesu
3313 2138 3541 2200 Clu-isti,
3600 2153 3657 2194 et

376 2213 600 2284 ἔχομεν,
635 2214 668 2285 ἢ
708 2214 769 2266 τὸ
806 2217 945 2268 κατὰ
984 2233 1081 2287 την
1124 2218 1405 2286 ἡμετέραν
1443 2217 1674 2287 δύναμιν
1713 2219 1968 2286 διεξιέναι

2077 2229 2416 2299 unigenitum
2447 2230 2592 2283 illius
2611 2227 2832 2288 Filium,
2869 2228 3024 2283 aliter
3059 2243 3352 2296 possumus
3374 2229 3653 2299 gloriﬁca-

378 2305 545 2358 αὐτοῦ
574 2306 641 2360 τὰ
671 2307 947 2378 θαύματα.

385 2501 738 2581 Τοῇ-αὺτοῦ.
778 2506 1071 2581 Ἔλεγχος
1095 2508 1206 2579 τῆς
1243 2512 1495 2579 ἀτοπίας
1525 2510 1643 2566 τῶν
1662 2512 1747 2581 μὴ
1780 2512 1962 2575 δοξα-

451 2570 694 2650 ζόντῃο
737 2577 822 2650 τὸ,
844 2570 1086 2649 Πνεῦμα
1112 2570 1196 2634 t5"
1211 2584 1324 2649 τῆς
1347 2570 1496 2649 πρὸξ-
1524 2585 1598 2636 τὰ
1621 2570 1690 2636 ἐῦ·
1727 2570 1801 2650 τῇ
1834 2570 1960 2635 xtl-

445 2657 542 2695 σοι
564 2642 837 2708 δοξαστὰ
860 2642 1279 2719 παραθέσεως.
1297 2642 1528 2721 Κεᾷεάξι.
1562 2651 1670 2707 κδ’.

455 2726 589 2784 Εἶτα
631 2732 759 2806 δόξῃ
795 2737 896 2804 μὲν
947 2739 1036 2791 καὶ
1092 2743 1225 2811 τιμῇ
1281 2743 1658 2811 ἐστεφάνωται
1718 2744 1747 2798 ὀ
1782 2742 1960 2806 κοινὸς

380 2824 671 2899 ἄνθρωπος
695 2828 791 2900 (8),
814 2829 907 2883 καὶ
932 2828 1060 2895 δόξα
1087 2830 1179 2884 καὶ
1205 2831 1339 2902 τιμὴ
1362 2834 1456 2887 καὶ
1485 2834 1676 2907 είρήνη
1811 2842 1971 2893 παντὶ

360 2916 463 2997 ¹’τῷ
506 2918 748 2972 ποιοῦντι
788 2919 848 2971 τὸ
894 2921 1097 2988 ἀγαθὸν
1146 2924 1203 2974 ὲν
1250 2924 1604 2992 ἐπαγγελίαις
1653 2927 1962 2983 ἀπόκειται.

2083 2339 2161 2387 re,
2199 2324 2301 2380 nisi
2339 2339 2436 2393 pro
2467 2322 2675 2378 viribus
2716 2335 2938 2391 operam
2972 2322 3189 2386 demus,
3222 2329 3280 2374 ut
3306 2320 3427 2390 ejus
3489 2321 3657 2376 mira-

2078 2413 2197 2468 cula
2226 2427 2639 2468 recenseamus.

2072 2506 2351 2574 Eiusdem.
2375 2506 2697 2577 Redargutio
2724 2507 3073 2560 absurditatis
3101 2519 3280 2560 eorum
3301 2503 3395 2574 qui
3413 2519 3514 2577 non
3539 2474 3656 2573 glo-

2143 2579 2351 2646 riﬁcant
2379 2576 2661 2645 Spiritum,
2683 2594 2748 2632 ea:
2773 2578 3058 2631 collatione
3077 2591 3260 2629 eorum
3282 2589 3400 2643 quae
3419 2576 3473 2627 in
3490 2590 3650 2628 crea-

2143 2653 2274 2701 turis
2303 2653 2479 2719 glort‘u
2512 2649 2832 2716 afﬁciuntur.
2869 2648 3041 2715 Caput
3073 2646 3166 2701 24.

2143 2741 2347 2801 Deinde
2415 2756 2545 2795 vero
2606 2740 2777 2811 gloria
2845 2750 2900 2794 et
2954 2742 3163 2796 honore
3220 2749 3514 2794 coronatus
3568 2745 3658 2792 est

2065 2834 2297 2906 quilibet
2326 2832 2512 2896 homo,
2546 2837 2601 2885 et
2631 2829 2804 2899 gloria
2831 2836 2886 2883 et
2914 2828 3092 2883 honor
3123 2835 3180 2883 et
3218 2842 3324 2897 pax
3362 2828 3538 2883 cuivis
3568 2826 3649 2881 fa-

2069 2923 2236 2980 cienti
2266 2922 2471 2977 bonum
2510 2921 2531 2951 ¹
2565 2919 2621 2973 in
2652 2919 2943 2989 promissis
2970 2919 3209 2988 reposita
3241 2928 3391 2975 sunt.
3427 2917 3524 2974 Est
3550 2933 3650 2972 au-

388 3008 547 3060 Ἐστι
599 3007 657 3061 δέ
709 3026 793 3072 τις
846 3010 938 3063 καὶ
989 3011 1133 3074 ἰδίως
1189 3011 1283 3064 τοῦ
1331 3014 1547 3084 Ἰσραὴλ
1590 3016 1749 3082 δόξαο
1802 3012 1877 3071 ὧν
1931 3023 1963 3092 ἡ

2073 3025 2182 3072 tem
2208 3024 2263 3071 et
2298 3014 2593 3086 peculiaris
2629 3012 2876 3083 quaedam
2907 3012 3190 3067 lsraelitici
3235 3011 3419 3081 populi
3453 3011 3651 3081 gloria,

385 3102 648 3167 υἱοθεσία,
684 3104 837 3173 φησὶ,
867 3105 959 3172 καὶ
990 3107 1023 3176 ἡ
1052 3105 1197 3169 δόξα,
1225 3107 1320 3159 καὶ
1354 3109 1386 3177 ἡ
1426 3107 1670 3177 λατρεία.
1705 3110 1814 3163 Καὶ
1839 3113 1969 3165 ἑαυ-

385 3193 481 3247 τοῦ
514 3210 633 3247 τινα
659 3194 813 3258 δόξαν
862 3196 890 3247 ὁ
916 3196 1219 3265 Ψαλμῳδὸς
1250 3197 1429 3265 λέγει·
1465 3200 1643 3253 Ὅταν
1672 3201 1840 3271 ψάλῃ
1872 3219 1971 3256 σοι

384 3285 426 3351 ἡ
476 3284 628 3348 δόξα
679 3301 829 3353 μου·
889 3286 984 3338 καὶ
1040 3286 1229 3340 πάλιν·
1274 3289 1665 3359 Ἐξετέρθητι,
1721 3294 1759 3361 ἡ
1817 3293 1970 3359 δόξα

381 3392 524 3445 μου.
560 3376 716 3428 Ἔστι
745 3374 802 3428 δέ
836 3393 921 3439 τις
1092 3377 1217 3442 δόξα
1240 3379 1417 3450 ἡλίου,
1448 3382 1543 3434 καὶ
1584 3383 1846 3455 σελήνης,
1872 3388 1969 3438 καὶ

386 3465 663 3536 ἀστέρων
713 3465 855 3519 κατὰ
897 3465 955 3520 δὲ
1005 3466 1097 3521 τὸν
1138 3468 1460 3523 Ἀπόστολον
1510 3471 1605 3523 καὶ
1645 3472 1678 3542 ή
1728 3473 1968 3527 διακονία

385 3557 487 3625 τῆς
518 3557 895 3626 κατακρίσεως
922 3558 1010 3612 διὰ
1037 3558 1213 3629 δόξης.
1244 3560 1527 3615 Τοσούτων
1551 3558 1646 3616 οὖν
1680 3563 1968 3635 δοξαζομέ-

387 3665 516 3710 νων,
544 3648 606 3700 τὸ
638 3647 860 3718 Πνεῦμα
896 3649 1054 3719 μόνον
1093 3649 1202 3703 τῶν
1228 3651 1448 3704 πάντων
1496 3651 1790 3716 ἀδόξαστον
1826 3650 1969 3707 εἶναι

392 3739 607 3809 βούλεις
671 3739 927 3807 Καίτοιγε
983 3739 1044 3796 Ἠ
1099 3740 1373 3797 διακονία
1430 3743 1539 3797 τοῦ
1599 3746 1967 3815 Πνεύματος,

390 3830 576 3901 φησὶν,
609 3829 782 3884 ἐστιν
809 3830 879 3883 ἐν
905 3828 1077 3899 δόξῃ.
1121 3832 1246 3897 Πῶς
1297 3829 1391 3887 οὖν
1436 3834 1567 3888 αὐτὸ
1614 3836 1832 3901 ἀνάξιον
1873 3838 1967 3891 τοῦ

389 3919 707 3987 δοξάζεσθαι
758 3940 773 3987 ;
948 3923 1060 3978 Καὶ
1102 3924 1311 3996 μεγάλη
1367 3925 1465 3995 μὲν
1516 3928 1548 3997 ἡ
1588 3926 1712 3993 δόξα
1759 3926 1855 3981 τοῦ
1891 3929 1968 3981 δι-

391 4012 567 4075 καίου,
600 4011 740 4065 κατὰ
770 4010 862 4064 τὸν
893 4005 1227 4081 Ψαλμῳδόνσ
1265 4008 1393 4073 δόξα
1428 4008 1484 4062 δὲ
1511 4007 1601 4061 τοῦ
1633 3997 1967 4075 Πνεύματος,

386 4103 529 4155 κατὰ
571 4102 653 4165 σὲ,
697 4100 944 4170 οὐδεμία.
994 4100 1120 4163 Πῶς
1162 4096 1255 4152 οὖν
1295 4099 1356 4151 οὐ
1403 4097 1668 4170 πρόδηλος
1718 4098 1746 4148 ὁ
1793 4093 1971 4148 κίνδυο

384 4208 474 4254 νος
524 4193 587 4243 ὲκ
632 4193 742 4244 τῶν
783 4192 1042 4245 τοιούτων
1079 4190 1255 4260 λόγων
1290 4190 1389 4261 τὴν
1426 4191 1664 4259 ἄφυκτον
1699 4186 1970 4258 ἁμαρτίαν

383 4286 469 4352 ἐφ’
498 4284 720 4348 ἑαυτοὺς
755 4284 1124 4349 Extenderem;
1152 4286 1214 4338 El
1234 4286 1264 4336 ὁ

380 4374 482 4444 τῆς
517 4375 860 4446 δικαιοσύνης
904 4376 1083 4446 ἔργων
1123 4376 1429 4446 ἄνθρωπος,
1469 4374 1561 4426 καὶ
1598 4374 1723 4434 τοῦς
1770 4368 1969 4438 φοὸου-

383 4468 579 4537 μένους
623 4468 715 4521 τὸν
768 4468 970 4539 Κύριον
1019 4465 1269 4533 δοξάζει,
1317 4464 1571 4518 τοσούτου
1626 4463 1692 4517 ἂν
1744 4465 1854 4517 δέοι
1910 4465 1970 4519 τὸ

380 4559 607 4629 Πνεῦμα
644 4560 745 4630 τῆς
791 4560 1146 4629 ὀφειλομένης
1186 4558 1342 4628 δόξης
1384 4558 1728 4626 ἀποστερεῖν.
1766 4558 1969 4624 Ἔστω,

379 4652 519 4722 φησὶ
567 4689 584 4715 ,
747 4648 1036 4719 δοξαστὸν,
1084 4651 1196 4705 ἀλλ’
1248 4652 1369 4721 οὐχὶ
1422 4649 1559 4721 μετὰ
1619 4649 1833 4714 Πατρὸς
1878 4651 1972 4703 καὶ

378 4742 534 4794 Υίοῦ.
561 4744 671 4796 Καὶ
696 4744 821 4797 τίνα
848 4744 962 4815 ἔχει
987 4744 1142 4811 λόγον
1177 4744 1373 4814 ἑτέραν
1403 4742 1587 4813 χώραν
1621 4743 1858 4795 ἐπινοεῖν
1892 4741 1972 4813 τῷ

378 4834 678 4904 Πνεύματι,
725 4837 823 4908 τὴν
862 4836 1016 4909 παρὰ
1060 4836 1154 4889 τοῦ
1185 4835 1389 4906 Κυρίου
1435 4836 1775 4905 τεταγμένην
1803 4851 1971 4887 κατα-

377 4926 652 4991 λιπόντας,
708 4931 801 4984 καὶ
839 4929 937 4998 τῆς
977 4927 1120 4981 κατὰ
1158 4928 1255 4998 τὴν
1304 4927 1462 4994 δόξαν
1509 4928 1793 4991 κοινωνίας
1835 4928 1971 4980 ἀπο-

380 5021 593 5090 στερεῖν
636 5020 698 5073 τὸ
740 5020 1014 5091 πανταχοῦ
1056 5006 1467 5090 ωναναληφθὲν
1636 5024 1697 5091 τῇ
1733 5020 1967 5091 θεότητι,

376 5112 438 5163 ὲν
471 5114 540 5181 τῇ
578 5113 839 5182 ὁμολογίᾳ
877 5112 979 5181 τῆς
1023 5112 1277 5175 πίστεως,
1318 5114 1375 5164 ὲν
1400 5111 1476 5182 τῷ
1508 5112 1845 5182 βαπτίσμαῖι
1874 5113 1970 5183 τῆς

377 5202 842 5273 ἀπολυτρώσεως,
890 5206 949 5257 ἐν
995 5205 1063 5274 τῇ
1101 5203 1356 5274 ἐνεργείᾳ
1393 5204 1503 5256 τῶν
1552 5204 1865 5273 δυνάμεων,
1912 5206 1970 5258 ἐν

376 5297 446 5363 τῇ
470 5297 747 5364 ἐνοικήσει
775 5297 884 5349 τῶν
920 5296 1110 5364 ἁγίων,
1149 5297 1207 5349 ὲν
1234 5298 1353 5360 ταῖς
1390 5298 1470 5359 είς
1508 5295 1569 5349 τὸ
1604 5297 1845 5367 ὑπήκοον
1874 5297 1969 5365 χά-

379 5403 558 5455 ρισιν;
605 5387 743 5440 Οὐδὲ
784 5389 895 5458 γάρ
949 5390 1098 5441 ἔστιν
1147 5389 1284 5451 ὅλως
1330 5388 1509 5459 δωρεά
1553 5405 1635 5451 τις
1696 5386 1824 5441 ἄνευ
1875 5384 1969 5441 τοῦ

374 5478 535 5545 ἁκγίου
562 5478 879 5548 Πνεῦματος
907 5480 988 5542 είς
1028 5479 1125 5548 τὴν
1166 5482 1342 5534 κτίσιν
1382 5480 1790 5551 ἀφικνουμένηο
1834 5479 1969 5533 ὅπου

453 5668 465 5681 ·
504 5668 635 5719 ngg.
673 5668 729 5711 It.
759 5670 811 5717 ἑ),
843 5668 895 5706 υ.
974 5668 992 5684 ¹
1036 5668 1191 5707 “0m.
1226 5669 1283 5715 tl,
1321 5668 1403 5709 ιυ.
1438 5716 1443 5719 _
1484 5668 1502 5686 ⁸
1540 5668 1694 5709 lium.

376 5721 464 5775 ⁷11
515 5722 640 5775 (ζειν.
692 5737 770 5783 ut,
818 5722 869 5775 9.
947 5723 967 5753 ⁸
1003 5723 1135 5776 ibid.
1168 5725 1221 5777 8.
1300 5725 1319 5757 ’
1354 5724 1493 5780 Psul.
1528 5745 1614 5785 xx.
1658 5729 1707 5782 6.

704 5814 970 5873 ΡΑτιιοι..
1017 5815 1135 5873 Gn.
1180 5816 1278 5873 CX
1298 5817 1437 5877 XX.

623 5690 635 5703 .
673 5667 729 5711 It.
759 5652 811 5717 Ei,
843 5654 895 5706 6.
973 5654 992 5684 ’
1036 5652 1191 5707 Rom.
1226 5669 1283 5715 tt,
1321 5655 1403 5709 10.
1438 5716 1443 5719 _
1484 5656 1502 5686 ³
1540 5656 1694 5709 Rom.
1741 5675 1817 5721 ιτ,
1864 5660 1906 5712 ί.

2071 5663 2180 5715 ’sal.
2218 5677 2365 5722 xxiv,
2404 5662 2482 5715 13.
2562 5664 2579 5693 ⁵
2626 5663 2761 5715 l‘sal.
2796 5668 2926 5717 cm.
2954 5658 3007 5709 2.

2073 3121 2332 3176 quorum,
2362 3106 2561 3174 inquit,
2594 3113 2679 3160 est
2710 3104 2928 3172 adoptio
2959 3112 3013 3159 et
3042 3104 3215 3173 gloria
3249 3111 3302 3157 ct
3328 3104 3543 3157 cultura
3582 3105 3602 3135 '
3634 3119 3650 3159 :

2075 3206 2129 3253 et
2187 3214 2343 3254 suam
2402 3199 2575 3267 ipsius
2627 3198 2851 3267 gloriam
2911 3196 3201 3265 quamdam
3259 3202 3652 3250 commemorat

2076 3289 2417 3345 Psalmorum
2472 3297 2665 3343 cantor
2719 3306 2733 3342 :
2781 3287 2921 3340 Dum
2978 3287 3270 3341 cantavcrit
3327 3285 3422 3339 tibi
3474 3285 3651 3357 gloria

2076 3396 2193 3434 mea
2241 3384 2303 3444 ⁸;
2334 3388 2389 3434 et
2433 3394 2653 3441 rursus,
2689 3378 2949 3449 Exsurge,
2985 3379 3159 3448 gloria
3192 3393 3307 3431 mea
3355 3381 3396 3428 ⁸.
3423 3375 3519 3430 Est
3553 3391 3654 3429 au-

2075 3479 2186 3525 tem
2220 3469 2468 3539 quadam
2506 3470 2679 3539 gloria
2738 3470 2891 3531 solis,
2928 3470 3068 3522 luna:
3091 3475 3147 3522 et
3172 3467 3457 3524 stellarum
3504 3462 3545 3520 '.
3570 3463 3655 3519 Ac

2070 3562 2227 3633 juxta
2255 3559 2577 3630 Apostolum
2606 3560 2663 3612 lit
2696 3559 2859 3613 etiam
2904 3557 3307 3611 administratio
3338 3553 3651 3608 damnatio~

2074 3655 2161 3709 nis
2193 3668 2319 3708 cum
2362 3651 2533 3721 gloria
2583 3653 2622 3705 ⁷.
2649 3649 2832 3719 Itaque
2877 3664 3001 3703 cum
3030 3657 3139 3702 tam
3173 3649 3341 3700 ntulta
3388 3650 3498 3701 sint
3526 3660 3649 3715 qua

2074 3746 2245 3815 gloria
2278 3744 2585 3813 potiuntur,
2636 3742 2719 3795 vis
2761 3739 3025 3811 Spiritum
3071 3755 3239 3794 unum
3288 3755 3354 3795 ex
3395 3737 3654 3793 omnibus

2075 3837 2368 3907 inglorium
2404 3835 2562 3889 esse?
2594 3833 2656 3888 Et
2688 3844 2867 3887 tamen
2899 3830 3254 3893 Hinistratio,
3294 3830 3491 3900 inquit,
3525 3829 3653 3897 Spi-

2073 3929 2208 3982 ritus
2241 3937 2317 3981 est
2352 3927 2405 3979 in
2441 3925 2613 3995 gloria
2658 3923 2697 3979 ⁸.
2723 3923 2828 3991 Qui
2867 3924 2923 3977 (it
2959 3924 3126 3994 igitur
3161 3930 3223 3976 ut
3266 3923 3356 3976 ille
3393 3922 3651 3991 indiguus

2060 4017 2132 4071 sit
2180 4018 2273 4088 qui
2323 4016 2698 4088 glorilicetur‘t
2744 4014 2809 4069 Et
2856 4030 3049 4086 magna
3077 4017 3299 4087 quidem
3346 4023 3432 4071 est
3478 4016 3653 4085 gloria

2058 4107 2194 4177 justi
2223 4098 2381 4177 juxta
2413 4106 2756 4162 Psalmorum
2797 4114 3076 4162 cautorem
3125 4112 3167 4162 ⁸.
3204 4109 3272 4161 At
3314 4107 3486 4178 gloria
3524 4106 3649 4175 Spi-

2063 4198 2206 4254 ritus
2235 4199 2392 4267 juxta
2430 4206 2579 4251 tuam
2613 4198 2926 4268 opinionem
2960 4200 3109 4252 nulla
3142 4205 3247 4253 est.
3292 4197 3488 4253 Annon
3551 4198 3650 4268 igt-

1444 4283 1747 4352 σωζόμενος
1777 4281 1841 4331 ὲκ
1862 4276 1968 4329 τῶν

2071 4296 2158 4344 tur
2186 4290 2418 4345 evidens
2443 4289 2863 4359 periculumest
2886 4304 2955 4344 ne
2987 4289 3193 4345 talibus
3228 4289 3390 4344 dictis
3422 4288 3651 4343 inevita-

2066 4377 2174 4434 bile
2207 4380 2416 4433 crimen
2461 4379 2516 4432 in
2551 4382 2921 4447 nosmetipsos
2956 4379 3352 4435 accersamus?
3387 4376 3445 4433 Si
3485 4378 3650 4432 homo

2069 4470 2160 4539 qui
2188 4470 2376 4525 salvus
2415 4468 2473 4522 lit
2506 4484 2573 4524 ex
2608 4470 2870 4538 operibus
2897 4469 3149 4537 justitiaa,
3185 4471 3351 4524 etiam
3391 4469 3650 4525 timentes

2072 4563 2364 4619 Dominum
2394 4559 2695 4631 'glorilicat,
2737 4563 2914 4615 multo
2960 4562 3141 4617 minus
3165 4562 3428 4631 Spiritum
3465 4560 3647 4615 debita

2071 4655 2242 4727 gloria
2286 4652 2581 4709 l‘raudabit.
2631 4652 2734 4715 Sit,
2772 4653 3049 4722 inquiunt,
3088 4651 3502 4723 gloriﬁcamus,
3552 4654 3647 4706 sed

2073 4762 2181 4801 non
2217 4760 2341 4802 cum
2370 4744 2532 4801 Patre
2580 4752 2635 4800 et
2666 4742 2824 4799 Filio.
2864 4744 2929 4798 Et
2959 4745 3055 4815 qui
3090 4751 3523 4801 consentaneum
3564 4756 3651 4798 est

2072 4837 2293 4898 rationi,
2326 4837 2494 4890 alium
2530 4836 2711 4891 locum
2742 4837 3133 4907 imaginatione
3161 4836 3453 4905 designare
3476 4833 3651 4905 Spiri-

2069 4932 2167 4995 tui,
2202 4945 2269 4985 eo
2312 4930 2527 4993 relicto,
2575 4945 2737 5000 quem
2773 4930 2968 4984 statuit
3012 4930 3310 4994 Dominus;
3361 4936 3417 4985 et
3458 4929 3653 5000 gloria:

2066 5022 2350 5078 consortio
2382 5022 2623 5090 spoliare
2658 5008 2784 5076 eum
2824 5021 2919 5091 qui
2957 5021 3159 5091 ubique
3201 5022 3538 5090 conjuuctus
3566 5032 3653 5077 est

2068 5112 2365 5176 divinitati,
2419 5112 2474 5166 in
2513 5113 2857 5182 professione
2889 5111 3036 5176 ﬁdei,
3089 5114 3142 5167 in
3177 5114 3508 5183 baptismate
3559 5131 3649 5168 re-

2066 5203 2421 5272 demptionis,
2449 5204 2501 5257 in
2525 5204 2848 5274 operatione
2862 5206 3149 5269 virtutum,
3170 5205 3223 5258 in
3251 5202 3650 5260 iubabitatione

2069 5303 2411 5363 sanctorum,
2450 5296 2503 5351 in
2546 5296 2832 5353 beneﬁciis
2864 5297 2920 5351 in
2963 5295 3217 5354 subditos
3260 5292 3652 5349 conferendis?

2067 5387 2257 5459 Neque
2280 5389 2426 5446 enim
2467 5396 2553 5445 est
2586 5388 2757 5444 ullum
2787 5390 3014 5445 omnino
3046 5387 3250 5443 donum
3281 5388 3490 5455 absque
3517 5399 3647 5439 sau-

2066 5487 2158 5534 cto
2190 5478 2403 5551 Spiritu
2437 5481 2502 5536 ad
2555 5492 2867 5537 creaturam
2912 5479 3265 5549 perveniens;
3309 5475 3532 5546 quando
3578 5489 3650 5531 ne

3088 5657 3104 5681 ⁸
3146 5658 3159 5708 ί
3208 5656 3329 5707 Cor.
3394 5672 3482 5728 λιν,
3541 5652 3632 5709 Η.

3286 5818 3368 5909 25
