4082 6380
320 302 438 371 πθ

1589 305 1974 370 EUTHYMH
2011 304 2374 368 ZIGABENI
2437 331 2460 358 .-

3509 304 3613 369 780

328 451 560 518 simplex
592 448 815 519 quidem
842 448 1069 503 verbum
1110 445 1162 500 in
1189 445 1606 501 defensionibus
1631 463 1730 516 pro
1751 447 1911 502 Chri-

2011 465 2075 518 γε
2122 448 2241 502 οὐδέ
2282 447 2434 519 ῥῆμα
2467 445 2623 516 ψιλὸν
2665 446 2724 499 ἐν
2770 448 2889 510 ταῖς
2931 446 3067 519 ὑπὲρ
3119 447 3358 519 Χριστοῦ
3407 448 3608 501 ἀπολο-

328 552 418 596 sto
437 543 564 612 quis
584 539 978 612 possitdicere,
1005 538 1113 592 nisi
1135 537 1434 608 adiuvante
1457 535 1690 607 Spiritu,
1716 555 1910 611 quem-

328 635 624 688 admodum
661 634 718 688 in
743 631 1054 703 Evangeliis
1078 645 1110 685 a
1136 630 1370 687 Domino
1406 640 1462 688 et
1493 631 1785 688 Servatore
1812 649 1911 688 no-

329 735 446 780 stro
477 725 772 780 didicimus
824 725 865 777 ⁸.
895 721 1070 777 Porro
1114 733 1175 778 ut
1211 723 1299 780 bis
1328 723 1586 780 omnibus
1619 725 1907 796 neglectis,

329 825 493 886 atque
528 831 592 870 ea
645 816 1053 882 communione,
1103 831 1267 886 quam
1327 817 1381 870 in
1428 817 1683 872 omnibus
1727 817 1907 880 habet,

329 906 589 961 oblivioni
621 905 842 972 tradita,
865 922 896 961 a
928 906 1090 962 Patre
1119 917 1175 962 et
1205 907 1346 961 Filio
1371 908 1552 978 ipsum
1581 909 1907 972 avellamus,

330 999 515 1054 nescio
556 1013 626 1052 an
656 999 951 1069 quisquam
997 1001 1174 1055 sancti
1222 998 1462 1069 Spiritus
1504 1001 1783 1070 particeps
1816 1015 1909 1055 as-

329 1106 596 1146 sensurus
625 1091 715 1146 sit.
762 1090 819 1145 lu
849 1107 961 1161 quo
1001 1094 1167 1163 igitur
1193 1092 1386 1146 ordine
1419 1091 1570 1145 illum
1615 1093 1910 1146 collocabi-

325 1182 484 1237 mus?
520 1183 944 1237 creaturarum?
971 1184 1041 1237 At
1074 1183 1336 1238 universa
1387 1191 1640 1237 creatura
1686 1184 1857 1238 servit
1891 1202 1905 1236 :

329 1273 570 1345 Spiritus
735 1282 918 1329 autem
959 1276 1192 1330 liberum
1224 1273 1434 1330 reddit:
1473 1272 1573 1328 Ubi
1611 1275 1751 1328 enim
1786 1273 1911 1342 Spi-

327 1369 463 1422 ritus
497 1366 737 1433 Domini,
777 1366 852 1420 ibi
885 1367 1107 1423 libertas
1148 1365 1189 1421 '.
1218 1367 1399 1438 Atque
1429 1380 1555 1421 cum
1593 1365 1766 1420 multa
1797 1367 1910 1435 sint

326 1474 450 1527 quae
475 1459 682 1528 possim
723 1458 813 1512 hic
851 1470 1310 1522 commemorare,
1347 1471 1511 1528 quam
1555 1470 1668 1511 non
1704 1471 1907 1512 conve-

328 1550 444 1604 niat
470 1549 740 1620 Spiritum
785 1555 1042 1605 sanctum
1078 1561 1446 1603 annumerare
1485 1547 1653 1603 rebus
1677 1547 1904 1612 creatis,

327 1641 515 1704 de,'bis
544 1641 912 1696 diceremunc
955 1638 1344 1710 supersedebo.
1380 1637 1516 1692 Nam
1559 1638 1604 1695 si
1650 1638 1906 1707 incipiam

2013 535 2158 603 γίαις
2216 533 2438 589 δυνατὸν
2499 534 2728 606 λαλῆσαι
2793 536 2866 607 μὴ
2925 537 3391 607 συνεργουμένους
3447 541 3606 610 ποιρά

2011 625 2106 679 τοῦ
2157 626 2494 695 Πνεύματος,
2529 627 2605 690 ὡς
2641 628 2699 679 ἐν
2745 626 3100 696 Εὐαγγελίοις
3145 628 3297 697 παρὰ
3348 629 3444 683 τοῦ
3488 632 3602 683 Κυ-

2016 716 2130 787 ρίου
2172 717 2264 768 uati.
2302 716 2554 787 Σωτῆρος
2601 717 2759 787 ἡμῶν
2807 715 3226 786 μεμαθήκαμεν.
3259 717 3511 768 ’Ἅπαντα
3543 716 3605 770 δὲ

2010 808 2182 861 ταῦτα
2229 807 2574 877 παριδόντας,
2614 808 2708 860 καὶ
2755 809 2855 877 τῆς
2891 809 2949 860 ἐν
2989 809 3125 861 πᾶσι
3163 808 3444 872 κοινωνίας
3483 811 3604 862 ὲπι-
3657 805 3690 829 ·’

2011 899 2356 969 λαθομένους,
2405 899 2515 952 ἀπὸ
2563 900 2778 970 Πατρὸς
2842 901 2938 952 καὶ
2999 899 3130 952 Υἱοῦ
3184 901 3420 970 διασπᾷν
3446 941 3461 967 ,
3501 901 3603 954 οὐκ

2011 988 2126 1044 οἶδα
2166 990 2219 1043 εἴ
2270 1009 2352 1054 τις
2408 991 2633 1062 μέτοχος
2684 991 3003 1062 Πνεύματος
3047 992 3204 1061 ἁγίου
3251 992 3598 1064 συνθήσεται.

2011 1084 2122 1136 Ποῦ
2155 1084 2333 1137 τοίνυν
2371 1085 2630 1155 φέροντες
2670 1085 2801 1137 αὐτὸ
2844 1085 3119 1154 τάξομεν;
3167 1084 3305 1155 μετὰ
3348 1085 3448 1153 τῆς
3485 1085 3610 1137 κτί-’

2013 1193 2182 1240 σεως;
2223 1175 2415 1246 Ἀλλ’ή
2459 1177 2635 1239 κτίσις
2681 1177 2832 1229 πᾶσα
2870 1175 3140 1229 δουλεύει·
3173 1177 3234 1229 τὸ
3274 1176 3332 1229 δὲ
3377 1176 3603 1246 Πνεῦμα

2010 1269 2301 1338 ἐλευθεροῖ.
2336 1264 2419 1323 Οὗ
2446 1268 2554 1338 γὰρ
2571 1267 2637 1320 τὸ
2659 1269 2904 1337 Πνεῦμα
2926 1268 3172 1336 Κυρίου,
3205 1267 3333 1322 ἐκεῖ
3361 1268 3604 1322 ἐλευθε-

2000 1362 2125 1429 ρία.
2173 1361 2283 1412 Καὶ
2321 1359 2530 1414 πολλῶν
2565 1360 2792 1414 ἐνόντων
2826 1359 3022 1424 είπέῖν,
3061 1362 3208 1422 ὅπως
3235 1360 3298 1412 οὐ
3331 1361 3600 1430 προσήκει

2007 1455 2074 1522 τῇ
2135 1454 2326 1522 κτιστῇ
2379 1451 2538 1520 φύσει
2587 1452 2648 1505 τὸ
2693 1451 2919 1522 Πνεῦμα
2963 1451 3024 1503 τὸ
3069 1451 3225 1518 ᾱγιον
3268 1467 3602 1522 συγκαταρι-

2009 1543 2186 1610 θμεῖν,
2214 1544 2304 1598 τὸν
2335 1545 2462 1615 περὶ
2491 1545 2696 1598 τούτων
2722 1545 2816 1597 νῦν
2996 1543 3376 1614 ὑπερθήσομαι
3417 1543 3595 1612 λόγον.

2007 1637 2070 1688 Ei
2100 1635 2210 1706 γὰρ
2243 1634 2528 1705 μέλλοιμεν
2558 1635 2693 1706 πρὸς
2737 1633 2896 1699 ἀξίαν
2941 1632 3037 1688 τοῦ
3083 1634 3467 1705 προϐλήματος
3497 1635 3601 1698 τάς

329 1748 430 1803 pro
463 1733 770 1803 argumenti
804 1731 1092 1802 dignitate,
1122 1737 1177 1786 et
1205 1745 1328 1800 quae
1357 1743 1457 1800 pro
1482 1729 1643 1786 nobis
1674 1728 1904 1795 faciunt,

2006 1744 2066 1779 τε
2113 1727 2242 1798 παρ’
2270 1725 2476 1780 ἐαυτῶν
2515 1725 2859 1790 κατασκευὰς
2908 1726 3158 1793 ἐπάγειν,
3197 1727 3291 1779 καὶ
3326 1727 3396 1779 τὰ
3442 1727 3598 1795 παρὰ

329 1823 679 1892 probationes
715 1821 1009 1885 adducere,
1043 1831 1098 1878 et
1132 1836 1255 1892 quae
1286 1822 1356 1878 ab
1394 1821 1726 1877 adversariis
1767 1821 1910 1891 obji-

328 1913 574 1975 ciuntur,
604 1911 847 1977 diluere,
877 1911 1091 1981 prolixo
1119 1923 1374 1965 sermone
1389 1908 1494 1965 erit
1518 1923 1680 1979 opus,
1713 1908 1908 1978 loqua-

328 2005 600 2072 citateque
615 2001 912 2058 voluminis
942 2000 1346 2057 deterrebimus
1381 1999 1638 2056 lectores.
1671 1999 1904 2066 Idcirco,

322 2097 436 2149 .hoe
491 2094 650 2149 alteri
699 2093 925 2164 proprio
964 2091 1225 2148 tractatui
1268 2099 1573 2156 reservato,
1606 2091 1908 2162 propositis

327 2186 726 2242 adhaereamus.
1533 2245 1536 2250 _

533 2275 964 2332 Consideremus
1001 2273 1172 2346 igitur
1202 2273 1542 2344 singulatim.
1575 2271 1781 2328 Natura
1812 2273 1908 2328 bo-

330 2384 434 2423 nus
459 2375 562 2433 est,
595 2375 653 2421 ut
686 2367 865 2422 bonus
893 2364 1081 2430 Pater,
1129 2374 1183 2420 et
1211 2365 1392 2420 bonus
1419 2364 1610 2420 Filius.
1641 2363 1904 2420 Creatura

327 2447 458 2514 vero
501 2474 597 2528 per
624 2457 952 2514 electionem
998 2457 1120 2526 ejus
1151 2457 1298 2528 quod
1338 2457 1544 2512 bonum
1574 2465 1680 2522 est,
1733 2458 1904 2526 parti-

319 2567 456 2622 ceps
483 2558 566 2605 est
600 2550 880 2606 bonitatis.
918 2549 1202 2606 Profunda
1243 2548 1340 2604 Dei
1384 2549 1581 2604 novit:
1614 2547 1711 2602 sed
1751 2563 1906 2603 crea-

327 2651 451 2696 tura
481 2655 579 2712 per
605 2639 869 2706 Spiritum
896 2641 1096 2710 accipit
1122 2654 1450 2694 arcanorum
1477 2640 1900 2695 reserationem.

332 2733 578 2787 Viviﬁcat
620 2746 745 2786 cum
792 2730 904 2784 Deo
943 2733 1033 2799 qui
1079 2729 1320 2784 viviﬁcat
1364 2730 1574 2792 omnia,
1607 2744 1731 2784 cum
1765 2727 1906 2783 Filio

331 2824 439 2894 qui.
455 2824 548 2877 dat
578 2822 767 2876 vitam.
799 2822 902 2886 Qui
931 2823 1069 2875 enim
1098 2822 1371 2884 excitavit,
1405 2821 1601 2890 inquit,
1631 2819 1905 2875 Christum

333 2932 367 2968 ο
414 2915 658 2974 mortuis,
714 2912 1000 2981 viviﬁcabit
1050 2921 1102 2965 et
1149 2911 1403 2966 mortalia
1442 2925 1668 2979 corpora
1707 2917 1901 2976 vestra,

325 3021 421 3059 per
459 3008 628 3074 ipsius
656 3005 915 3075 Spiritum
939 3005 1028 3074 qui
1063 3003 1330 3057 inhabitat
1361 3004 1414 3056 in
1458 3001 1602 3056 vobis
1648 3003 1709 3068 ’ς
1741 3009 1906 3073 atque

2007 1818 2114 1870 τῶν
2156 1817 2412 1870 ἐναντίων
2454 1815 2865 1888 προϐαλλόμενα
2909 1816 3174 1882 διαλύειν,
3208 1815 3418 1869 πολλῶν
3462 1817 3598 1886 ἡμῖν

2006 1908 2186 1980 δεήσει
2237 1907 2430 1976 λόγων,
2478 1909 2572 1961 καὶ
2615 1908 3051 1979 ἀποκναίσαιμεν
3247 1910 3311 1978 τῇ
3342 1906 3595 1976 πολυφω-

2006 2001 2096 2071 νίςι
2123 2000 2222 2070 τῆς
2250 1999 2430 2069 βίϐλου
2457 2000 2583 2062 τοὺς
2608 2000 3058 2070 ἐντυγχάνοντας.
3084 2001 3286 2071 Διόπερ
3317 1999 3424 2071 ίδίᾳ
3454 2017 3594 2071 πρα-

2007 2091 2245 2162 γματείᾳ
2294 2092 2470 2144 ἐκεῖνο
2520 2091 2947 2162 ταμιευσάμενοι
2972 2129 2988 2155 ,
3043 2090 3154 2144 τῶν
3217 2089 3594 2162 προκειμένων

2007 2179 2281 2250 ἐχώμεθα.

2211 2269 2548 2340 Σκεψώμεθα
2588 2265 2682 2324 οὖν
2727 2270 2796 2322 τά
2843 2269 3197 2325 καθέκαστον.
3241 2271 3404 2325 Φύσει
3443 2273 3593 2326 ἐστὶν

2004 2361 2230 2432 ἀγαθὸν,
2269 2363 2346 2425 ὡς
2389 2361 2594 2430 ἀγαθὸς
2630 2364 2658 2415 ό
2710 2361 2897 2432 Πατὴρ
2921 2402 2936 2424 ,
2981 2361 3076 2414 καὶ
3135 2363 3338 2429 ἀγαθὸς
3377 2363 3404 2414 ὁ
3441 2364 3588 2428 Υἱός.

2016 2455 2080 2508 Ἦ
2119 2455 2296 2518 κτίσις
2327 2455 2384 2508 δὲ
2414 2456 2472 2508 ἐν
2505 2457 2573 2525 τῇ
2609 2454 2804 2524 ἐκλογῇ
2842 2453 2937 2507 τοῦ
2982 2453 3189 2522 ἀγαθοῦ
3217 2455 3442 2525 μέτοχός
3473 2455 3591 2508 ἐστι

2003 2546 2102 2615 τῆς
2133 2544 2482 2614 ἀγαθότητος.
2513 2541 2633 2598 Οῑδε
2659 2544 2730 2597 τὰ
2759 2545 2894 2616 βάθη
2929 2544 3022 2598 τοῦ
3058 2543 3192 2599 Θεοῦ
3233 2555 3248 2570 ⁸
3403 2547 3434 2614 ὴ
3472 2546 3592 2598 κτί-

2006 2653 2090 2700 σις
2126 2638 2183 2690 δὲ
2224 2637 2490 2707 λαμϐάνει
2529 2638 2627 2707 τὴν
2660 2637 2967 2709 φανέρωσιν
3000 2636 3108 2690 τῶν
3141 2638 3472 2708 ἀπορρήτων
3499 2636 3591 2690 διὰ

2003 2723 2099 2777 τοῦ
2152 2724 2486 2795 Πνεύματος.
2542 2727 2802 2779 Ζωοποιεί
2851 2725 2990 2795 μετά
3029 2725 3126 2778 τοῦ
3185 2725 3320 2781 Θεοῦ
3381 2725 3475 2779 τοῦ
3518 2727 3589 2780 τὰ

2004 2815 2183 2872 πάντα
2205 2817 2618 2886 ζωογονοῦντος,
2657 2817 2795 2888 μετά
2987 2817 3080 2871 τοῦ
3128 2818 3259 2870 Υίοῦ
3303 2817 3390 2872 τοῦ
3422 2817 3591 2871 διδόν-

2003 2925 2096 2971 τος
2118 2908 2283 2979 ζωήν.
2323 2909 2383 2961 '0
2418 2908 2529 2978 γὰρ
2560 2907 2794 2976 ἐγείρας
2818 2908 3076 2977 Χριστὸν
3106 2908 3174 2961 ἐκ
3201 2907 3430 2976 νεκρῶν
3462 2907 3592 2968 ζωο-

2009 3000 2266 3065 ποιήσει,
2317 2999 2469 3070 φησὶ,
2523 2999 2618 3050 καὶ
2672 2999 2742 3052 τὰ
2789 2999 2973 3066 θνητὰ
3015 2998 3183 3066 ὑμῶν
3344 2999 3588 3067 σώματα

337 3093 536 3146 iterum
568 3091 735 3146 :Oves
771 3105 902 3144 metu
933 3103 1109 3145 vocem
1147 3103 1319 3142 meam
1349 3088 1597 3151 audiunt,
1623 3094 1676 3140 et
1707 3101 1799 3158 ego
1837 3089 1911 3142 vi-

2002 3084 2082 3140 ἰὰ
2119 3083 2228 3138 τοῦ
2271 3083 2657 3148 ἐνοικοῦντος
2699 3081 2887 3136 αὑτοῦ
2933 3083 3278 3148 Πνεύματος
3311 3079 3382 3132 ἐν
3410 3077 3587 3146 ὑμῖνο

333 3195 443 3236 tam
477 3192 734 3237 cateruam
770 3181 840 3235 do
873 3181 986 3235 illis
1039 3177 1082 3236 ’⁸.
1119 3178 1230 3236 Sed
1263 3176 1506 3248 Spiritus
1533 3193 1755 3249 quoque
1791 3177 1911 3232 vivi-

2002 3175 2082 3230 ιαὶ
2113 3173 2309 3229 πάλιν·
2351 3171 2428 3228 Τὰ
2471 3174 2739 3240 πρόϐατα
2787 3172 2860 3224 τὰ
2912 3169 3025 3239 ἐμὰ
3059 3169 3171 3238 τῆς
3209 3167 3415 3238 φωνῆς
3461 3184 3584 3235 μου

333 3278 477 3340 tieat,
514 3275 695 3344 inquit
739 3277 785 3328 ⁵.
818 3273 896 3328 Ac
923 3288 1150 3329 rursum
1181 3291 1194 3326 :
1227 3272 1463 3342 Spiritus
1488 3283 1686 3339 autem,
1715 3273 1911 3343 inquit,

2002 3266 2218 3328 Ξκούει,
2261 3263 2425 3334 κάγὼ
2459 3262 2612 3332 ζωὴν
2647 3261 2888 3316 αἰώνιον
2915 3259 3121 3329 δίδωμι
3165 3258 3388 3323 αὐτοῖς.
3424 3256 3585 3310 Ἀλλά

330 3367 439 3420 vita
477 3375 690 3436 propter
713 3367 990 3434 Justitiam
1039 3366 1079 3418 °.
1114 3365 1258 3433 Quin
1289 3374 1344 3420 et
1382 3364 1648 3420 Dominus
1685 3373 1923 3422 testatur

332 3457 598 3526 Spiritum
624 3471 748 3512 esse
783 3457 878 3526 qui
907 3457 1168 3511 viviﬁcat.
1202 3455 1345 3512 Caro
1385 3473 1489 3510 non
1520 3455 1734 3525 prodest
1763 3457 1922 3527 quid-

328 3565 488 3618 quam
537 3557 576 3604 ⁷.
633 3549 924 3615 Quomodo
976 3550 1145 3619 igitur
1200 3548 1468 3619 Spiritum
1525 3563 1556 3602 a
1606 3547 1922 3606 viviﬂcandi

327 3651 605 3712 potestate
643 3644 1034 3699 submoventes
1069 3657 1196 3696 eum
1233 3650 1445 3696 naturae
1489 3640 1917 3712 conjungemus,

329 3752 450 3806 qum
491 3736 603 3805 ipsa
645 3736 756 3790 vita
783 3736 986 3806 egeat?
1017 3733 1155 3801 Quis
1185 3733 1322 3788 adeo
1359 3736 1764 3798 contentiosus,
1791 3732 1920 3804 quis

325 3827 468 3881 adeo
502 3841 696 3882 exsors
730 3828 857 3882 doni
901 3826 1168 3890 caelestis,
1199 3835 1256 3880 et
1297 3826 1505 3896 absque
1539 3834 1704 3895 gustu
1739 3826 1916 3882 bono-

331 3935 452 3972 rum
497 3918 588 3973 Dei
621 3921 934 3981 verborum,
966 3919 1094 3990 quis
1123 3917 1263 3973 adeo
1297 3918 1411 3988 spei
1447 3926 1668 3973 aeternae
1696 3933 1916 3988 expers,

331 4023 387 4064 ut
419 4008 690 4081 Spiritum
718 4026 747 4063 a
774 4009 989 4066 Deitate
1010 4010 1338 4065 distractum
1365 4017 1635 4066 creatura:
1659 4009 1920 4081 copulet?

543 4275 600 4328 In
657 4274 842 4338 nobis,
885 4275 1170 4345 inquiunt,
1229 4275 1468 4346 Spiritus
1520 4283 1608 4331 est
1657 4285 1920 4348 tanquam

333 4366 540 4418 donum
583 4380 612 4416 a
667 4363 801 4419 Deo.
851 4365 919 4418 At
947 4366 1154 4419 donum
1191 4380 1541 4436 nequaquam
1583 4366 1779 4421 iisdem
1824 4369 1919 4422 bo-

1988 3360 2086 3414 καὶ
2125 3359 2187 3413 τὸ
2223 3357 2472 3429 Πνεῦμα,
2509 3358 2666 3427 φησι,
2702 3355 2976 3420 ζωοποιεῖ.
3028 3353 3139 3406 Καὶ
3174 3351 3363 3405 πάλιν
3410 3350 3478 3405 Τὸ
3517 3347 3588 3402 δὲ

1987 3449 2252 3519 Πνεῦμα,
2304 3449 2457 3520 φησι,
2505 3447 2616 3515 ζωὴ
2666 3446 2764 3500 διὰ
2810 3444 3226 3511 δικαιοσύνην.
3403 3442 3514 3496 Καὶ
3557 3443 3588 3495 ὁ

1991 3542 2195 3612 Κύριος
2229 3543 2499 3612 μαρτυρεῖ
2528 3540 2586 3592 τὸ
2617 3539 2843 3610 Πνεῦμα
2875 3532 3018 3591 εἶναι
3049 3535 3112 3588 τὸ
3148 3533 3476 3598 ζωοποιοῦν·
3526 3533 3590 3589 Ἠ

1991 3630 2149 3699 σὰρξ
2174 3633 2288 3685 οὐκ
2329 3629 2551 3699 ὠφελεῖ
2575 3629 2777 3684 οὐδέν.
2823 3628 2948 3692 Πῶς
2997 3621 3110 3688 οὖν,
3169 3626 3270 3696 τῆς
3319 3624 3586 3689 ζωοποιοῦ

1990 3723 2274 3794 δυνάμεως
2305 3723 2750 3790 ἀποξενώσαντες
2780 3722 2842 3775 τὸ
2875 3719 3123 3791 Πνεῦμα.
3156 3721 3224 3789 τῇ
3265 3718 3589 3791 ὲπιδεομένῃ

1991 3817 2092 3888 τῆς
2120 3802 2458 3888 ζωῆξφύσει
2491 3813 3023 3890 προσοικειώσομεν;
3056 3812 3154 3874 Τίς
3179 3811 3322 3864 οὕτω
3345 3811 3587 3882 δύσερις,

1992 3911 2074 3974 τίς
2107 3911 2250 3965 οὕτω
2281 3912 2490 3983 δωρεᾶς
2524 3909 2847 3981 ἐπουρανίου
2879 3907 3166 3978 ἀμέτοχος,
3201 3905 3297 3959 καὶ
3342 3905 3451 3958 τῶν
3486 3922 3588 3959 και

1992 4003 2101 4060 λῶν
2128 4005 2221 4058 τοῦ
2245 4003 2381 4057 Θεοῦ
2420 4003 2680 4076 ῥημάτων
2719 4000 3005 4068 ἄγευστος,
3035 3998 3119 4060 τίς
3156 3997 3330 4061 οὕτως
3359 3997 3590 4050 ἐλπίδων

1995 4096 2228 4151 αἰωνίων
2443 4096 2694 4165 ἄμοιρος,
2753 4091 2829 4155 ὡς
2873 4093 2939 4162 τῇ
2995 4089 3170 4143 κτίσει
3227 4087 3486 4152 συντάξαι
3528 4088 3592 4140 τὸ

2000 4186 2242 4258 Πνεῦμα,
2271 4187 2370 4256 τῆς
2400 4186 2662 4257 Θεὸτητος
2692 4183 3042 4253 ἀποστήσαςς

2201 4281 2290 4332 Ἐν
2329 4281 2480 4350 ἡμῖν,
2535 4277 2690 4348 φησι,
2737 4275 2799 4328 τὸ
2845 4274 3094 4344 Πνεῦμα,
3142 4272 3219 4335 ὡς
3265 4270 3439 4343 δῶρόν
3475 4272 3591 4322 ἐστι

1997 4367 2150 4439 παρὰ
2175 4369 2268 4423 τοῦ
2299 4368 2455 4423 Θεοῦ.
2493 4369 2568 4420 Οὐ
2593 4367 2770 4437 δήπου
2803 4364 2858 4418 δὲ
2887 4363 2950 4417 τὸ
2975 4362 3148 4433 δῶρον
3183 4362 3305 4423 ταῖς
3336 4363 3480 4422 ῐσαις
3503 4375 3588 4413 τι-

331 4455 564 4510 naribus
595 4454 855 4520 adicitur,
887 4456 1090 4526 quibus
1138 4459 1184 4512 is
1215 4457 1310 4527 qui
1341 4457 1510 4512 dedit.
1557 4457 1766 4513 Donum
1799 4461 1911 4531 qui-

2002 4464 2129 4534 μαῖς
2167 4462 2246 4533 τῷ
2291 4460 2543 4514 δεδωκότι
2587 4457 2931 4528 σεμνύνεται.
2983 4453 3165 4524 Δῶρον
3198 4453 3296 4524 μὲν
3330 4448 3421 4505 οὖν
3450 4449 3586 4502 Θεοῦ

327 4546 448 4600 dem
492 4544 587 4601 Dei
625 4543 866 4617 Spiritus
900 4555 1006 4607 est.
1049 4547 1146 4603 sed
1186 4547 1393 4604 donum
1420 4549 1564 4604 vita.
1607 4549 1718 4604 Lex
1757 4553 1919 4619 enim,

327 4638 527 4707 inquit,
561 4636 796 4706 Spiritus
822 4637 946 4693 vitae
970 4636 1214 4693 liberavit
1259 4655 1355 4694 nos
1407 4644 1448 4697 '.
1484 4635 1550 4693 Et
1577 4639 1786 4696 donum
1821 4655 1919 4711 po-

331 4732 557 4785 tentias:
590 4732 877 4800 Accipietis
919 4733 1061 4787 enim
1076 4733 1321 4787 virtutem
1356 4731 1590 4802 Spiritus
1623 4734 1796 4789 sancti
1826 4749 1919 4788 su-

327 4823 673 4887 pervenientis
710 4825 764 4877 in
800 4840 889 4879 vos
937 4826 980 4878 '.
1007 4824 1149 4880 Num
1171 4825 1343 4896 igitur
1369 4826 1442 4882 ob
1470 4827 1523 4881 id
1557 4836 1892 4883 contemnen

330 4914 435 4966 dus
483 4913 610 4968 est?
667 4914 860 4970 Annon
900 4925 954 4969 et
987 4914 1188 4970 Filium
1227 4917 1378 4972 dedit
1407 4918 1761 4973 hominibus?
1793 4918 1919 4985 Qui,

332 5004 534 5075 inquit,
561 5009 776 5075 proprio
805 5005 952 5062 Filio
987 5025 1090 5063 nou
1115 5009 1367 5078 pepercit,
1395 5009 1484 5062 sed
1506 5024 1602 5079 pro
1625 5009 1774 5063 nobis
1808 5025 1904 5063 om-

331 5096 487 5150 nibus
530 5095 756 5149 tradidit
804 5098 983 5163 illum,
1020 5101 1286 5170 quomodo
1321 5100 1483 5154 etiam
1518 5116 1622 5154 non
1664 5117 1772 5154 una
1797 5117 1919 5155 cum

329 5207 390 5243 eo
423 5189 605 5243 omnia
665 5189 816 5243 nobis
866 5188 1197 5246 donabit"?
1244 5189 1312 5246 Et
1358 5191 1488 5247 alibi
1519 5211 1534 5248 :
1565 5190 1633 5247 Ut
1686 5193 1920 5248 sciamus

330 5297 448 5351 qua!
497 5299 529 5335 a
558 5281 669 5336 Deo
712 5280 863 5336 nobis
908 5281 1109 5337 donata
1158 5294 1281 5338 sunt
1300 5289 1368 5352 η,
1413 5285 1480 5340 de
1529 5285 1793 5358 mysterio
1828 5301 1920 5341 as-

332 5373 537 5444 sumpti
570 5372 814 5428 hominis
836 5373 1091 5442 loquens.
1126 5375 1316 5446 itaque
1338 5377 1432 5446 qui
1469 5377 1573 5433 ista
1597 5378 1919 5448 loquuntur,

333 5480 520 5521 annon
568 5464 885 5522 Judaeorum
919 5466 1194 5538 ingratum
1237 5469 1481 5523 animum
1514 5471 1921 5543 amentiamque

332 5567 618 5628 superant,
637 5560 732 5631 qui
769 5558 982 5616 scilicet
1010 5559 1392 5615 excellentiam
1425 5561 1627 5617 divinae
1655 5562 1917 5622 bonitatis

1996 4559 2058 4613 τὸ
2085 4555 2330 4625 Πνεῦμα,
2356 4553 2492 4607 ἀλλά
2527 4551 2700 4621 δῶρον
2743 4549 2906 4620 ζωῆς.
2950 4549 3012 4601 '0
3054 4550 3164 4618 γὰρ
3195 4548 3401 4626 arduae,
3430 4542 3586 4613 φησι,

1997 4650 2105 4706 τοῦ
2133 4647 2480 4717 Πνεύματος
2504 4643 2617 4712 τῆς
2643 4642 2792 4712 ζωῆς
2820 4641 3241 4711 ἠλευθέρωσεν
3417 4631 3590 4705 ἡμᾶς.

1999 4743 2110 4796 Καὶ⁸
2149 4739 2322 4812 δῶρον
2359 4737 2640 4806 δυνάμεως
2672 4752 2685 4766 ·
2729 4734 3018 4802 Λήψεσθε
3044 4734 3154 4803 γὰρ
3195 4731 3458 4798 δύναμιν
3490 4727 3595 4780 ἐπα

1998 4836 2284 4898 ελθόντος
2307 4829 2414 4884 τοῦ
2441 4828 2614 4898 ἁγίου
2644 4826 2990 4895 Ῑινεύματος
3015 4824 3106 4892 ἐφ’
3138 4818 3317 4892 ὑμᾶς.
3347 4814 3476 4890 Ἆρ’
3499 4813 3594 4870 οὖν

1999 4928 2088 4980 διὰ
2139 4923 2297 4977 τοῦτο
2353 4919 2865 4991 εὐκαταφρόνητονς
2921 4915 2955 4986 ἢ
3003 4914 3124 4984 οὐχὶ
3174 4912 3269 4966 καὶ
3316 4910 3408 4965 τὸν
3468 4908 3597 4961 Υῑὸν

2001 5017 2294 5088 ἐχαρίσατο
2326 5016 2437 5076 τοῖς
2467 5011 2808 5083 ἅνθρώποις;
2843 5010 2954 5075 "Oc
2992 5023 3081 5076 γε,
3107 5005 3260 5075 φησὶ,
3301 5003 3408 5058 τοῦ
3442 5002 3598 5056 ιδίου

2011 5111 2148 5163 Υἱοῦ
2179 5109 2290 5163 οὐκ
2318 5107 2624 5176 ἐφείσατο,
2651 5102 2790 5158 ἀλλ’
2813 5101 2968 5168 ὑπὲρ
2990 5097 3162 5167 ἡμῶν
3185 5095 3432 5149 πάντων
3459 5105 3603 5159 παρ-

2001 5201 2226 5257 έδωκεν
2249 5198 2459 5265 αὐτὸν,
2485 5197 2613 5263 πῶς
2638 5195 2775 5265 οὐχὶ
2804 5193 2900 5248 καὶ
2942 5191 3066 5246 σὺν
3098 5187 3260 5253 αὐτῷ
3289 5187 3362 5240 τὰ
3400 5185 3602 5240 πάντα

2003 5294 2148 5365 ’ἡμῖν
2199 5293 2513 5364 χαρίσεται
2525 5307 2545 5356 ;
2578 5289 2690 5341 Καὶ
2741 5284 2966 5356 ἑτέρωθι
2989 5299 3006 5316 ο
3038 5282 3169 5337 Ἵνα
3225 5278 3476 5349 εἰδῶμεν
3529 5276 3603 5330 τὰ

2003 5388 2123 5443 ὑπὸ
2157 5386 2264 5441 τοῦ
2300 5384 2449 5441 Θεοῦ
2477 5381 2843 5453 χαρισθέντα
2875 5375 3022 5444 ἡμῖν
3045 5389 3059 5404 ·
3093 5373 3224 5445 περὶ
3269 5371 3364 5424 τοῦ
3398 5380 3604 5442 μυστη-
3711 5387 3713 5389 ί

2006 5481 2124 5555 ρίου
2151 5481 2250 5550 τῆς
2276 5474 2745 5548 ἐνανθρωπήσεως
2780 5468 2981 5538 λέγων.
3022 5467 3185 5520 Ὥστε
3212 5464 3332 5529 πῶς
3357 5465 3408 5516 οἱ
3431 5459 3604 5555 ταῦτα

2003 5551 2255 5643 λέγοντες
2286 5572 2407 5641 οὐχὶ
2443 5569 2545 5637 τὴν
2585 5561 2882 5632 Ἰουδαῖκὴν
2919 5559 3312 5632 ἀγνωμοσύνην
3357 5551 3605 5625 παρελη-

403 5687 422 5717 ¹
451 5679 642 5739 Matth.
665 5702 721 5746 ιι,
762 5686 848 5742 19.
926 5685 947 5715 ¹
985 5683 1026 5737 Il
1048 5683 1174 5738 Cor.
1204 5697 1285 5748 ιιι,
1328 5682 1417 5737 i7.
1495 5682 1516 5714 ³
1548 5682 1701 5738 Rom.
1732 5697 1843 5744 vm,
1883 5679 1902 5733 l

2046 5681 2067 5714 ⁴
2103 5681 2265 5740 Joan.
2304 5701 2358 5748 x,
2397 5682 2487 5737 27.
2564 5682 2586 5714 ⁸
2617 5679 2775 5736 Joan.
2809 5695 2882 5747 νι,
2908 5680 2997 5738 64.
3078 5679 3100 5711 ⁸
3139 5677 3296 5736 Rom.
3335 5695 3454 5745 vut,
3509 5678 3599 5738 10.

331 5753 353 5787 ¹
381 5755 547 5828 Joan.
580 5771 656 5824 vn,
679 5755 770 5812 6i.
849 5756 870 5787 ⁸
905 5754 1064 5809 Rom.
1091 5769 1209 5822 vm,
1239 5753 1295 5808 ‘2.
1373 5756 1394 5786 ’
1419 5752 1537 5807 Aet.
1577 5768 1611 5815 ι,
1651 5752 1704 5805 8.

1786 5753 1829 5784 “
1858 5750 2016 5806 Rom.
2050 5770 2162 5818 \‘ill,
2194 5757 2283 5809 '52.

2363 5755 2400 5783 "
2437 5755 2450 5801 l
2490 5753 2618 5807 Cor.
2656 5769 2712 5818 ll,
2767 5752 2849 5805 12.
