4082 6370
423 328 521 394 ’181

1381 318 1762 381 PANOPLIA
1802 316 2357 379 DOGMATICA.—
2389 319 2541 381 Tl'l‘.
2574 320 2717 385 XII.

3590 330 3699 392 Ἰξὶὶ

423 447 617 499 λύθασι
658 442 760 512 τὴν
788 436 1097 512 ὑπερϐολὴν
1128 438 1227 508 τῆς
1256 437 1633 509 χρηστότητος
1669 435 1887 505 ἐφόδιον
1919 436 1985 498 εἰς

2110 442 2329 490 vertant
2359 435 2411 489 in
2443 438 2792 491 occasionem
2819 437 3210 508 blasphemiae?
3245 442 3520 498 Accusant
3545 449 3688 499 enim

424 536 785 608 βλασφημίαν
848 533 1272 603 λαμϐάνοντες;
1342 529 1669 598 Ἐγκαλοῦσι
1758 529 1869 597 γὰρ
1925 528 2004 599 τῷ

2117 526 2407 596 Spiritum,
2451 529 2596 598 quod
2633 528 2792 583 nobis
2838 530 2932 585 dat
2982 530 3237 587 liduciam
3273 533 3441 591 Deum
3501 551 3606 607 app
3629 538 3689 587 -l-

428 630 727 697 Πνεύματι.
763 625 846 679 ὅτι
872 624 1193 695 παρρησίαν
1217 623 1350 692 ἡμῖν
1386 622 1568 674 δίδωσι
1586 621 1774 673 καλεῖν
1789 620 1985 689 πατέρ(

2119 619 2264 673 laudi
2303 627 2511 688 patrem
2552 630 2820 675 nostrum.
2850 620 3048 676 Emisit
3082 625 3221 677 enim
3257 624 3393 680 Deus
3427 626 3689 697 Spiritum

425 721 641 777 ἑαυτῶν
671 718 946 773 τὸνθεόν.
1002 714 1437 782 Ἐξαπέστειλε
1494 715 1607 786 γὰρ
1657 717 1691 768 ό
1734 714 1880 780 Θεὸς
1936 730 1985 766 τι

2116 702 2248 757 Filii
2295 706 2378 757 sui
2424 705 2481 757 in
2536 707 2697 761 corda
2747 718 2927 762 nostra
2986 711 3332 777 clamantem,
3380 716 3548 781 Abba,
3584 714 3693 769 Pu-

425 812 672 883 Πνεῦμα
696 811 805 865 τοῦ
852 810 991 864 Υἰοῦ
1021 810 1211 863 αὑτοῦ
1260 810 1348 875 εὶς
1379 810 1485 875 τὰς
1516 805 1770 875 καρδίας
1816 804 2008 874 ἡμῶν,

2109 803 2187 848 ter
2220 796 2260 859 ¹,
2299 804 2357 849 ut
2389 795 2539 853 illius
2594 812 2698 851 vox
2733 802 2948 869 propria
2988 800 3079 856 (lat
3131 817 3323 858 eorum
3382 808 3475 875 qui
3511 808 3690 879 ipsum

424 904 661 975 κρᾶζον,
689 903 869 961 Ἀϐϐᾶ
894 907 924 958 ό
958 903 1184 970 Πατὴρ,
1219 902 1306 955 ἴνα
1339 902 1605 971 ὴὲκείνου
1664 901 1821 972 φωνὴ
1900 900 1985 951 τᾶν

2111 898 2460 958 acceperunt.

425 998 737 1067 δεξαμένων
770 996 874 1049 ἰδία
906 999 1153 1064 γένηται.

428 1113 559 1165 Ὀτι
586 1110 663 1178 τῇ
689 1128 707 1159 ι
742 1111 811 1162 ἐν
836 1129 853 1160 ι
887 1107 1174 1178 συλαὶξιϐῇ
1202 1108 1333 1162 ἀντὶ
1366 1105 1469 1175 τῆς
1514 1106 1689 1178 «σὺν
1724 1127 1743 1159 ι
1784 1109 1821 1175 ἡ
1849 1111 2003 1176 Γρα-

496 1182 583 1261 φῇ
612 1172 1011 1261 κέχρηταιζρν
1037 1172 1334 1261 gramen
1356 1179 1392 1247 ἡ
1425 1172 1443 1228 ξ
1469 1177 1565 1230 καὶ
1592 1197 1610 1228 ι
1649 1172 2009 1249 Moderatus?

495 1252 569 1319 τῇ
610 1270 628 1302 ι
656 1254 800 1303 σύν.
841 1267 860 1299 ι
900 1251 1128 1316 Κεράλ.
1156 1255 1262 1300 κε’.

502 1366 629 1430 Πῶς
668 1361 783 1430 οὖν,
852 1362 1038 1431 φησὶν,
1075 1364 1108 1431 ἠ
1162 1363 1355 1434 Γραφὴ
1414 1363 1655 1433 οὐδαμοῦ
1696 1362 2011 1427 συνδυξαζῖ-

2113 1111 2266 1176 Quod
2284 1111 2559 1180 Scriptura
2576 1113 2677 1184 Itac
2701 1113 2908 1183 syllaba
2940 1131 2960 1166 ι
2981 1116 3037 1170 in
3061 1134 3082 1167 ι
3112 1133 3206 1184 pro
3235 1136 3254 1170 ι
3278 1135 3398 1172 cum
3424 1138 3442 1171 ι
3470 1129 3654 1175 utatur
3672 1136 3694 1176 :

2184 1184 2272 1306 ιὲῡὶ
2301 1175 2460 1306 euth
2489 1175 2751 1245 probatur:
2779 1194 2887 1239 tet)
2922 1185 3062 1240 idem
3087 1175 3283 1257 pollere
3311 1196 3448 1260 quod
3478 1175 3684 1244 tcumJ

2231 1263 2357 1306 (mut
2468 1291 2484 1306 .

2231 1263 2357 1323 aput
2388 1263 2484 1306 25.

2189 1365 2289 1430 Qui
2359 1367 2418 1421 lit
2479 1370 2678 1438 igitur,
2739 1368 3033 1437 inquiunt,
3097 1382 3154 1427 ut
3219 1372 3499 1443 Scriptura
3566 1392 3690 1431 nus.

413 1476 575 1532 μενον
602 1458 778 1529 Πατρὶ
822 1459 915 1511 καὶ
949 1457 1061 1528 Υἱῷ
1101 1457 1162 1510 τὸ
1205 1455 1434 1527 Πνεῦμα
1484 1454 1823 1526 παρέδωκεν,
1866 1446 1985 1508 ἀλλὲ

2104 1439 2269 1520 quam
2320 1452 2499 1507 tradat
2536 1453 2799 1524 Spiritum
2831 1446 3128 1529 gloriﬁcari
3166 1474 3288 1513 cum
3321 1439 3483 1517 Patre
3512 1471 3566 1518 et
3601 1463 3692 1521 Fi-

411 1549 844 1620 πεφυλαγμένως
890 1548 1130 1615 ἐξέκλινε
1177 1548 1257 1609 τὸ,
1302 1550 1426 1603 σὺν
1456 1546 1536 1614 τῷ
1568 1548 1887 1615 Πνεύμαῖι,
1926 1549 2002 1598 εἰ-

410 1644 565 1708 πεῖν;
606 1640 882 1712 πανταχοῦ
922 1640 978 1694 δὲ
1026 1640 1086 1693 τὸ
1140 1643 1196 1692 ὲν
1245 1639 1394 1711 αὐτῷ
1438 1640 1678 1705 δοξάζειν
1714 1640 1788 1701 ὼς
1829 1639 2002 1709 ἁρμο-

2106 1543 2200 1607 lio,
2236 1545 2331 1599 sed
2376 1545 2625 1601 studiose
2671 1549 2804 1602 vitet
2849 1566 2918 1604 ne
2968 1551 3140 1613 dicat,
3193 1569 3312 1605 cum
3363 1552 3589 1623 Spiritu,
3626 1573 3692 1615 ac

2105 1634 2307 1705 ubique
2340 1638 2496 1690 malit
2546 1638 2855 1709 gloriﬁcare
2908 1642 2963 1696 in
3018 1642 3159 1712 ipso,
3197 1645 3355 1713 quasi
3408 1647 3511 1702 hoc
3556 1665 3691 1705 cono

408 1732 663 1803 διώτερον
693 1732 1092 1805 προετίμησεν;
1137 1730 1279 1800 Ἐγὼ
1304 1732 1359 1785 δὲ
1389 1724 1497 1785 οὔδ’
1534 1732 1599 1785 ἂν
1638 1732 1800 1794 αὐτὸς
1833 1731 1985 1800 φαίηη

2102 1727 2617 1799 grucntiusjudicet
2638 1726 2660 1785 ?
2682 1731 2752 1785 At
2785 1749 2885 1802 ego
2911 1749 3256 1807 nequaquam
3288 1736 3522 1792 dixerim
3548 1741 3688 1797 hanc

408 1825 738 1895 ἀτιμοτέρας
761 1820 901 1877 εἶναι
930 1824 1170 1888 διανοίας
1206 1823 1621 1896 παραστατικὴν
1645 1824 1743 1894 τὴν
1765 1825 1835 1878 ἐν
1864 1824 1993 1876 συλ-

405 1918 592 1988 λαϐὴν,
623 1916 740 1971 ἀλλ’
786 1916 954 1986 ὑγιῶς
1006 1917 1493 1989 ὲκλαμϐανομένην
1544 1909 1679 1987 πρὸς
1728 1917 1790 1970 τὸ
1838 1918 1993 1988 μέγι-

404 2025 530 2061 στον
564 2006 697 2077 ὕψος
734 2007 959 2075 ἀνάγειν
1005 2007 1105 2071 τὰς
1148 2006 1418 2070 διανοίας·
1464 2006 1596 2059 ὅπου
1636 2023 1699 2075 γε
1735 2008 1827 2059 καὶ
1870 2007 1991 2060 ἀντὶ

402 2101 502 2171 τῆς
554 2100 677 2154 σὺν
723 2100 989 2172 πολλαχοῦ
1046 2099 1304 2171 κειμένην
1352 2099 1523 2169 αὐτὴν
1582 2100 1991 2169 τετηρήκαμεν.

409 2192 499 2256 Ὠς
528 2193 607 2255 τὸ,
645 2194 1088 2261 Εἰσελεύσομαι
1137 2193 1225 2256 είς
1260 2189 1367 2244 τὸν
1402 2186 1572 2244 οἶκόν
1599 2205 1719 2244 σου
1745 2191 1814 2243 ἐν
1854 2191 1993 2243 ὀλο-

404 2271 792 2340 καυτὼμασιν
811 2290 823 2302 ·
855 2276 974 2327 ἀντὶ
1002 2276 1115 2337 τοῦ,
1133 2274 1285 2343 μετὰ
1322 2272 1846 2344 ὁλοκαυτωμάτων.
1875 2275 1987 2330 Καὶ

400 2359 697 2431 ἐξήγαγεν
732 2364 953 2430 αὐτοὺς
992 2365 1062 2419 ἐν
1104 2367 1364 2436 ἀργιφίφ
1402 2366 1502 2421 καὶ
1545 2369 1795 2447 χρυσίῳ,
1832 2387 1984 2423 τουτ-

402 2450 537 2513 έστι,
580 2451 730 2521 μετὰ
777 2453 1060 2523 ἀργυρίου
1105 2455 1200 2508 καὶ
1255 2456 1546 2524 χρυσίου’
1588 2457 1681 2509 καὶ
1722 2457 1782 2509 τὸ
1807 2498 1820 2521 ,
1862 2461 1984 2511 Οὐκ

399 2540 694 2615 ἐξελεύσῃ
871 2547 942 2599 ἐν
966 2546 1093 2613 ταῖς
1123 2545 1457 2615 δυνάμεσιν
1490 2546 1680 2617 ἡμῶν,
1707 2549 1828 2601 ἀντὶ
1865 2550 1981 2612 τοῦ,

398 2635 523 2687 σὺν
562 2635 692 2699 ταῖς
735 2634 1067 2704 δυνάμεσιν
1116 2636 1315 2705 ἡμῶν,
1364 2638 1459 2691 καὶ
1513 2637 1682 2709 μυρία
1737 2638 1983 2693 τοιαῦτα.

401 2722 577 2787 Ὀλως
611 2724 665 2776 δὲ
695 2726 863 2795 ἡδέως
904 2726 969 2779 ἂν
1018 2727 1247 2797 μάθοιμι
1275 2726 1430 2798 παρὰ
1466 2729 1562 2797 τῆς
1603 2728 1730 2792 νέας
1772 2728 1982 2797 σοφίας,

399 2815 559 2869 ποίαν
588 2802 895 2885 δοξολογίαν
921 2819 949 2869 ὁ
991 2818 1313 2882 Ἀπόστολος
1347 2815 1435 2873 διὰ
1466 2819 1585 2885 τοῦ,
1619 2820 1709 2885 ἐν,
1740 2821 1986 2891 ῥήματος

399 2907 786 2978 ἀπεπλήρωσε,
817 2908 957 2962 κατά
985 2909 1075 2962 τὸν
1098 2910 1266 2965 τύπον
1296 2911 1354 2964 ὃν
1388 2905 1533 2965 οὗτοι
1560 2910 1654 2965 νῦν
1680 2911 1756 2976 ὡς
1793 2913 1858 2965 ὲκ
1887 2912 1985 2983 τῆς

398 2992 619 3069 Γραφῆς
644 2998 1020 3071 ἀναφέρουσιν.
1064 2998 1316 3073 Οὑδαμοῦ
1348 3003 1457 3075 γὰρ
1490 2998 1648 3075 εὗρον
1690 3004 1985 3074 λεγόμενον

398 3091 478 3153 τὸ,
501 3092 591 3143 Σοὶ
623 3091 698 3159 τῷ
730 3093 903 3164 Πατρὶ
934 3093 967 3165 ἡ
998 3092 1132 3165 τιμὴ
1164 3094 1261 3146 καὶ
1304 3096 1338 3164 ἡ
1380 3094 1506 3161 δόξα
1546 3094 1633 3148 διὰ
1679 3094 1775 3147 τοῦ
1828 3112 1985 3165 μονο-
2011 3104 2052 3159 ρ

399 3183 588 3251 γενοῦς
621 3200 713 3237 σου
745 3184 876 3237 Υἱοῦ
913 3186 967 3239 ἐν
1002 3185 1077 3256 τῷ
1108 3185 1247 3256 ἁγίῳ
1276 3185 1582 3254 Πνεύματι·
1616 3188 1751 3258 ὅπερ
1774 3186 1985 3251 τούτοις

399 3274 516 3326 ἐστὶ
573 3275 667 3328 νῦν
709 3277 802 3329 καὶ
831 3277 1021 3348 αὐτῆς,
1064 3278 1140 3340 ὡς
1175 3280 1372 3341 εἰπεῖν,
1403 3278 1499 3349 τῆς
1536 3278 1814 3347 ἀναπνοῆς
1859 3295 1986 3330 συν-ι

400 3366 709 3437 ηῡέστερον.
749 3367 1171 3439 Διεσπασμὲνως
1217 3370 1312 3437 μὲν
1344 3368 1452 3439 γὰρ
1505 3368 1709 3422 τούτων
1752 3368 1985 3422 ἕκαστον

401 3457 547 3509 ἔστιν
590 3458 800 3528 εὑρεῖνο
848 3458 1205 3529 συνημμένως
1252 3458 1309 3511 δὲ
1350 3460 1407 3510 ὲν
1456 3460 1521 3530 τῇ
1740 3458 1987 3523 συντάξει

400 3545 571 3618 ταύτῃ
599 3546 832 3617 οὐδαμοῦ
864 3547 1126 3600 δεικνύειν
1154 3546 1386 3611 ἕξουσιν.
1416 3546 1580 3600 Ὥστε
1607 3548 1654 3601 εί
1691 3546 1793 3617 μὲν
1825 3549 1983 3619 ἀκρι-

399 3632 743 3705 ϐολογοῦνται
772 3638 898 3708 περὶ
933 3636 1002 3691 τὰ
1039 3637 1311 3708 ἔγγραφα,
1343 3637 1672 3703 δειξάτωσαν
1703 3638 1867 3693 πόθεν
1896 3638 1984 3693 λέ-

402 3746 617 3797 γουσιν’
663 3730 711 3781 εί
754 3728 809 3781 δὲ
858 3730 1289 3801 συγχωροῦσιτῇ
1332 3728 1610 3793 συνηθείᾳ,
1656 3728 1791 3800 μηδὲ
1833 3731 1983 3800 ἡμᾶς

400 3820 808 3891 ἐξειργέτωσαν.

597 3894 786 3983 ⁹Ἡμεῖς
836 3912 975 3983 γὰρ,
1026 3913 1343 3983 ἀμφοτέρας
1393 3913 1450 3965 ὲν
1501 3914 1566 3984 τῇ
1614 3913 1722 3965 τῶν
1771 3911 1983 3967 πιστῶν

395 4003 589 4073 χρήσει
607 4002 1116 4073 καταλαμϐάνοντες
1280 4004 1377 4067 τὰς
1408 4004 1618 4074 ῥήσεις,
1643 4005 1982 4076 ἀμφοτέραις

396 4094 740 4166 κεχρήμεθα·
776 4095 873 4166 τὴν
906 4095 1006 4166 μὲν
1035 4094 1193 4159 δόξαν
1221 4094 1298 4166 τῷ
1331 4094 1608 4166 Πνεύματι
1651 4092 1853 4165 ὁμοίως
1882 4097 1979 4167 ἀφ’

394 4185 664 4255 ἑκατέρας
708 4183 1043 4255 πληροῦσθαι
1089 4183 1534 4248 πεπιστευκότες,
1586 4184 1713 4248 τοὺς
1762 4184 1819 4238 δὲ
1870 4202 1975 4240 κα-

395 4276 757 4347 κουργοῦντας
804 4277 901 4346 τὴν
959 4276 1217 4347 ἀλήθειαν
1272 4275 1722 4346 ἐπιστομίζεσθαι
1778 4277 1981 4348 μᾶλλον

389 4367 476 4421 διὰ
507 4368 605 4438 τῆς
626 4368 995 4439 προκειμένης
1025 4366 1243 4433 λέξεως,
1285 4367 1429 4438 ἣτις,
1469 4368 1569 4437 τὴν
1609 4367 1840 4439 δύναμιν
1867 4368 1980 4422 τῶν

391 4457 623 4528 Γραφῶν
666 4457 1055 4529 παραπλησίαν
1096 4456 1314 4528 ἔχουσα,
1361 4458 1545 4510 ούκέτι
1591 4458 1741 4512 ἐστὶν
1778 4458 1980 4528 ὁμοίως

387 4550 503 4610 τοῖς
522 4547 785 4610 ἐναντίοις
804 4545 1212 4617 εὐεπιχείρητος
1236 4546 1374 4617 (ἔστι
1402 4545 1458 4599 δὲ
1486 4543 1626 4615 αὕτη
1655 4547 1688 4616 ἡ
1712 4545 1980 4613 ἀντιλεγο-

391 4638 528 4708 μένη
555 4635 650 4689 νῦν
681 4637 829 4708 παρὰ
855 4634 1082 4704 τούτων)
1112 4634 1231 4689 ἀντὶ
1254 4632 1350 4687 τοῦ
1385 4634 1485 4689 καὶ
1516 4633 1811 4704 συνδέσμου
1837 4651 1979 4704 παρ-

387 4728 713 4799 ειλημμένη.
745 4729 888 4782 Ἴσον
916 4726 1025 4798 γάρ
1064 4729 1210 4780 ἐστιν
1242 4727 1416 4781 εἰπεῖν
1435 4741 1449 4756 ⁸
1481 4726 1724 4791 Παῦλος
1752 4725 1848 4779 καί
1882 4729 1978 4781 Σι-

388 4818 653 4885 λουανὸς
677 4818 774 4872 καί
804 4821 1095 4887 Τιμόθεος,
1120 4820 1233 4885 καὶ,
1257 4819 1467 4882 Παῦλος
1493 4819 1589 4872 σὺν
1611 4820 1859 4890 Τιμοθέῳ
1886 4821 1977 4873 καὶ

392 4911 681 4982 Σιλουανιῖλ
728 4909 789 4963 'll
820 4909 929 4980 γὰρ
963 4910 1250 4981 συμπλοκὴ
1289 4910 1397 4963 τῶν
1423 4911 1703 4981 ὀνομάτων
1746 4912 1812 4964 δι’
1848 4912 1976 4965 ἐκα-

385 5004 552 5073 τὲρας
591 5002 791 5073 ὁμοίως
822 5003 920 5073 τῆς
958 5002 1321 5072 ὲκφωνήσεως
1367 4998 1617 5064 σώζεται.
1673 5002 1733 5055 Ei
1777 5003 1973 5067 τοίνυν,

384 5094 479 5147 τοῦ
538 5095 743 5165 Κυρίου
798 5093 1043 5156 εἰπόντος
1081 5092 1300 5162 Πατέρα
1349 5094 1443 5144 καὶ
1498 5092 1619 5145 Υίὺν
1677 5094 1770 5146 καὶ
1822 5094 1974 5163 ἆγιον

385 5186 643 5257 Πνεῦμα,
688 5185 847 5248 αὐτὸς
900 5184 1111 5255 εἴποιμι
1157 5184 1377 5254 Πατέρα
1424 5183 1519 5235 καὶ
1568 5184 1693 5237 rae»:
1750 5187 1845 5239 σὺν
1896 5185 1974 5255 τῷ

383 5278 525 5348 ἁγίῳ
556 5277 853 5347 Πνεῦματι,
881 5275 1009 5329 ἄλλο
1052 5293 1104 5328 τι
1307 5273 1543 5346 εἰρηκὼς
1577 5274 1717 5328 κατά
1753 5275 1850 5346 τὴν
1878 5277 1970 5329 δύ-

383 5387 546 5440 ναμιν
569 5369 759 5440 ἔσομαι
781 5386 795 5431 ;
823 5370 865 5422 Τ
868 5371 931 5439 ἧς
958 5368 1015 5421 δὲ
1038 5367 1124 5421 διὰ
1146 5366 1239 5420 τοῦ
1270 5366 1369 5421 καὶ
1401 5367 1696 5438 συνδέσμου
1732 5370 1968 5438 συμπλο-

384 5463 487 5533 κῆς
530 5463 636 5516 τῶν
672 5463 949 5531 ὀνομάτων
1000 5460 1171 5515 πολλά
1217 5461 1284 5514 τὰ.
1341 5459 1635 5531 μαρτύρια.
1693 5462 1751 5516 Ἠ
1798 5463 1969 5532 χάρις

2098 1822 2365 1891 syllabam
2406 1823 2458 1876 in
2505 1824 2765 1879 exhibere
2805 1840 3029 1880 sensum
3070 1828 3256 1883 minus
3292 1829 3682 1899 honoriﬁcum,

2097 1915 2208 1968 imo
2237 1914 2439 1984 potius,
2477 1915 2522 1970 si
2552 1932 2685 1971 sane
2732 1917 3056 1987 accipiatur,
3086 1918 3152 1973 ad
3185 1919 3477 1976 maximam
3522 1926 3685 1982 eclsh

2099 2006 2341 2060 tudinem
2372 2008 2584 2076 erigere
2628 2014 2891 2072 mentem,
2938 2010 3383 2080 quandoquidem
3421 2013 3697 2077 observat

2098 2099 2277 2153 vimus
2331 2097 2477 2152 hanc
2522 2097 2838 2168 frequenter
2878 2104 3135 2172 usurpari
3180 2118 3281 2174 pro
3322 2120 3463 2162 cum.
3521 2104 3676 2173 Quod

2097 2206 2267 2258 genus
2302 2198 2387 2245 est
2425 2188 2580 2253 illud,
2608 2187 2894 2258 Ingrediar
2922 2191 3138 2248 domum
3170 2205 3317 2250 tuam
3340 2199 3396 2253 in
3428 2197 3677 2253 holocau-

2097 2265 2385 2320 tamalibus
2430 2266 2450 2296 '
2487 2282 2629 2336 :pro
2666 2269 2752 2323 his
2777 2272 3025 2337 vocibus,
3077 2291 3194 2328 cum
3232 2276 3675 2331 holocautomuti—

2096 2353 2211 2410 bus.
2263 2355 2329 2409 Et
2359 2357 2539 2413 eduxit
2580 2377 2668 2416 eos
2707 2363 2763 2416 in
2818 2375 3033 2433 argento
3067 2375 3114 2418 et
3150 2383 3283 2420 auro
3326 2373 3376 2432 ³,
3414 2369 3519 2423 hoc
3561 2378 3669 2431 est,

2095 2462 2212 2500 cum
2247 2458 2462 2519 argento
2492 2459 2542 2504 et
2589 2469 2743 2508 auro.
2780 2452 2910 2510 Item
2938 2456 3095 2524 illud,
3135 2456 3261 2512 Non
3290 2459 3574 2529 egredieris
3604 2461 3671 2515 ’ἐκ

2095 2540 2375 2594 virtutibus
2421 2543 2619 2597 nostris
2666 2545 2714 2610 ⁸,
2771 2561 2892 2615 pro,
2943 2563 3062 2600 cum
3114 2550 3399 2604 virtutibus
3446 2552 3670 2613 nostris,

2095 2632 2309 2701 aliaque
2355 2634 2519 2703 hujus
2550 2637 2769 2706 generis
2819 2638 3260 2695 innumerabilia.
3304 2640 3539 2695 Omnino
3586 2642 3671 2695 lu-

2098 2722 2231 2778 bens
2269 2724 2338 2780 ab
2372 2725 2477 2781 ista
2496 2741 2637 2781 nova
2669 2728 2940 2798 sapientia
2971 2728 3235 2795 didicero,
3260 2733 3474 2801 qualem
3502 2732 3668 2802 glori.

2097 2812 2407 2869 licationcm
2430 2818 2730 2887 Apostolus
2757 2818 3054 2873 absolverit
3080 2834 3177 2889 per
3206 2820 3346 2875 hanc
3373 2821 3669 2876 dictionem

2092 2903 2169 2969 in,
2197 2905 2352 2974 juxta
2388 2906 2617 2963 formam
2645 2925 2811 2979 quam
2854 2909 2944 2964 isti
2981 2926 3127 2965 nunc
3163 2920 3420 2982 tanquam
3455 2929 3486 2968 e
3514 2912 3670 2967 Scri-

2094 3004 2251 3065 ptura
2305 2998 2609 3069 proferunt.
2650 3000 2925 3072 Nusquam
2984 3000 3131 3055 enim
3190 3003 3373 3058 inveni
3412 3004 3665 3065 dictum:

2094 3086 2218 3144 Tibi
2257 3088 2406 3144 Patri
2448 3091 2625 3145 honor
2654 3100 2710 3146 et
2745 3092 2916 3163 gloria
2956 3106 3051 3161 per
3090 3093 3430 3164 unigenitum
3467 3094 3666 3150 Filium

2094 3188 2246 3234 tuum
2278 3183 2332 3235 in
2364 3180 2573 3252 Spiritu
2615 3193 2806 3237 sancto
2841 3202 2854 3237 :
2887 3183 2982 3254 qui
3013 3199 3196 3240 sermo
3226 3201 3373 3240 nunc
3404 3188 3527 3243 istis
3558 3190 3671 3243 usi-

2092 3272 2259 3325 tatior
2288 3281 2371 3327 est
2402 3273 2541 3343 ipsa,
2578 3284 2638 3328 ut
2670 3275 2744 3328 ita
2778 3276 2993 3345 loquar,
3037 3275 3429 3345 respiratione.
3461 3276 3668 3333 Horum

2090 3360 2310 3431 quidem
2358 3364 2573 3434 singula
2623 3367 2917 3435 separatim
2968 3366 3217 3423 invenire
3247 3369 3396 3436 licet,
3432 3370 3669 3439 conjun-

2090 3452 2220 3505 ctim
2276 3469 2406 3507 vero
2452 3453 2631 3522 posita
2676 3456 2731 3510 iu
2765 3457 2869 3512 hac
2926 3460 3347 3515 constructione
3395 3477 3671 3532 nusquam

2091 3550 2352 3611 poterunt
2379 3546 2687 3601 ostendere.
2722 3546 2911 3617 Itaque
2944 3550 2990 3604 si
3017 3558 3208 3605 exacte
3235 3559 3431 3623 urgent
3455 3568 3519 3607 ea
3548 3569 3672 3621 qum

2091 3633 2145 3685 in
2176 3630 2475 3702 Scripturis
2515 3634 2807 3700 habentur,
2837 3638 3132 3694 ostendant
3153 3640 3299 3697 unde
3321 3642 3427 3697 ista
3453 3641 3664 3699 dicant.

2090 3720 2242 3788 Quod
2283 3724 2328 3777 si
2366 3726 2678 3781 concedunt
2710 3729 3097 3795 consuetudini
3123 3770 3139 3796 ,
3168 3747 3348 3802 neque
3377 3748 3478 3789 nos
3502 3735 3573 3790 ab
3601 3750 3666 3791 ea

2088 3815 2400 3873 excludant.
3013 3820 3019 3831 ’

2289 3903 2400 3960 Nos
2441 3906 2587 3960 enim
2638 3908 2830 3965 ambas
2871 3910 3145 3967 dictiones
3192 3913 3245 3968 in
3282 3913 3523 3968 fidelium
3561 3930 3667 3971 usu

2087 3995 2597 4067 deprehendentes,
2656 4000 2927 4059 ambabus
2977 4004 3220 4058 utimur:
3258 4005 3490 4076 gloriam
3542 4008 3667 4076 qui-

2087 4088 2210 4144 dem
2244 4088 2474 4161 Spiritui
2520 4106 2584 4146 ex
2620 4108 2776 4163 aequo
2804 4110 2901 4165 per
2937 4104 3225 4167 utramque
3254 4098 3493 4167 persolvi
3532 4100 3661 4167 rati,

2085 4181 2167 4237 eis
2201 4197 2330 4237 vero
2363 4181 2456 4253 qui
2488 4182 2791 4253 depravant
2822 4186 3131 4255 veritatem,
3173 4188 3449 4247 credimus
3478 4191 3664 4262 magis

2084 4289 2147 4329 os
2170 4274 2415 4330 obturari
2444 4290 2542 4345 per
2570 4290 2689 4331 eam
2719 4278 3189 4349 praepositionem,
3224 4296 3348 4350 quae
3377 4297 3503 4339 cum
3544 4300 3665 4340 sen-

2086 4362 2209 4419 sum
2252 4363 2310 4418 in
2352 4363 2656 4434 Scripturis
2694 4366 2929 4423 similem
2975 4369 3194 4434 habent,
3245 4387 3354 4427 non
3391 4373 3471 4428 ita
3502 4373 3664 4431 facile

2084 4454 2153 4509 ab
2203 4454 2537 4511 adversariis
2594 4452 2895 4527 expugnari
2935 4446 3115 4528 potest
3156 4461 3265 4531 (est
3316 4471 3500 4518 autem
3541 4465 3664 4535 ipsa

2083 4545 2175 4600 illa
2223 4546 2312 4601 cui
2362 4562 2511 4601 nunc
2545 4548 2614 4601 ab
2667 4549 2791 4603 istis
2832 4552 3254 4622 contradicitur)
3303 4561 3492 4624 utpote
3540 4572 3662 4627 quae

2081 4654 2180 4708 pro
2213 4647 2263 4693 et
2314 4638 2704 4708 conjunctione
2756 4650 3025 4696 sumatur.
3069 4641 3204 4697 Nam
3256 4645 3403 4702 idem
3456 4656 3541 4705 est
3584 4650 3663 4703 die

2080 4741 2224 4790 cere,
2276 4725 2482 4783 Paulus
2532 4738 2582 4783 et
2625 4730 2905 4794 Silvanus,
2939 4740 2989 4786 et
3035 4732 3344 4790 Timotheus
3379 4744 3435 4801 ⁵,
3468 4748 3657 4810 atque,

2081 4812 2282 4873 Paulus
2318 4834 2443 4872 cum
2476 4816 2763 4876 Timotheo
2803 4829 2855 4877 et
2900 4822 3145 4879 Silvano.
3176 4823 3471 4883 Nominum
3511 4832 3659 4887 enim

2080 4911 2383 4971 connexio.
2456 4918 2688 4982 utraque
2747 4916 3200 4984 pronuntiatione
3253 4919 3507 4978 similiter
3545 4942 3662 4982 ser-

2079 5012 2257 5055 vatur.
2298 5001 2485 5072 Itaque
2538 5003 2584 5059 si
2634 5019 2757 5059 cum
2794 5005 3059 5065 Dominus
3103 5011 3305 5069 dixerit
3352 5014 3570 5075 Patrem
3608 5034 3665 5078 et

2080 5089 2275 5146 Filium
2308 5101 2362 5147 et
2411 5104 2664 5149 sanctum
2709 5094 2995 5167 Spiritum,
3048 5100 3167 5171 ipse
3206 5103 3415 5171 dicam,
3447 5107 3663 5167 Patrem

2079 5194 2133 5238 et
2182 5184 2379 5239 Filium
2438 5201 2562 5242 cum
2622 5186 2831 5258 Spiritu
2893 5201 3130 5261 sancto;
3197 5197 3454 5265 aliudue,
3514 5206 3661 5270 quod

2080 5275 2147 5329 ad
2190 5277 2477 5333 sententia
2510 5278 2617 5334 vim
2664 5281 2882 5349 attinet,
2913 5283 3148 5341 dixero?
3193 5285 3368 5343 Porro
3401 5304 3500 5358 per
3526 5306 3661 5344 con-

2076 5369 2416 5438 junctionem
2460 5381 2509 5426 ct
2562 5376 2816 5437 connecti
2865 5378 3109 5441 nomina,
3167 5378 3358 5432 multis
3406 5380 3658 5433 testimo-

2084 5460 2187 5514 niis
2227 5462 2440 5529 prabari
2490 5470 2689 5532 potest.
2744 5464 2933 5520 Gratia
2975 5470 3137 5533 enim,
3192 5467 3391 5538 inquit,
3443 5468 3659 5523 Domini

479 5737 694 5797 'Galat.
723 5752 796 5806 Iv,
841 5738 909 5811 76.
984 5739 1008 5773 ²
1038 5735 1184 5797 Psal.
1211 5753 1341 5802 ων,
1381 5736 1473 5794 13.
1545 5738 1564 5769 ³
1606 5736 1751 5792 Psal.
1791 5748 1904 5800 civ,

2100 5740 2122 5767 ι
2159 5733 2305 5789 Psal.
2347 5746 2505 5798 mn,
2541 5732 2630 5789 to.
2710 5730 2732 5762 ⁸
2758 5728 2779 5783 ι
2810 5727 3005 5785 Thess.
3029 5741 3071 5797 ι,
3099 5726 3147 5786 1.

3056 5977 3092 5996 ρι’
