4082 6380
284 326 408 410 ’τειι

1543 330 1925 399 ΕΗΤΙΙΥΜΠ
1979 329 2337 390 ZIG.\BENI

3456 328 3556 396 78i

298 479 476 535 nostri
531 477 657 534 Iesu
743 479 980 548 Christi,
1039 491 1088 536 et
1137 480 1373 538 charitas
1426 482 1566 550 Dei,
1626 496 1677 541 et
1734 502 1877 541 cone-

1996 481 2105 548 μὰρ,
2127 472 2283 546 φησι,
2298 470 2406 526 τοῦ
2436 468 2656 538 Κυρίου
2686 464 2855 537 ἡμῶν
2876 463 3071 533 Ἰησοῦ
3091 463 3372 533 Χριστοῦ,
3396 462 3496 517 καὶ
3518 462 3558 532 ἠ

299 572 484 625 munia
518 570 748 639 Spiritus
810 571 984 626 sancti
1026 574 1090 639 ¹;
1142 588 1206 628 ac
1244 589 1461 639 rursus,
1504 575 1732 632 Obsecro
1780 594 1879 632 au»

305 670 407 716 tem
471 677 559 716 vos
625 676 716 727 per
793 659 1080 715 Dominum
1150 672 1394 718 nostrum
1466 663 1651 722 Iesum
1719 666 1878 723 Chri-

304 763 467 816 stum,
512 762 563 807 et
593 767 684 821 per
726 752 1040 809 eharitatem
1090 753 1325 825 Spiritus
1375 752 1419 811 ¹.
1454 756 1646 829 Itaque
1831 760 1876 814 si

262 858 403 918 _pro
435 841 822 911 conjunctione
863 854 915 898 et
965 845 1302 903 voluerimus
1356 847 1434 903 uti
1492 848 1878 920 praepositione

303 945 444 996 mm,
472 929 606 1000 quid
664 929 961 988 fecerimus
1008 932 1259 989 diversi?
1314 933 1427 1006 Ego
1476 951 1613 993 sane
1647 953 1759 993 non
1794 939 1878 993 vi-

296 1020 440 1086 deo,
484 1020 592 1075 nisi
621 1020 748 1091 quis
806 1021 880 1077 ob
946 1021 1175 1093 frigidas
1222 1026 1591 1095 grammaticae
1658 1027 1877 1098 regulas

294 1116 742 1186 conjunctionem
795 1125 1052 1188 tanquam
1113 1119 1477 1190 eopulativam
1500 1160 1517 1187 ,
1569 1136 1634 1176 ac
1702 1123 1879 1193 majo-

300 1221 417 1263 rem
460 1207 719 1263 unionem
769 1207 1062 1264 facientem
1133 1210 1469 1280 praeferens,
1535 1212 1877 1284 praepositio-

299 1315 423 1355 nem
478 1299 712 1368 rejiciat,
771 1302 929 1370 quasi
972 1314 1079 1356 non
1106 1303 1351 1359 obtineat
1378 1319 1564 1375 parem
1596 1308 1727 1363 vim.
1766 1306 1872 1361 Sed

299 1391 344 1446 si
382 1390 449 1445 de
481 1389 567 1447 bis
600 1406 633 1445 a
671 1390 834 1446 nobis
860 1392 1002 1446 ratio
1053 1403 1476 1464 exposceretur,
1506 1392 1648 1450 forte
1686 1396 1876 1450 multis

298 1481 483 1537 verbis
528 1495 640 1536 non
689 1495 829 1551 opus
868 1489 1015 1537 esset
1070 1484 1230 1539 nobis
1288 1489 1357 1538 ad
1405 1485 1871 1552 respondendum.

298 1574 459 1631 Nunc
482 1587 613 1628 vero
643 1588 822 1642 neque
861 1572 930 1629 de
981 1575 1226 1645 syllabis.
1280 1591 1459 1646 neque
1497 1576 1601 1631 hoc
1652 1582 1747 1630 aut
1780 1576 1874 1631 illo

294 1663 562 1718 dictionis
613 1677 761 1718 sono.
787 1663 1089 1732 disputant,
1142 1663 1235 1719 sed
1271 1664 1339 1721 de
1384 1665 1551 1721 rebus
1577 1665 1734 1735 juxta
1765 1665 1873 1720 vim

297 1765 369 1806 ac
429 1752 714 1807 veritatem
764 1751 1006 1807 maximo
1056 1752 1201 1808 inter
1242 1768 1302 1809 se
1350 1754 1666 1810 discrimine
1709 1755 1875 1811 dissi-

1974 569 2172 639 ἀγάπη
2205 564 2312 620 τοῦ
2344 561 2511 626 Θεοῦ,
2542 560 2640 615 καὶ
2671 560 2709 627 ἡ
2741 558 3019 611 κοινων.ἀ
3051 556 3158 610 τοῦ
3185 556 3358 625 ἁγίου
3382 556 3559 608 Hreu-

1970 675 2184 731 ματος·
2219 656 2315 710 καὶ
2341 652 2528 709 πάλιν·
2558 647 2893 719 Παρακαλῶ
2921 647 2988 701 δὲ
3016 646 3171 715 ὑμᾶς
3329 646 3427 700 διὰ
3454 646 3558 701 τοῦ

1976 751 2196 819 Κυρίου
2223 747 2390 818 ἡμῶν
2411 742 2613 812 Ἰησοῦ
2636 740 2894 811 Χριστοῦ
2918 741 3015 794 καὶ
3047 739 3144 823 διὰ
3175 737 3284 806 τῆς
3317 737 3559 806 ἀγάπης

1975 841 2083 897 τοῦ
2109 840 2470 907 Πνεύματος.
2502 834 2565 887 Εἰ
2591 832 2767 885 τοίνυν
2790 831 2909 885 ἀντὶ
2937 830 3039 900 τῆς
3066 830 3158 883 καὶ
3186 831 3250 900 τῇ
3285 828 3407 881 σὺν
3437 828 3568 880 ὲθε-.

1975 935 2240 1004 λήσαιμεν
2282 924 2608 1000 χρήσασθαι,
2643 922 2696 977 τί
2739 921 2996 992 διάφορον
3032 919 3393 989 πεποιηκότες
3440 918 3558 1003 ἐσό-

1979 1024 2148 1097 μεθα;
2195 1017 2336 1088 Ἐγὼ
2371 1018 2469 1087 μὲν
2492 1016 2590 1085 οὐχ
2614 1013 2749 1086 όρῶ,
2776 1011 2915 1083 πλὴν
2940 1013 2988 1064 εί
3019 1010 3095 1082 μὴ
3116 1010 3352 1081 ψυχραῖς
3378 1025 3559 1080 γραμ-

1982 1114 2236 1188 ματικαῖς
2280 1125 2366 1172 τις
2403 1108 2495 1161 τὸν
2534 1107 2631 1177 μὲν
2682 1104 2979 1172 σύνδεσμον
3026 1104 3102 1166 ὡς
3156 1102 3562 1172 συμπλεκτιιὼν

1982 1208 2075 1263 καὶ
2095 1251 2103 1259 .
2123 1204 2345 1258 πλείονα
2375 1197 2633 1252 ποιοῦντα
2674 1197 2771 1267 τὴν
2805 1196 3000 1249 ἕνωσιν
3038 1194 3339 1266 προτιμῶν,
3373 1195 3474 1267 τὴν
3500 1195 3559 1249 δὲ

1982 1297 2258 1371 πρόθεσιν,
2292 1293 2367 1356 ὡς
2416 1292 2516 1344 ούκ
2561 1289 2789 1359 ἔχουσαν
2819 1287 2918 1359 τὴν
2960 1287 3080 1356 ἴσην
3123 1286 3372 1357 δύναμιν,
3424 1287 3559 1339 ἀπο-

1980 1392 2267 1462 πέμποιτα
2316 1381 2453 1436 Ἀλλ’
2477 1381 2608 1449 εἴγε
2645 1397 2709 1432 πε
2719 1380 2773 1450 pl
2800 1378 3002 1431 τούτων
3030 1378 3126 1441 τὰς
3148 1377 3377 1441 εὐθύνας
3406 1377 3559 1429 ὑπεί-

1980 1496 2169 1553 χομεν,
2221 1477 2351 1536 ίσως
2403 1473 2504 1526 οὐκ
2553 1470 2619 1524 ἂν
2829 1469 3023 1522 πολλοῦ
3063 1470 3221 1538 λόγου
3277 1469 3414 1539 πρὸς
3458 1467 3559 1541 τὴν

1968 1564 2264 1635 ἀπολογίαν
2303 1563 2699 1635 ὲπεδεήθημεν.
2742 1563 2858 1617 Νῦν
2890 1563 2946 1617 δὲ
2983 1565 3042 1617 οὐ
3080 1566 3206 1636 περὶ
3246 1565 3548 1630 συλλαϐῶν,

1968 1657 2090 1712 οὐδὲ
2119 1657 2249 1729 περὶ
2276 1654 2480 1709 τοιοῦδε
2512 1654 2546 1726 ἢ
2578 1654 2786 1708 τοιοῦδε
2825 1655 3009 1733 φωνῆς
3036 1657 3168 1727 ἦχου
3202 1659 3230 1710 ὁ
3259 1658 3416 1726 λόγος
3451 1659 3545 1711 αὖα

1969 1753 2103 1815 τοίς,
2146 1747 2282 1803 ἀλλὰ
2314 1748 2442 1817 napi.
2480 1747 2821 1818 πραγμάτων
2851 1748 2908 1800 ὲν
2937 1747 3165 1818 δυνάμει
3201 1750 3294 1802 καὶ
3326 1748 3551 1819 ἀληθείᾳ

298 1841 582 1898 dentibus.
624 1841 742 1911 Qua
783 1841 850 1898 de
877 1856 1042 1898 causa
1070 1884 1085 1909 ,
1118 1858 1241 1898 cum
1286 1844 1600 1901 indin‘erens
1633 1846 1705 1901 sit
1759 1846 1875 1917 syl-

1996 1840 2238 1911 ιεγίστην
2294 1837 2529 1909 ἐχόντων
2569 1837 2851 1910 διαφοράν.
2884 1832 2985 1891 Ὧν
3010 1838 3217 1904 ἕνεκεν,
3270 1840 3554 1910 ἀπαρατη-

304 1933 552 1987 labarum
613 1948 770 1998 usus,
831 1932 924 1988 isti
973 1933 1075 1988 has
1120 1933 1338 2003 quidem
1385 1934 1703 1999 admittere,
1754 1936 1876 1993 illas

297 2036 434 2076 vero
464 2021 535 2076 ab
586 2018 833 2076 Ecclesia
865 2019 1191 2076 submovere
1230 2020 1548 2075 moliuntur.
1593 2018 1707 2092 Ego
1747 2034 1877 2076 vero

294 2110 406 2164 etsi
467 2111 647 2180 primo
707 2111 894 2165 statim
960 2110 1149 2165 auditu
1195 2110 1512 2181 praepositio
1570 2112 1877 2167 evidentem

304 2200 599 2255 utilitatem
654 2199 819 2256 habet
850 2240 867 2265 ,
931 2208 1171 2257 attamen
1225 2200 1391 2256 etiam
1445 2202 1712 2257 rationem
1752 2203 1878 2257 red-

296 2291 453 2353 dam,
509 2290 664 2361 juxta
703 2305 866 2362 quam
916 2298 1101 2361 patres
1155 2291 1333 2348 nostri
1367 2305 1479 2347 non
1510 2292 1689 2348 otiose
1732 2292 1878 2350 illius

297 2394 525 2451 quoque
588 2395 750 2435 usum
816 2379 1051 2451 amplexi
1099 2378 1234 2435 sint.
1304 2377 1441 2435 Nam
1518 2388 1878 2451 praeterquam

295 2469 450 2539 quod
485 2468 599 2523 bam
648 2468 790 2522 idem
847 2470 993 2524 valet
1034 2468 1182 2540 quod
1218 2492 1223 2497 ’
1257 2478 1308 2526 et
1334 2509 1351 2534 ,
1392 2468 1461 2524 ad
1531 2470 1878 2526 refellendam

302 2559 530 2615 Sabellii
566 2559 830 2613 malitiam
859 2599 874 2625 ,
912 2560 1277 2631 similiterque
1312 2568 1477 2632 atque
1515 2560 1609 2616 illa
1647 2561 1880 2630 conjun-

306 2649 418 2703 ctio
479 2649 848 2719 hypostaseon
906 2649 1295 2733 proprietatem
1361 2650 1652 2715 declarat,
1709 2651 1880 2717 velut,

310 2737 423 2809 Ego
455 2748 509 2792 et
538 2738 703 2791 Pater
732 2738 991 2793 veniemus
1024 2743 1170 2805 ’,εις
1195 2738 1308 2810 Ego
1328 2748 1379 2794 et
1413 2739 1578 2794 Pater
1608 2756 1772 2794 unum
1800 2756 1886 2795 su-

313 2842 429 2881 mus
462 2827 531 2893 ⁸;
564 2836 825 2897 prazterca
852 2828 1112 2884 eximium
1155 2828 1317 2885 habet
1355 2829 1703 2901 sempiternas
1741 2845 1886 2886 com-

311 2917 595 2974 munionis
638 2932 702 2971 ac
737 2926 1013 2987 perpetua:
1050 2919 1459 2991 coniunctionis
1488 2921 1883 2977 testimonium.

208 3004 216 3011 ’
312 3008 450 3063 Nam
488 3009 580 3080 qui
612 3010 768 3075 dixit,
803 3024 928 3064 cum
979 3008 1143 3067 Patre
1182 3008 1381 3065 Filium
1413 3024 1535 3066 esse
1562 3049 1577 3075 ,
1623 3009 1789 3065 simul
1832 3016 1888 3064 et

314 3103 680 3173 hypostaseon
757 3102 1140 3172 proprietatem
1204 3117 1259 3158 et
1317 3102 1682 3172 inseparabile
1742 3116 1881 3158 con-

315 3192 545 3246 sortium
577 3195 873 3262 expressit.
913 3192 1073 3275 Quod
1103 3193 1247 3250 idem
1286 3195 1451 3250 etiam
1487 3195 1541 3249 in
1582 3196 1752 3251 rebus
1782 3195 1887 3250 bu-

310 3283 494 3338 manis
544 3282 731 3338 videre
783 3291 887 3349 est.
929 3283 984 3339 in
1015 3284 1215 3355 quibus
1266 3295 1315 3342 et
1347 3285 1665 3357 conjunctio
1716 3286 1888 3342 decla-

310 3381 403 3426 rat
436 3388 782 3429 communem
813 3376 1189 3447 operationem
1227 3395 1241 3429 :
1298 3384 1354 3431 et
1407 3376 1724 3448 prapositio
1773 3392 1890 3431 eum

307 3462 720 3531 quodammodo
810 3463 978 3520 etiam
1066 3464 1340 3536 signiﬁcat
1427 3463 1890 3521 communionem.

309 3554 477 3622 Quod
508 3568 682 3625 genus
719 3561 826 3621 est,
866 3554 1203 3628 Navigarunt
1251 3557 1307 3611 in
1348 3552 1720 3613 Macedoniam
1752 3554 1894 3611 Pau-

314 3645 405 3700 lus
437 3653 492 3700 et
539 3644 900 3709 Timotheus,
966 3647 1063 3703 sed
1124 3655 1185 3702 et
1256 3645 1532 3718 Tychicus
1580 3654 1637 3701 et
1700 3646 1893 3703 Onesi-

316 3746 441 3791 mus
478 3734 633 3791 missi
686 3741 815 3792 sunt
871 3733 1299 3795 Colossensibus
1346 3751 1361 3789 :
1402 3751 1469 3793 ex
1511 3736 1600 3793 bis
1626 3737 1896 3793 discimus

316 3825 442 3881 illos
474 3840 589 3881 rem
623 3826 872 3882 eamdem
892 3826 1114 3884 fecisse.
1150 3826 1257 3883 Sed
1284 3827 1332 3882 si
1364 3827 1726 3892 audierimus,
1762 3842 1900 3883 con-

317 3916 679 3986 navigarunt,
732 3924 789 3972 et
822 3917 984 3973 simul
1027 3917 1181 3975 missi
1210 3924 1380 3983 sunt,
1420 3919 1586 3975 etiam
1627 3919 1762 3974 illud
1800 3919 1900 3974 ad-

315 4006 608 4070 discimus.
675 4010 913 4063 alter-mn
975 4022 1101 4064 cum
1141 4009 1315 4065 altero
1374 4010 1648 4065 actionem
1719 4009 1902 4064 absol-

319 4097 596 4153 δείδεεκιιιι
632 4097 863 4154 διυθιιϋ·
893 4110 1137 4155 errorem
1180 4100 1476 4157 destruens
1530 4099 1646 4155 ba-c
1693 4115 1801 4154 vox
1840 4107 1902 4155 ut

323 4202 435 4245 non
464 4189 579 4243 alia
606 4200 794 4259 atque,
843 4190 998 4245 addit
1048 4190 1160 4246 illis
1199 4197 1254 4247 et
1301 4204 1397 4246 eos
1436 4192 1532 4261 qui
1566 4191 1774 4247 directe
1803 4205 1903 4262 op-

323 4281 513 4352 posite
539 4281 836 4351 impietatis
864 4294 1065 4351 genere
1086 4281 1401 4337 insaniunt.
1452 4280 1531 4338 De
1564 4276 1651 4338 his
1679 4282 1903 4354 loquor,

322 4370 421 4440 qui
446 4369 844 4438 temporalibus
879 4368 1181 4425 intervallis
1212 4365 1409 4426 Filium
1441 4385 1472 4425 a
1502 4369 1684 4438 Patre,
1707 4383 1761 4428 et
1783 4366 1906 4444 Spi-

324 4462 495 4516 ritum
525 4467 776 4515 sanetum
805 4474 835 4515 a
866 4458 1006 4515 Filio
1036 4460 1372 4519 distrahunt.

530 4550 800 4608 Ceterum
855 4567 887 4607 ιι
925 4553 1132 4625 syllaba
1174 4555 1230 4608 in
1280 4569 1347 4611 eo
1401 4555 1638 4614 maxime
1677 4554 1860 4614 ἀίσσει
1886 4597 1903 4624 ,
1940 4568 1981 4622 υ

325 4641 485 4713 quod
554 4645 868 4714 ιιι-προεκἰο
938 4661 1059 4699 cum
1123 4654 1369 4701 mutuam
1454 4648 1905 4721 conjunctionem

326 4748 518 4790 eorum
554 4736 672 4805 qui
721 4737 1094 4793 communiter
1152 4738 1357 4810 aliquid
1392 4749 1590 4812 agunt
1649 4741 1900 4808 exhibet,

327 4828 479 4883 vehit
531 4829 1048 4901 conﬂigantium,
1112 4840 1207 4887 aut
1268 4830 1702 4890 cohabitantium
1734 4875 1749 4900 ,
1815 4843 1906 4889 aut

328 4917 551 4987 quidvis
578 4917 730 4973 aliud
774 4920 1144 4977 communiter
1188 4923 1581 4993 perticientium
1622 4942 1636 4978 :
1673 4933 1727 4978 at
1770 4913 1908 4996 prae-

329 5007 532 5078 positio
585 5007 640 5060 ἕιι
681 5006 922 5064 declarat
954 5010 1270 5066 relationem
1330 5012 1397 5067 ad
1424 5012 1481 5067 id
1514 5011 1568 5066 in
1618 5028 1729 5083 quo
1779 5022 1908 5068 sunt

329 5105 646 5169 sperantes.
709 5092 1146 5170 Siquidem-eum
1199 5100 1454 5157 audimus
1481 5142 1495 5166 ,
1554 5100 1862 5174 iunam‘gant
1890 5144 1906 5169 ,

332 5196 428 5245 aut
464 5189 805 5256 inhabitant;
853 5191 1107 5261 protinus
1160 5193 1469 5262 cogitamus
1512 5193 1774 5263 scapham
1814 5202 1910 5248 aut

331 5283 577 5341 domum.
636 5280 823 5353 itaque
859 5282 1014 5352 juxta
1063 5296 1409 5340 communem
1463 5298 1621 5339 usum
1654 5326 1669 5351 ,
1713 5285 1909 5340 harum

330 5375 827 5445 syliabarumltalis
860 5385 947 5432 est
990 5377 1134 5432 inter
1166 5378 1314 5447 ipsas
1343 5374 1678 5443 Merenda,
1706 5377 1909 5448 major-

334 5482 441 5536 que
505 5464 738 5522 inveniri
806 5467 1005 5535 poterit
1059 5480 1089 5519 a
1151 5467 1434 5525 studiosis.
1498 5468 1685 5541 Neque
1760 5471 1905 5528 enim

336 5557 469 5612 mihi
505 5567 664 5612 vacat
695 5558 762 5613 de
800 5556 1014 5612 ratione
1033 5558 1363 5627 syllabarum
1396 5563 1702 5632 exquirere.
1760 5564 1910 5630 Quo-

1976 1931 2142 2002 ρήτου
2186 1930 2285 2000 τῆς
2312 1931 2560 2000 χρήσεως
2590 1929 2698 1982 τῶν
2752 1927 3032 1982 συλλαϐῶν
3067 1928 3252 1999 οὔσης,
3284 1925 3426 1984 οὗτοι
3455 1929 3554 1992 τάς

1977 2021 2077 2092 μὲν
2116 2021 2433 2092 ἐγγράφειν,
2476 2019 2576 2083 τὰς
2623 2019 2680 2073 δὲ
2712 2019 3034 2073 άποδιώκειν
3086 2022 3185 2091 τῆς
3229 2020 3555 2089 Ἑκκλησίας

1976 2113 2363 2185 ἐπιχειροῦσιν.
2402 2111 2544 2182 Ἐγὼ
2586 2111 2663 2177 δὲ,
2705 2113 2753 2165 εἰ
2795 2112 2889 2165 καὶ⁴
2920 2115 2983 2165 ἐκ
3011 2110 3109 2182 τῆς
3136 2109 3354 2183 πρώτης
3384 2110 3556 2180 ἀκοῆς

1976 2204 2204 2275 ἐναργὲς
2230 2202 2343 2273 ἔχει
2369 2202 2429 2256 τὺ
2447 2203 2736 2275 χρήσιμον,
2767 2200 2881 2255 ἀλλ’
2909 2196 3002 2254 οὖν
3027 2200 3120 2254 καὶ
3143 2201 3233 2254 τὸν
3396 2199 3558 2268 λόγον

1968 2294 2287 2367 παρέξομαι
2320 2293 2443 2348 καθ’
2471 2293 2529 2347 ὃν
2553 2293 2601 2347 oi
2636 2293 2873 2364 πατέρες
2899 2295 2930 2363 ἡ
2941 2293 3055 2363 μῶν
3085 2293 3183 2345 οὐκ
3204 2292 3388 2362 ἀργῶς
3419 2309 3558 2362 συμ-

1982 2384 2291 2457 παρέλαϐον
2321 2385 2421 2456 τὴν
2452 2384 2649 2455 χρῆσιν
2686 2384 2786 2453 τῆς
2818 2382 3128 2452 προθέσεως
3161 2382 3382 2452 ταύτης.
3412 2382 3558 2454 Πρὸς

1981 2477 2092 2547 γὰρ
2141 2476 2218 2547 τῷ
2258 2476 2320 2529 τὸ
2372 2476 2466 2529 τοῦ
2502 2474 2792 2527 Σαϐελλίου
2825 2474 2993 2527 κακὸν
3031 2472 3316 2537 ίσοσθενῶς
3343 2476 3409 2542 τῇ
3460 2473 3558 2525 καί

1984 2566 2220 2639 συλλαϐῇ
2253 2567 2570 2637 διελέγχειν,
2600 2567 2695 2620 καὶ
2728 2565 3125 2636 παραπλησίως
3155 2564 3338 2638 ἐκείνῃ
3363 2564 3423 2616 τὸ
3449 2563 3561 2615 τῶν

1984 2660 2333 2714 ὑποστάσεων
2358 2657 2487 2711 ἴδιον
2521 2657 2811 2729 παριστᾷν,
2844 2656 2919 2720 ὡς
2941 2656 3002 2708 τό
3021 2672 3034 2685 ο
3084 2656 3231 2725 Ἐγὼ
3259 2656 3355 2708 καὶ
3383 2657 3415 2708 ὁ
3442 2657 3560 2707 Πασ-

1985 2752 2097 2819 τὴρ
2148 2750 2517 2818 ἐλευσόμεθα
2542 2766 2555 2779 ·
2587 2749 2682 2802 καὶ
2732 2748 2824 2801 τό’
2871 2747 3017 2816 Ἐγὼ
3057 2748 3153 2800 καὶ
3202 2749 3235 2800 ὁ
3263 2746 3462 2814 Πατὴρ
3491 2746 3562 2799 ἓν

1987 2841 2201 2911 ἐσμεν·
2232 2839 2510 2911 ἐξαίρετον
2531 2838 2641 2909 ἔχει
2666 2839 2764 2910 τῆς
2786 2837 2954 2892 άῖδίου
2981 2837 3260 2898 κοινωνίας
3284 2837 3373 2889 καὶ
3394 2835 3567 2888 ἀπαύ-

1990 2946 2116 2985 στου
2318 2931 2614 3000 συναφείας
2654 2929 2716 2982 τὸ
2772 2929 3086 3001 μαρτύριον.
3135 2929 3192 2981 '0
3235 2930 3344 2997 γὰρ
3396 2926 3569 2980 εἰπὼν

1992 3022 2089 3075 σὺν
2124 3020 2200 3092 τῷ
2229 3021 2402 3091 Πατρὶ
2439 3020 2532 3073 τὸν
2565 3020 2691 3074 Υίὺν
2719 3017 2855 3074 εἶναι
2886 3019 3020 3090 ὁμοῦ
3062 3018 3167 3088 τήν
3206 3035 3267 3071 τε
3299 3018 3407 3071 τῶν
3436 3019 3565 3070 ὐπο-

1994 3114 2238 3168 στάσεων
2287 3112 2527 3182 ἰδιότητα
2557 3112 2650 3165 καὶ
2693 3110 2753 3164 τὸ
2797 3109 3099 3181 ἀχώριστον
3150 3108 3250 3179 τῆς
3287 3109 3569 3170 κοινωνίας

1937 3241 1952 3276 ._
1994 3204 2214 3270 ιδειξεν.
2276 3204 2453 3276 Ὅπερ
2511 3203 2607 3257 καὶ
2668 3201 2761 3256 ἐπὶ
2827 3202 2937 3254 τῶν
3007 3199 3362 3271 ἀνθρωπίνων
3423 3200 3574 3253 ἔστιν

2000 3295 2130 3350 ἰδεῖν
2160 3308 2179 3325 ·
2341 3295 2369 3346 ό
2401 3294 2499 3366 μὲν
2538 3293 2635 3348 καί
2668 3292 2962 3363 σύνδεσμος
3003 3290 3065 3345 τὸ
3096 3289 3271 3344 κοινὸν
3293 3290 3392 3360 τῆς
3420 3291 3570 3360 ἐνερ-

1997 3389 2151 3457 γείας
2177 3387 2506 3460 παρίστησιν
2530 3401 2544 3417 ο
2577 3386 2610 3457 ἠ
2641 3385 2698 3439 δὲ
2729 3385 2851 3438 σὺν
2886 3382 3143 3455 πρόθεσις
3166 3383 3264 3453 τὴν
3291 3379 3574 3434 κοινωνίαν

2000 3497 2116 3543 πως
2145 3478 2598 3532 συνενδείκνυται.
2623 3472 2769 3540 Οἷον,
2793 3474 3101 3528 Ἔπλευσαν
3125 3475 3206 3536 εἰς
3238 3470 3575 3525 Μακεδονίαν

2003 3568 2211 3633 Παῦλος
2238 3571 2333 3624 καὶ
2357 3567 2619 3639 Τιμόθεος
2639 3574 2657 3598 ·“
2684 3566 2819 3621 ἀλλὰ
2848 3567 2943 3620 καὶ
2972 3564 3202 3635 Τυχικδς
3229 3566 3321 3616 καὶ
3362 3562 3576 3631 Ὀνήσι-

2006 3678 2106 3733 tto;
2138 3659 2523 3731 ἀπεστάλησαν
2550 3657 2951 3712 Κολοσσαεῦσιν
2971 3673 2985 3687 ·
3018 3657 3082 3709 ὲκ
3106 3654 3329 3716 τούτων,
3364 3652 3579 3722 ὅτι-μὲν

2003 3751 2200 3806 ταυτὸν
2251 3751 2581 3821 ὲνήργησαν,
2632 3746 3059 3819 μεμαθήκαμεν·
3094 3744 3189 3797 ἐὰν
3239 3742 3295 3796 δὲ
3333 3740 3583 3796 ἀκούσω-

2010 3860 2129 3914 μεν,
2159 3842 2239 3896 ὅτι
2287 3840 2652 3895 συνέπλευσαν
2692 3839 2786 3892 καὶ
2826 3833 3330 3905 συναπεστάλησαν,
3365 3832 3448 3884 ὅτι
3490 3829 3585 3883 καὶ

2013 3932 2129 4003 μετ’
2162 3930 2406 4001 ἀλλήλων
2431 3928 2527 4000 τὴν
2563 3925 2761 3998 πρᾶξιν
2794 3924 3119 3996 ἐπλήρωσαν
3157 3918 3586 3993 προσεδιδάχθη-

2010 4039 2133 4093 μεν.
2170 4019 2324 4075 Οὕτω
2349 4020 2412 4073 τδ
2447 4017 2540 4072 τοῦ
2584 4013 3084 4079 Σαϐελλίου-κακδν,
3118 4013 3195 4077 ὡς
3226 4009 3450 4081 οὐδεμία
3475 4007 3587 4061 τῶν

2013 4111 2186 4166 ἄλλων
2213 4109 2405 4179 φωνῶν
2439 4104 2803 4168 καταλύουσα,
2829 4103 3182 4175 προστίθησιν
3364 4095 3592 4157 ἐκείνοις

2015 4202 2111 4258 καὶ
2147 4201 2277 4264 τοὺς
2304 4199 2447 4255 κατὰ
2475 4199 2764 4270 διάμετρον
2796 4192 3145 4258 ἀσεϐοῦντας.
3183 4190 3340 4259 Λέγω
3370 4188 3434 4260 δὴ
3465 4186 3593 4242 τού-

2015 4310 2142 4358 τους
2186 4291 2235 4346 οἳ
2267 4292 2533 4362 χρονικοῖς
2583 4284 2907 4358 διαστήμασι
2959 4283 3052 4337 τοῦ
3097 4280 3193 4355 μὲν
3244 4277 3457 4349 Πατρδς
3501 4276 3594 4330 τὸν

2019 4386 2169 4452 Υἰδν,
2203 4383 2297 4439 τοῦ
2323 4384 2379 4437 δὲ
2406 4380 2533 4436 Υῑοῦ
2564 4381 2626 4434 τὸ
2646 4377 2873 4449 Πνεῦμα
2897 4377 2959 4429 τδ
2983 4377 3137 4446 ἅγιον
3165 4369 3449 4443 διαιροῦσι.

2217 4560 2363 4634 Πρὸς
2389 4559 2447 4614 δὲ
2484 4557 2582 4629 τὴν
2627 4557 2695 4610 ἐν
2729 4550 2999 4622 συλλαϐὴν
3048 4550 3222 4603 ἐκεῖνο
3266 4544 3499 4616 μάλιστα
3535 4536 3599 4591 τδ

2023 4656 2278 4726 διάφορον
2309 4651 2441 4722 ἔχει,
2463 4652 2546 4704 ὅτι
2565 4650 2599 4719 ή
2624 4648 2720 4718 μὲν
2743 4646 2864 4700 σὺν
2889 4644 2992 4715 τὴν
3019 4639 3156 4735 πρὸς
3188 4636 3450 4735 ἀλλήλους
3476 4648 3605 4735 συν-

2026 4725 2222 4818 άφειαν
2294 4742 2403 4796 τῶν
2471 4737 2870 4794 κοινωνούντων
2926 4733 3283 4807 παρίστησιν,
3336 4725 3447 4781 οἷον
3491 4725 3606 4776 τῶν

2034 4836 2439 4910 συμπλεόντων,
2466 4833 2499 4905 ἢ
2532 4830 2943 4892 συνοικούντων,
2981 4825 3014 4898 ἢ
3041 4823 3220 4878 ὁτιοῦν
3250 4820 3360 4875 τῶν
3386 4818 3606 4910 πάντων

2035 4905 2227 4995 κοινῶς
2252 4925 2609 4982 ὲκτελούντων
2630 4941 2642 4953 ·
2668 4925 2701 4992 ἡ
2736 4921 2793 4975 δὲ
2823 4922 2894 4975 ἐν
2922 4918 3020 4991 τὴν
3049 4914 3233 4986 σχέσιν
3260 4913 3362 4983 τὴν
3388 4911 3527 4981 πρὸς
3543 4905 3607 4960 τὸ

2034 5023 2092 5076 ἐν
2136 5014 2180 5089 ᾧ
2236 5017 2592 5089 τυγχάνουσιν
2644 5010 2994 5084 ἐνεργοῦντες
3039 5007 3205 5078 δηλοῖ.
3245 5000 3614 5072 Ἐμπλέουσι

2037 5114 2147 5184 γὰρ
2181 5111 2273 5165 καὶ
2303 5109 2649 5164 ἐνοικοῦσιν
2679 5103 3032 5165 ἀκούσαντες,
3065 5098 3128 5153 τὸ
3153 5098 3358 5165 σκάφος
3390 5095 3486 5147 καὶ

2038 5182 2214 5257 οὶκίαν
2260 5201 2421 5263 εὐθὺς
2450 5200 2801 5270 ὲννοήσαμεν.
2852 5193 3008 5247 Κατὰ
3039 5191 3136 5262 μὲν
3166 5184 3274 5242 οὖν’
3287 5187 3388 5256 τὴν
3427 5182 3616 5253 κοινὴν

2040 5295 2255 5365 χρῆσιν,
2281 5295 2313 5364 ἡ
2343 5292 2476 5361 πρὸς
2507 5288 2743 5361 ἀλλήλας
2780 5282 2959 5338 αὐτῶν
2984 5279 3219 5351 διαφορὰ
3244 5276 3490 5365 τοιαύτη.
3519 5274 3622 5365 καλ.

2040 5361 2143 5436 ἔᾶτι
2160 5361 2341 5433 πλεῖον
2368 5379 2434 5433 ἂν
2612 5373 2859 5447 εὑρεθείη
2883 5369 3035 5442 παρὰ
3058 5367 3167 5422 τῶν
3191 5364 3512 5435 φιλοπόνων.
3539 5361 3620 5412 06

2041 5475 2153 5548 γὰρ
2196 5475 2319 5546 ἐμοὶ
2364 5470 2528 5543 σχολὴ
2577 5468 2648 5522 τὰ
2693 5466 2823 5536 περὶ
2867 5463 2976 5517 τῶν
3014 5457 3293 5515 συλλαϐῶν
3321 5453 3618 5548 ἐξετάζειν.

2055 5544 2209 5622 Ἐπεὶ
2231 5544 2348 5620 οὖν
2391 5563 2657 5617 δέδεικται
2686 5562 2718 5628 ή
2747 5556 2869 5611 σὺν
2906 5551 3254 5625 εὐσημότατα
3296 5544 3624 5603 ἀποδιδοῦσα

430 5739 451 5771 ⁸
483 5738 529 5795 ll
546 5739 671 5795 Cor.
709 5755 824 5803 xm,
851 5738 939 5793 {‘51
1010 5733 1220 5793 'Rom.
1256 5732 1459 5795 “.30.
1536 5735 1556 5767 ³
1584 5734 1739 5789 Joau.
1775 5750 1892 5798 xlv,
1946 5731 2035 5786 25.
2113 5735 2132 5764 ⁸
2162 5734 2322 5788 Joan.
2385 5750 2439 5796 x,
2472 5724 2591 5790 50.‘
