4082 6400
422 328 529 394 785

1401 321 1775 383 PANOPLIA
1818 318 2278 379 DOGMATICA.
2310 341 2377 351 -
2403 317 2548 378 ΤΙΤ.
2593 312 2735 376 XII.

3576 315 3683 378 786

425 451 526 518 τῆς
556 444 854 514 συναφείας
879 442 979 508 τὴν
1006 443 1237 505 ἔννοιαν,
1263 439 1509 509 γενέσθω
1530 440 1657 508 ὑμῖν
1684 436 1994 498 ἔνσπονδος,

2122 435 2246 486 liam
2274 434 2440 501 igitur
2478 434 2916 488 demonstratum
2949 439 3033 488 est
3064 428 3501 501 prapositionem
3561 445 3679 484 cum

424 541 472 592 εί
499 538 667 602 δοκεῖ,
700 538 796 589 καὶ
842 534 1127 587 παύσασθε
1156 531 1250 585 τοῦ
1280 529 1519 601 χαλεποῦ
1551 529 1688 598 πρὸς
1714 528 1885 596 αὐτὴν
1906 526 1999 577 καὶ

425 628 743 699 ἀκηρύκτου
766 626 1028 696 πολέμου.
1086 624 1279 694 Ὅμως
1327 624 1512 692 μέντοι
1539 621 1713 683 οὕτως
1756 620 1997 686 εὐσήμου

428 725 522 793 τῆς
548 723 738 793 φωνῆς
771 721 1153 793 ὑπαρχούσης,
1196 721 1252 773 εῐ
1275 736 1354 788 τῳ
1383 718 1537 787 φίλον
1566 720 1624 769 ὲν
1668 713 2000 781 δοξολογίαις

432 818 487 866 ἐν
528 809 879 877 Εὐαγγελίοις
917 806 1010 859 ἐπὶ
1041 804 1135 858 τοῦ
1170 804 1544 874 βαπτίσματος
1591 797 2010 869 μεμαθήκαμεν,

434 903 652 972 Πατέρα
672 902 767 953 καὶ
805 898 933 951 Υἱὸν
966 895 1061 949 καὶ
1094 895 1246 963 ἅγιον
1282 891 1532 960 Πνεῦμα·
1564 890 1657 940 καὶ
1692 886 1835 939 οῦτω
1865 881 2012 951 γινέ-

436 994 565 1055 σθω,
597 991 771 1052 οὐδεὶς
822 988 1056 1057 ἀντερεῖ.
1106 983 1229 1038 Ἐπὶ
1273 981 1502 1043 τούτοις,
1548 981 1594 1032 εί
1633 979 1798 1033 δοκεῖ.
1843 989 2013 1028 κατα-

432 1083 673 1154 θώμεθα.
714 1079 878 1132 Ἀλλὰ
918 1079 1017 1139 τὰς
1047 1076 1299 1144 γλώσσας
1340 1072 1406 1126 ἂν
1440 1063 1942 1154 πρόοιντομᾶλλον,
1979 1059 2013 1154 ᾗ

432 1174 530 1244 τὴν
568 1170 753 1241 φωνὴν
785 1168 990 1238 ταύτην
1032 1165 1295 1231 δέξαιντο.
1331 1159 1501 1213 Τοῦτο
1537 1158 1633 1228 μὲν
1661 1150 1753 1207 οῦν
1794 1155 1961 1212 ἐστιν,
1987 1148 2016 1201 ὃ

433 1243 526 1317 τδν
556 1263 865 1332 ἀκήρυκτον
888 1258 1023 1329 ἡμῖν
1042 1255 1135 1310 καὶ
1163 1254 1424 1310 ἄσπονδον
1457 1250 1691 1319 πόλεμον
1718 1243 2013 1312 ἐπεγείρει.

2108 522 2606 591 signiﬁeantissime
2686 522 2914 577 reddere
2988 519 3398 590 coniunctionis
3474 519 3680 574 intelli-

2105 598 2369 685 gentiam,
2428 616 2676 670 inducias
2706 629 2735 668 a
2778 613 2956 678 vobis,
2992 612 3038 669 si
3103 612 3339 675 videtur,
3402 611 3675 682 impetret,

2105 726 2167 764 ac
2217 709 2464 763 desistite
2524 718 2678 762 atrox
2734 714 2786 761 et
2816 706 3159 776 implacabile
3183 706 3381 761 bellum
3420 720 3545 759 cum
3591 703 3679 757 illa

2107 818 2315 874 gerere.
2416 799 2522 856 Sed
2593 810 2775 855 tamen
2867 798 3123 871 quamvis
3198 797 3316 854 haec
3382 810 3485 851 vox
3575 806 3685 850 tam

2108 905 2233 966 apta
2266 894 2336 949 sit
2372 892 2441 945 ad
2485 888 2929 961 signiﬁcandum,
2981 887 3027 941 si
3077 886 3166 941 cui
3203 885 3356 941 cordi
3410 884 3578 938 fuerit
3630 883 3684 936 in

2112 984 2601 1058 gloriﬁcationibus
2635 996 2733 1051 per
2786 979 3054 1051 syllabam
3080 991 3130 1032 et
3186 978 3410 1031 nomina
3476 989 3688 1030 conne-

2113 1090 2260 1132 ctere
2297 1082 2351 1131 et
2379 1075 2686 1147 gloriﬁcare
2718 1112 2733 1137 ,
2773 1068 3232 1141 quemadmodum
3265 1069 3321 1123 in
3353 1067 3689 1139 Evangeliis,

2116 1168 2207 1224 ubi
2232 1167 2299 1223 de
2328 1167 2675 1238 baptismate,
2712 1163 3029 1227 didicimus,
3069 1160 3286 1216 Patrem
3318 1167 3373 1215 et
3416 1158 3613 1212 Filium
3638 1164 3693 1212 et

2117 1259 2379 1331 Spiritum
2413 1246 2662 1313 sanctum
2694 1274 2709 1324 ;
2742 1256 2907 1311 etiam
2943 1253 3018 1307 ita
3061 1251 3173 1316 ﬁat,
3205 1265 3368 1306 nemo
3413 1247 3696 1305 contradi-

448 1356 537 1408 Ἐν
586 1353 666 1423 τῷ
706 1351 1005 1421 Πνεύματι,
1056 1348 1211 1418 φησὶ,
1243 1345 1320 1417 τῷ
1376 1342 1515 1411 ἁγίῳ
1564 1339 1663 1411 τὴν
1712 1332 2017 1402 δοξολογίαν

2122 1362 2308 1409 cturus
2346 1361 2450 1409 est.
2493 1349 2607 1407 Hac
2663 1351 2996 1412 conditione,
3031 1348 3079 1404 si
3118 1346 3355 1411 videtur,
3413 1345 3556 1399 inter
3592 1356 3697 1397 nos

434 1445 727 1499 ἀποδοτέον
748 1442 826 1513 τῷ
847 1440 986 1512 Θεῷ,
1014 1440 1138 1509 οὐχὶ
1167 1438 1224 1490 δὲ
1260 1433 1447 1505 καὶτῷ
1465 1432 1775 1499 Πνεύματι·
1805 1426 1899 1479 καὶ
1926 1425 2017 1477 ὲκ-

2122 1445 2549 1502 consentiamus.
2611 1442 2717 1497 Sed
2755 1442 2842 1499 isti
2902 1441 3068 1495 citius
3103 1437 3405 1509 abjecerint
3454 1436 3696 1503 linguas,

436 1537 717 1608 θυμότατα
760 1535 859 1604 τῆς
889 1533 1071 1602 φωνῆς
1119 1528 1323 1600 ταύτης
1359 1527 1436 1590 ὡς
1627 1518 2018 1586 ταπεινωτικῆς

2122 1552 2284 1609 quam
2324 1535 2469 1590 hanc
2507 1549 2697 1590 vocem
2739 1533 3031 1602 recipiant.
3074 1526 3189 1585 Hoc
3216 1529 3385 1601 igitur
3414 1534 3521 1591 est,
3552 1526 3699 1596 quod

434 1630 530 1683 τοῦ
566 1629 883 1699 Πνεύματος
934 1624 1300 1696 περιέχονται.
1338 1618 1476 1689 Περὶ
1501 1611 1570 1688 ἦς
1603 1615 1702 1668 οὐκ
1747 1612 2019 1699 άχρηῌστον

2124 1630 2282 1684 nobis
2323 1629 2653 1683 acerrimum
2710 1641 2774 1680 ac
2830 1624 3292 1681 irreconciliabile
3346 1621 3546 1676 bellum
3607 1634 3701 1673 ex-

436 1722 532 1773 καὶ
579 1719 669 1772 διὰ
712 1715 1064 1789 μακροτέρων
1104 1715 1297 1766 εἰπεῖν.
1332 1703 1432 1761 Ὧν
1470 1705 1803 1762 ἀκούσαντες
1849 1693 2014 1763 οῦτοι,

444 1811 463 1817 -
605 1812 614 1817 -
857 1808 879 1817 -
1007 1808 1020 1817 .
1104 1805 1116 1817 ι
1176 1804 1189 1817 ο
1373 1799 1455 1817 ora
1484 1816 1509 1817 η
1555 1794 1716 1817 -..τ..ε.-.
1768 1790 1857 1817 ...Α
1885 1788 2020 1817 -..λι-

2123 1718 2277 1771 citat.
2312 1714 2366 1769 ln
2412 1714 2617 1786 Spiritu
2646 1723 2839 1771 sancto
2868 1753 2883 1779 ,
2925 1714 3221 1784 inquiunt,
3262 1711 3441 1767 danda
3475 1716 3559 1764 est
3592 1708 3702 1779 glo-

439 1788 823 1882 θαυμάσαιμεν
854 1808 941 1870 ἂν,
974 1808 1022 1860 εί
1059 1805 1133 1876 μὴ
1161 1804 1236 1868 ὡς
1264 1799 1511 1871 προδότιν
1549 1794 1737 1863 αὐτὴν,
1768 1790 1861 1844 καὶ
1884 1788 2020 1882 πρδς

2127 1810 2206 1863 ria
2249 1808 2378 1872 Deo,
2422 1824 2531 1863 non
2582 1816 2763 1862 autem
2821 1817 2874 1861 et
2907 1806 3134 1876 Spiritui
3171 1822 3182 1856 :
3226 1814 3392 1874 atque
3437 1801 3703 1858 acerrime

436 1877 560 1974 τὴν*
592 1902 686 1955 τοῦ
718 1877 1033 1970 Πνεύματος
1080 1894 1238 1960 δόξαν
1290 1886 1695 1959 αὐτομολοῦσαν
1740 1877 2022 1948 ἀποκηρύ-

2127 1900 2256 1953 huic
2305 1899 2426 1953 voci
2491 1905 2754 1967 tanquam
2814 1892 3077 1964 Spiritum
3147 1890 3475 1962 deprimenti
3528 1887 3691 1942 adlue-

437 1996 620 2061 ξωσιν-
978 2022 983 2027 ·
2130 1998 2375 2045 rescunt.
2404 1987 2478 2043 De
2515 2004 2623 2057 qua
2648 2002 2758 2041 non
2792 1987 2984 2041 inutile
3014 1985 3178 2041 fuerit
3207 1983 3476 2053 prolixius
3502 1980 3702 2035 dicere.

449 2371 563 2428 Τοῦ
580 2371 926 2427 αὐτοῦ.“οτι
946 2371 1188 2439 ὁσαχῶς
1200 2370 1436 2441 λέγεται
1456 2373 1523 2426 τὸ
1549 2390 1568 2424 ι
1592 2374 1663 2427 ἐν
1686 2395 1703 2424 ι
1729 2390 2021 2428 τοσαυτα-

519 2441 638 2508 χῶς
675 2443 795 2512 ,καὶ
854 2442 952 2494 ἐπὶ
1015 2434 1123 2495 ’τὸῦ
1163 2434 1545 2511 ’Πήύματος
1622 2443 2013 2512 λαμϐάνεται.
2050 2434 2061 2449 ’

519 2511 749 2580 Κεφάλ.
775 2512 893 2577 κς’.

530 2627 777 2698 Ὀσαχῶς
806 2627 1029 2696 λέγεται
1066 2628 1126 2682 τὸ
1161 2628 1251 2694 ἐν,
1298 2628 1654 2698 τοσαυταχῶς
1690 2628 2022 2700 εὑρίσκομεν

447 2722 570 2783 ταῖς
619 2720 871 2791 περὶτοῦ
922 2721 1245 2790 Πνεύματος
1288 2720 1521 2784 ἐννοίαις
1552 2723 2023 2792 ὑπηρετούμενον.

445 2813 681 2878 Λέγεται
707 2812 804 2880 μὲν
827 2811 919 2865 οῦν
936 2811 995 2865 τὸ
1014 2808 1153 2875 είδος
1169 2815 1227 2864 ὲν
1242 2815 1306 2881 τῇ
1328 2813 1429 2882 ῦλῃ
1450 2809 1612 2878 εἶναι,
1631 2815 1723 2868 καὶ
1746 2817 1778 2885 ἡ
1797 2816 2026 2885 δύναμις

442 2906 499 2951 ὲν
534 2899 610 2968 τῷ
627 2899 885 2968 δεκτικῷ,
910 2902 1005 2952 καὶ
1022 2902 1055 2969 ἡ
1075 2900 1188 2964 ἕξις
1227 2903 1284 2954 ἐν
1313 2900 1391 2971 τῷ
1415 2902 1536 2955 κατ’
1553 2904 2024 2975 αὐτὴνλδιακειμέ-

443 3008 542 3058 νω,
576 2993 675 3043 καὶ
696 2991 867 3043 πολλὰ
886 2992 1134 3046 τοιαῦτα.
1149 2993 1381 3058 Οὐκοῦν,
1400 2994 1537 3047 καθὸ
1560 2998 1657 3064 μὲν
1675 2998 2024 3052 τελειωτικὺν

2128 2086 2264 2153 Quae
2316 2097 2441 2137 cum
2484 2080 2767 2153 audierint
2793 2080 2905 2145 isti,
2969 2070 3305 2139 demirabor,
3355 2077 3400 2129 si
3438 2087 3547 2127 non
3587 2084 3707 2125 eam

2135 2184 2191 2229 ut
2231 2171 2585 2244 proditricem
2626 2176 2681 2225 et
2720 2170 2786 2223 ad
2823 2167 3064 2239 Spiritus
3095 2166 3325 2238 gloriam
3355 2162 3503 2218 ultro
3524 2169 3701 2229 trans-

2136 2266 2318 2336 fugam
2353 2264 2740 2335 repudiabunt.

2125 2368 2402 2438 Ejusdem.
2434 2370 2574 2436 Quot
2607 2371 2777 2426 modis
2798 2372 2995 2425 dicitur
3020 2374 3157 2432 «in.»
3192 2372 3411 2426 totidem
3442 2368 3612 2424 modis
3636 2369 3705 2423 de

2530 2440 2735 2511 Spiritu
2764 2445 2958 2512 accipi.
2994 2442 3162 2509 Caput
3192 2444 3282 2496 26.

2193 2621 2335 2689 Quot
2364 2621 2538 2676 modis
2578 2610 2779 2675 dicitur
2808 2623 2886 2683 in,
2921 2621 3145 2677 totidem
3176 2621 3356 2678 modis
3380 2621 3697 2679 invenimus

2124 2729 2242 2768 eam
2288 2714 2546 2783 syllabam
2573 2712 2931 2781 conceptibus
2982 2712 3049 2767 de
3093 2711 3301 2784 Spiritu
3362 2713 3699 2768 subservire.

2128 2802 2259 2857 Nam
2290 2802 2462 2857 forma
2493 2801 2693 2856 dicitur
2716 2815 2839 2855 esse
2863 2801 2916 2854 in
2941 2802 3190 2864 materia,
3214 2809 3266 2855 et
3286 2803 3526 2870 potentia
3556 2800 3611 2852 in
3635 2813 3703 2854 eo

2117 2900 2263 2967 quod
2301 2899 2421 2966 ejus
2450 2914 2622 2971 capax
2660 2910 2765 2967 est,
2798 2910 2852 2958 et
2898 2902 3122 2959 habitus
3162 2904 3215 2958 in
3258 2919 3325 2959 eo
3363 2903 3456 2974 qui
3498 2919 3698 2961 secun-

2117 2989 2246 3045 dum
2297 2992 2449 3046 illum
2512 2992 2742 3050 allectus
2814 3005 2938 3061 est,
2994 2997 3210 3066 aliaque
3261 2996 3427 3066 hujus
3476 2997 3697 3067 generis

440 3084 674 3151 τὸαγιον
706 3082 931 3153 Πνεῦμα
954 3084 1062 3136 τῶν
1093 3084 1347 3152 λογικῶν,
1380 3086 1681 3155 ἀπαρτίζον
1723 3089 1901 3143 αὐτῶν
1925 3090 2022 3162 τὴν

2122 3084 2313 3138 multa.
2384 3084 2570 3155 Itaque
2634 3095 2909 3159 quatenus
2985 3087 3224 3157 Spiritus
3298 3097 3527 3145 sanctus
3588 3089 3700 3144 vim

444 3175 745 3245 ἀκρότητα,
774 3175 867 3228 τὸν
918 3174 1014 3228 τοῦ
1053 3176 1227 3238 εἴδους
1258 3176 1415 3244 λόγον
1448 3178 1658 3248 ἐπέχει.
1696 3178 1754 3232 '0
1778 3180 1886 3251 γὰρ
1922 3199 2027 3251 μη-

447 3267 570 3319 κέτι
610 3266 750 3319 κατὰ
778 3267 957 3345 σάρκα
989 3264 1122 3334 ζῶν,
1138 3267 1274 3320 ἀλλὰ
1317 3266 1601 3337 Πνεύματι
1633 3268 1769 3323 Θεοῦ
1822 3272 2028 3339 ἀγόμε-

443 3375 558 3421 νος,
593 3357 688 3410 καὶ
718 3357 829 3420 υίὸς
858 3357 994 3410 Θεοῦ
1037 3359 1413 3427 χρηματίζων,
1446 3361 1541 3413 καὶ
1583 3363 1904 3434 σύμμορφος
1929 3367 2027 3435 τῆς

451 3451 664 3512 εἰκόνος
689 3449 786 3501 τοῦ
810 3449 942 3502 Υίοῦ
972 3449 1066 3503 τοῦ
1096 3451 1233 3503 Θεοῦ
1264 3451 1574 3522 γενόμενος,
1641 3455 2021 3523 πνευματικὸς

451 3538 800 3608 ὀνομάζεται.
825 3544 935 3595 Kal.
961 3543 1037 3607 ὡς
1062 3545 1095 3615 ή
1122 3545 1352 3617 δύναμις
1377 3546 1471 3599 τοῦ
1504 3548 1635 3617 ὁρᾷν
1669 3548 1727 3598 ὲν
1756 3543 1834 3615 τῷ
1858 3543 2025 3613 ὑγιαί-

452 3649 595 3686 νοντι
628 3634 913 3705 ὀφθαλμῷ,
943 3636 1114 3699 οὕτως
1142 3639 1174 3708 ἡ
1218 3639 1467 3709 ἐνέργεια
1500 3637 1594 3690 τοῦ
1626 3636 1942 3708 Πνεύματος
1976 3636 2034 3688 ὲν

452 3727 515 3794 τῇ
547 3726 931 3797 κεκαθαρμένη
954 3727 1122 3799 ψυχῇ.
1158 3728 1249 3781 Διὸ
1274 3730 1366 3781 καὶ
1397 3726 1606 3791 Παῦλος
1632 3727 1847 3798 εὐχεται
1890 3726 2037 3794 Ἐφε-

454 3817 609 3878 σίοις,
641 3818 1087 3888 πεφωτισμένους
1126 3818 1438 3889 ὀφθαλμοὺς
1467 3818 1647 3873 αὐτῶν
1689 3816 1828 3872 εἶναι
1868 3819 1926 3872 ὲν
1953 3817 2034 3889 τῷ

450 3911 727 3981 Πνεύματι
753 3913 853 3982 τῆς
893 3914 1104 3982 σοφίας.
1132 3915 1243 3969 Καὶ
1271 3914 1346 3978 ὼς
1373 3916 1406 3985 ἡ
1434 3915 1599 3986 τέχνη
1639 3914 1697 3968 ὲν
1729 3913 1808 3985 τῷ
1833 3914 2033 3970 ἀναλα-

449 4002 595 4054 ϐόντι
635 4003 827 4074 αὐτὴν,
867 4004 1040 4069 οὕτως
1083 4007 1117 4076 ἡ
1156 4006 1316 4078 χάρις
1347 4006 1442 4060 τοῦ
1496 4007 1815 4079 Πνεύματος
1864 4009 1923 4061 ὲν
1953 4006 2031 4078 τῷ

449 4091 849 4165 ὑποδεξαμένῳ,
880 4096 965 4148 ἀεὶ
996 4095 1095 4166 μὲν
1122 4098 1506 4169 συμπαροῦσα,
1537 4100 1657 4170 οὐχὶ
1678 4100 1735 4153 δὲ
1761 4100 1855 4153 καὶ
1882 4101 2032 4171 ἐνερ-

446 4181 616 4249 γοῦσα
659 4183 943 4254 διηνεκῶς.
994 4186 1146 4239 Ἐπεὶ
1189 4187 1284 4242 καὶ
1318 4191 1351 4261 ἡ
1386 4189 1547 4261 τέχνη
1590 4190 1816 4260 δυνάμει
1848 4189 1945 4261 μὲν
1973 4191 2030 4244 ὲν

445 4272 521 4343 τῷ
556 4274 777 4346 τεχνίτῃ
801 4276 978 4329 ὲστίνο
1010 4280 1261 4352 ἐνεργείᾳ
1284 4281 1340 4334 δὲ
1379 4282 1523 4348 τότε,
1560 4283 1685 4336 ᾶταν
1714 4281 1835 4336 κατ’
1858 4280 2028 4353 αὐτὴν

444 4364 662 4436 ἐνεργῇ.
708 4366 864 4421 Οὕτω
890 4370 987 4423 καὶ
1028 4371 1088 4424 τὸ
1126 4371 1350 4443 Πνεῦμα
1398 4374 1485 4427 ἀεὶ
1529 4374 1629 4445 μὲν
1681 4375 2027 4447 συμπάρεστι

2120 3176 2283 3231 habet
2347 3177 2666 3245 perficiendi
2728 3187 3037 3234 creaturam
3086 3179 3406 3234 rationalem
3437 3218 3453 3244 ,
3513 3179 3701 3234 absol-

2118 3278 2254 3317 vens
2305 3262 2454 3318 illius
2531 3263 2843 3336 fastigium,
2914 3266 3105 3323 formae
3143 3269 3411 3324 rationem
3466 3268 3701 3324 obtinet.

2120 3352 2255 3409 Nam
2312 3355 2406 3425 qui
2441 3355 2554 3425 jam
2605 3370 2715 3411 non
2748 3358 2881 3422 vivit
2940 3358 3245 3415 secundum
3304 3362 3550 3423 carnem,
3606 3358 3702 3416 sed

2123 3444 2334 3517 Spiritu
2376 3443 2470 3501 Dei
2510 3446 2692 3516 agitur
2725 3487 2740 3511 ,
2776 3463 2839 3503 ac
2891 3448 3064 3504 Filius
3106 3449 3205 3505 Dei
3233 3451 3551 3504 nominatur
3579 3491 3593 3515 ,
3650 3457 3705 3505 et

2123 3535 2424 3591 conformis
2452 3537 2675 3609 imagini
2725 3537 2845 3593 Filii
2889 3539 2981 3595 Dei
3018 3540 3195 3598 factus
3233 3548 3336 3604 cst,
3402 3541 3705 3611 spiritualis

2126 3625 2350 3683 dicitur.
2388 3628 2455 3682 Et
2497 3630 2641 3684 sicut
2674 3631 2937 3685 cernendi
2989 3631 3075 3686 vis
3117 3642 3201 3686 est
3237 3633 3290 3685 in
3329 3633 3491 3687 oculo
3524 3647 3660 3686 sano
3688 3673 3704 3697 ,

2118 3720 2209 3776 'sic
2268 3722 2514 3791 operatio
2568 3721 2807 3792 Spiritus
2880 3724 2933 3776 in
2991 3723 3173 3776 anima
3227 3734 3477 3793 purgata.
3518 3724 3707 3794 quue

2118 3811 2329 3868 Paulus
2366 3822 2515 3884 optat
2556 3814 2838 3883 Ephesiis,
2900 3821 2956 3867 ut
2987 3814 3179 3869 oculos
3230 3814 3465 3870 habeant
3505 3816 3709 3870 illumi-

2127 3913 2287 3961 natos
2328 3906 2382 3959 in
2450 3905 2657 3976 Spiritu
2724 3906 3005 3976 sapientia:
3050 3911 3091 3960 ί.
3144 3904 3209 3960 Ει
3246 3907 3704 3976 quemadmodum

2128 4011 2220 4052 ars
2277 4004 2361 4051 est
2401 3997 2455 4052 in
2510 4012 2574 4052 eo
2601 3996 2693 4066 qui
2761 3997 2908 4051 illam
2961 3996 3189 4066 adeptus
3237 4006 3318 4052 est
3352 4038 3364 4059 ,
3410 4000 3481 4051 ita
3530 3999 3704 4069 gratia

2128 4084 2371 4160 Spiritus
2429 4090 2482 4144 in
2536 4105 2600 4145 eo
2638 4090 2733 4159 qui
2792 4090 2996 4161 recepit
3034 4105 3178 4154 eam,
3221 4106 3435 4160 semper
3482 4091 3703 4162 quidem

2130 4200 2397 4256 praesens,
2472 4194 2527 4238 at
2581 4198 2688 4237 non
2734 4191 2997 4254 perpetuo
3031 4198 3289 4253 operans.
3324 4182 3458 4238 Nam
3517 4194 3570 4239 et
3615 4199 3707 4241 ars

2128 4278 2371 4349 potentia
2424 4278 2645 4347 quidem
2676 4288 2759 4334 est
2792 4279 2847 4332 in
2901 4279 3108 4333 artiﬁce
3140 4294 3154 4345 ;
3201 4284 3323 4331 actu
3378 4293 3509 4332 vero
3548 4285 3662 4330 tum
3690 4317 3704 4340 ,

2128 4383 2253 4424 cum
2302 4369 2604 4424 secundum
2656 4370 2803 4423 illam
2866 4378 3173 4438 operatur:
3214 4368 3400 4424 itidem
3467 4366 3707 4437 Spiritus

441 4458 554 4518 τοῖς
597 4456 789 4524 ἀξίοις,
822 4462 1037 4531 ὲνεργεί
1062 4462 1119 4516 δὲ
1164 4439 1306 4518 κατά
1342 4465 1440 4536 τὴν
1471 4439 1682 4537 χρείαν,
1796 4439 2022 4539 ὲννπρο-

2130 4476 2343 4529 semper
2380 4460 2601 4530 quidem
2659 4458 2814 4515 adest
2874 4457 3053 4530 dignis
3078 4500 3091 4525 ,
3129 4460 3224 4514 sed
3259 4469 3514 4529 operatur
3548 4465 3708 4527 prout

443 4546 717 4614 φητείαις,
767 4550 799 4620 ἦ
835 4553 893 4603 ὲν
934 4550 1177 4622 ίάμασιν,
1214 4554 1246 4625 ἢ
1298 4555 1357 4607 ἐν
1382 4554 1562 4619 ἄλλοις
1587 4556 1699 4609 τισὶ
1739 4557 2026 4628 δυνάμεων

443 4634 834 4707 ὲνεργήμασιν.
888 4642 1008 4694 Ἔτι
1052 4642 1127 4706 ὼς
1158 4645 1216 4697 ὲν
1244 4644 1490 4714 σώμασιν
1518 4647 1718 4715 ὑγίεια,
1742 4646 1776 4716 ἢ
1826 4647 2028 4719 θερμὸα-

441 4744 560 4796 της,
612 4728 812 4799 ἢόλως
843 4733 901 4785 αἱ
954 4734 1229 4806 εὐκίνητοι
1279 4736 1588 4801 διαθέσεις⁹
1630 4737 1771 4792 οὕτω
1822 4740 1916 4793 καὶ
1964 4742 2023 4793 ὲν

437 4816 582 4888 ψυχῇ
632 4818 893 4885 πολλάκις
928 4823 1162 4895 ὑπάρχει
1198 4827 1259 4880 τὸ
1300 4828 1546 4899 Πνεῦμα,
1573 4832 1684 4892 τοῖς
1724 4829 1811 4883 διὰ
1837 4830 1896 4883 τὸ
1922 4830 2022 4901 τῆς

437 4904 662 4979 Ῡνώμης
689 4910 967 4983 ἀνίδρυτον
1005 4916 1260 4983 εὐκόλως,
1295 4918 1361 4989 ἢν
1388 4920 1634 4986 ἐδέξαντο
1675 4922 1834 4994 χάριν
1868 4922 2021 4975 ἀπω-

438 4996 742 5069 θουμένοις,
773 5002 848 5074 μὴ
866 5006 1181 5077 παραμένον
1211 5009 1344 5079 (39),
1380 5003 1491 5074 οἷος
1536 5006 1604 5082 ἦν
1638 5014 1666 5063 ὁ
1698 5012 1890 5077 Σαοὺλ,
1921 5011 2018 5067 καὶ

436 5088 488 5139 οί
517 5087 896 5159 ἑϐδομήκοντα
926 5090 1299 5162 πρεσϐύτερσι
1316 5093 1427 5149 τῶν
1446 5095 1577 5149 υίῶν
1600 5095 1844 5168 Ἰσραὴλ,
1880 5099 2022 5169 πλὴν

433 5176 529 5233 τοῦ
560 5179 749 5235 Ἐλδὰδ
778 5182 872 5235 καὶ
905 5180 1101 5237 Mosae
1146 5183 1380 5251 (τούτοις
1403 5186 1511 5257 γὰρ
1551 5188 1734 5257 μόνοις
1768 5191 1832 5243 ὲκ
1880 5191 2020 5244 πάν-

431 5284 541 5323 των
566 5270 819 5339 φαίνεται
851 5273 1200 5342 παραμεῖναν
1229 5273 1290 5327 τὸ
1314 5273 1592 5347 Πνεῦμα),
1646 5277 1744 5331 καὶ
1790 5279 1929 5343 ὅλως
1970 5280 2024 5333 ετ

432 5378 518 5425 τις
552 5361 766 5427 τούτοις
796 5364 897 5434 τὴν
945 5365 1268 5436 προαίρεσιν
1314 5368 1731 5439 παραπλήσιος.
1809 5372 1917 5424 Καὶ
1942 5371 2020 5435 ὡς

430 5452 460 5503 ὁ
510 5452 665 5523 λόγος
710 5455 766 5509 δὲ
805 5456 866 5510 ἐν
926 5456 1096 5528 ψυχῇ,
1162 5458 1293 5512 ποτὲ
1337 5458 1438 5529 μὲν
1501 5460 1579 5525 ὡς
1615 5462 1675 5514 τὸ
1725 5463 2018 5535 ἐγκάρδιον

512 5723 527 5753 ¹
564 5721 764 5791 Ephes.
796 5723 946 5789 ι,17,
981 5725 1065 5782 18.
1142 5728 1164 5763 ¹
1192 5726 1347 5783 Num.
1374 5746 1446 5795 xu,
1470 5730 1559 5792 25,
1591 5730 1682 5785 ‘26.

2129 4566 2266 4620 opus
2290 4556 2409 4611 est,
2456 4558 2548 4604 aut
2604 4549 2659 4603 in
2699 4549 3033 4619 prophetiis,
3075 4549 3253 4603 autin
3290 4549 3707 4611 sanationibus,

2130 4650 2221 4695 aut
2253 4641 2306 4693 in
2365 4640 2488 4694 aliis
2530 4638 2920 4694 miraculorum
2967 4638 3402 4709 operationibus.
3436 4638 3707 4694 Praeterea

2130 4734 2271 4787 sicut
2306 4734 2359 4785 in
2413 4731 2739 4801 corporibus
2790 4739 2876 4786 est
2907 4731 3140 4797 sanitas,
3168 4737 3263 4785 aut
3306 4729 3476 4794 calor,
3519 4737 3613 4783 aut
3652 4732 3707 4784 in

2130 4839 2327 4896 genere
2356 4822 2677 4878 alfectiones
2731 4820 2888 4876 facile
2920 4821 3190 4887 mobiles;
3233 4821 3314 4877 sic
3347 4829 3399 4875 et
3430 4821 3486 4875 in
3524 4820 3708 4876 anima

2131 4916 2445 4987 frequenter
2490 4922 2573 4970 est
2618 4912 2889 4984 Spiritus,
2928 4913 2980 4968 in
3008 4913 3075 4969 iis
3117 4914 3212 4984 qui
3247 4921 3470 4986 propter
3511 4915 3711 4970 mentis

2130 5005 2544 5062 instabilitatem
2602 5002 2762 5059 facile
2793 5005 3022 5076 gratiam
3068 5010 3348 5076 acceptam
3385 5007 3709 5077 expellunt,

2130 5114 2473 5171 nequaquam
2552 5113 2918 5172 permanens:
2999 5094 3181 5167 qualis
3242 5104 3361 5152 erat
3445 5092 3604 5160 Sani,
3651 5101 3710 5152 et

2127 5192 2488 5272 septuaginta.
2510 5193 2760 5249 seniores
2823 5191 3060 5245 ﬁliorum
3099 5188 3287 5255 Israel,
3349 5196 3554 5260 praeter
3615 5184 3707 5242 El-

2125 5287 2229 5340 dad
2267 5295 2320 5340 et
2373 5283 2776 5351 Modad'(nam
2824 5284 2964 5354 apud
2994 5284 3096 5340 hos
3142 5282 3290 5339 solos
3331 5296 3396 5337 ex
3451 5276 3705 5334 omnibus

2127 5372 2395 5443 Spiritum
2432 5373 2701 5429 mansisse
2743 5371 3011 5444 apparet),
3044 5382 3100 5428 et
3129 5372 3183 5427 in
3209 5383 3426 5441 genere,
3480 5366 3526 5420 si
3578 5366 3705 5434 quis

2125 5473 2212 5520 est
2261 5463 2382 5520 istis
2415 5460 2581 5521 animi
2615 5468 2893 5534 prop-isito
2935 5460 3261 5520 consimilis.
3322 5458 3453 5512 Item
3511 5469 3704 5527 quem-
