4082 6384
302 305 411 370 τε]

1537 302 1850 366 ΕΗΤΠΥΜ
1868 305 1915 362 ll
1959 306 2128 366 ZIGA
2142 304 2312 367 BEN]

3461 318 3570 386 733

299 442 592 507 admodum
664 451 889 507 verbum
947 456 1035 508 est
1088 448 1142 507 in
1209 449 1432 517 animo,
1480 449 1756 505 interdum
1828 458 1889 510 ut

1980 444 2181 516 νόημα,
2206 445 2337 502 ποτὲ
2355 445 2411 501 δὲ
2439 446 2514 513 ὡς
2537 449 2566 503 ὁ
2595 449 3003 522 προφερόμενος
3019 451 3111 508 διὰ
3135 454 3406 530 γλώσσης,
3429 459 3573 521 οὕτω

299 543 356 596 in
408 543 572 607 corde
613 544 946 614 cogitatum,
1002 541 1278 597 interdum
1338 552 1395 596 ut
1449 541 1634 614 lingua
1706 542 1889 613 prola-

297 645 414 689 tum
456 655 470 692 :
505 637 585 692 sic
639 645 706 691 eL
742 635 983 707 Spiritus
1019 643 1271 700 sanctus,
1324 638 1412 691 vel
1571 649 1698 690 cum
1739 634 1892 689 testi-

301 731 543 782 monium
572 729 777 806 praebet
809 728 1026 798 spiritui
1063 737 1276 794 nostro,
1308 737 1362 784 et
1401 729 1603 784 clamat
1627 727 1683 783 in
1715 727 1890 783 cordi-

300 821 404 874 bus
445 821 646 874 nostris
675 859 690 884 ,
733 819 904 887 Abba,
949 818 1118 875 Pater
1165 817 1208 886 ⁸,
1243 821 1329 876 vel
1358 835 1482 876 cum
1517 820 1761 891 loquitur
1790 832 1892 891 pro

298 912 479 975 nobis,
521 913 678 982 juxta
744 912 796 966 id
837 912 987 984 quod
1041 911 1250 967 dictum
1303 921 1427 978 est,
1479 911 1604 967 Non
1631 929 1719 966 vos
1763 911 1891 967 estis

298 1004 387 1081 qui
419 1003 734 1073 loquimini,
804 1002 896 1057 sed
955 1001 1190 1071 Spiritus
1239 1002 1461 1066 Patris,
1515 1004 1607 1073 qui
1657 1001 1895 1074 loquilur

298 1096 350 1148 in
381 1096 522 1149 vobis
573 1089 615 1149 '.
648 1092 769 1149 1am
808 1109 940 1151 vero
964 1102 1019 1149 et
1053 1103 1110 1150 ut
1154 1103 1328 1150 totum
1369 1094 1426 1150 in
1465 1096 1736 1166 partibus,
1768 1093 1896 1165 Spi-

299 1186 440 1240 ritus
491 1185 822 1258 intelligitur
857 1186 1018 1257 juxta
1083 1187 1354 1242 donorum
1424 1186 1891 1243 distributionem.

298 1275 501 1332 Omnes
548 1278 698 1336 enim
760 1278 1000 1339 invicem
1056 1294 1250 1335 sumus
1313 1279 1598 1343 membra,
1659 1277 1757 1334 sed
1794 1276 1897 1332 ha-

297 1366 488 1420 bentes
545 1365 690 1420 dona
737 1363 1043 1424 secundum
1096 1363 1190 1420 Dei
1238 1365 1469 1435 gratiam
1518 1363 1678 1418 nobis
1709 1361 1896 1415 datam

298 1457 536 1514 diversa.
577 1459 655 1514 Ea
696 1470 920 1530 propter
963 1457 1090 1514 Non
1131 1465 1304 1528 potest
1343 1457 1516 1512 dicere
1563 1454 1747 1509 oculus
1781 1469 1896 1507 ma-

298 1552 440 1606 nui:
507 1549 630 1604 Non
671 1569 802 1622 opus
857 1552 1023 1607 habeo
1055 1560 1143 1617 te;
1208 1559 1303 1604 aut
1348 1565 1537 1604 rursus
1596 1556 1757 1617 caput
1807 1559 1899 1614 pe-

299 1640 487 1695 dibus:
527 1639 653 1694 Non
706 1651 785 1696 est
815 1643 946 1696 mihi
973 1642 1118 1697 uobis
1151 1657 1283 1712 opus
1336 1639 1377 1695 '.
1415 1638 1522 1695 Sed
1560 1638 1743 1694 omnia
1768 1635 1896 1708 qui—

301 1730 428 1785 dem
493 1730 660 1786 simul
719 1731 998 1802 complent
1046 1745 1250 1801 corpus
1319 1728 1528 1784 Christi
1576 1728 1634 1782 in
1686 1726 1898 1782 unitate

1979 535 2040 592 τὸ
2078 536 2304 608 Πνεῦμα
2333 539 2394 593 τὸ
2425 539 2578 609 ἅγιον
2599 559 2612 570 ·
2645 541 2739 596 νῦν
2776 543 2876 612 μὲν
2917 545 3044 599 ὃταν
3091 556 3458 624 συμμαρτυρῇ
3491 556 3572 627 τῷ

1979 630 2283 700 Πνεῦματι.
2319 633 2413 687 καὶ
2449 635 2579 689 ὅταν
2609 636 2786 709 κράζῃ
2825 638 2884 691 ὲν
2922 642 3042 704 ταῖς
3089 643 3340 712 καρδίαις
3373 647 3529 716 ἡμῶν
3553 664 3566 678 ·

1992 719 2156 775 Ἀϐϐᾶ
2188 724 2222 775 ό
2244 721 2476 791 Πατήρ·
2503 724 2602 777 νῦν
2627 725 2684 783 δὲ
2721 728 2850 782 ὅταν
2877 729 3011 801 λαλῇ
3043 733 3183 802 ὑπὲρ
3215 734 3396 804 ἡμῶν,
3422 738 3564 796 κατὰ

1978 808 2038 864 τὸ
2082 811 2394 882 εἰρημένον,
2445 814 2528 868 ὅτι
2565 819 2687 886 Οὐχ
2727 819 2897 886 ὑμεῖς
2929 821 3070 875 ἐστε
3121 828 3176 877 oi
3207 827 3568 896 λαλοῦντες,

1978 901 2142 956 ἀλλὰ
2172 904 2237 956 τὸ
2271 905 2514 974 Πνεῦμα
2543 908 2650 962 τοῦ
2679 911 2910 978 Πατρός
2935 914 2998 966 τὸ
3028 915 3266 970 λαλοῦν
3295 918 3366 970 ὲν
3403 920 3564 987 ὑμῖν.

1983 995 2124 1067 Ἤδη
2158 995 2216 1049 δὲ
2256 997 2349 1053 καὶ
2392 997 2468 1062 ὼς
2499 999 2618 1057 ὅλον
2658 1001 2716 1053 ὲν
2759 1003 2973 1073 μέρεσι,
3007 1010 3210 1064 νοεῖται
3244 1009 3304 1062 τὸ
3344 1011 3571 1081 Πνεῦμα

1979 1090 2123 1144 κατὰ
2175 1089 2424 1165 τὴντῶν
2467 1093 2824 1165 χαρισμάτων
2867 1096 3148 1168 διανομήν.
3205 1101 3414 1165 Πάντες
3458 1105 3568 1174 γὰρ

1978 1181 2224 1252 ἄλλήλων
2256 1183 2425 1254 ἐσμὲν
2451 1184 2610 1256 μέλη,
2646 1185 2861 1258 ἔχοντες
2881 1188 2937 1245 δὲ
2962 1190 3276 1262 χαρίσματα
3306 1195 3448 1248 κατὰ
3468 1196 3568 1264 τὴν

1977 1275 2138 1345 χάριν
2163 1276 2256 1330 τοῦ
2283 1276 2418 1331 Θεοῦ
2444 1277 2543 1350 τὴν
2571 1278 2818 1332 δοθεῖσαν
2841 1283 2973 1351 ἡμῖν
2994 1282 3247 1356 διάφορα.
3283 1287 3382 1340 Διά
3407 1289 3568 1342 τοῦτο

1979 1369 2063 1420 Οὐ
2093 1366 2345 1422 δύναται
2377 1372 2412 1424 d
2444 1371 2753 1440 ὀφθαλμὸς
2778 1373 2970 1426 εἰπεῖν
3013 1374 3090 1443 τῇ
3131 1378 3304 1445 χειρὶ,
3349 1383 3566 1448 Χρείαν

1974 1475 2092 1517 σου
2138 1463 2252 1518 οὐκ
2301 1462 2458 1532 ἔχω·
2506 1465 2546 1533 ἢ
2587 1463 2776 1519 πάλιν
2829 1466 2869 1533 η
2921 1469 3157 1538 κεφαλὴ
3215 1472 3338 1537 τοῖς
3391 1475 3562 1539 ποσὶ,

1975 1554 2193 1623 Χρείαν
2214 1554 2383 1626 ὑμῶν
2418 1559 2530 1613 οὐκ
2560 1557 2698 1628 ἔχω.
2744 1559 2903 1612 Ἀλλὰ
2929 1561 3107 1615 πάντα
3130 1561 3229 1631 μὲν
3261 1564 3399 1633 ὁμοῦ
3428 1581 3568 1635 συμ-

1976 1645 2178 1717 πληροῖ
2196 1645 2258 1700 τδ
2287 1646 2447 1719 σῶμα
2467 1647 2566 1702 τοῦ
2593 1649 2832 1721 Χριστοῦ
2859 1651 2917 1704 ὲν
2947 1655 3014 1723 τῇ
3037 1652 3251 1724 ἑνότητι
3285 1654 3376 1707 τοῦ
3403 1657 3567 1708 Πιιεύ-

1977 1753 2178 1810 ματος·
2209 1737 2464 1810 ἀλλήλοις
2493 1738 2552 1792 δὲ
2598 1741 2907 1810 ἀναγκαίαν
2938 1742 3036 1814 τὴν
3065 1745 3130 1796 ἐκ
3152 1745 3260 1796 τῶν
3287 1748 3566 1817 χαρισμά-

306 1818 580 1888 Spiritus;
616 1820 990 1875 necessariam
1051 1829 1234 1874 autem
1270 1818 1563 1873 utilitatem
1609 1816 1716 1871 sibi
1754 1815 1891 1872 invi-

1973 1843 2083 1882 των
2112 1827 2448 1882 ἀναδίδωσιν
2476 1829 2766 1899 ὠφέλειαν.
2807 1833 2867 1885 '0
2897 1810 3004 1903 μὲν.
3017 1832 3125 1904 γὰρ
3151 1810 3472 1897 Θεὸς-*ἐδεῖτο
3495 1838 3567 1890 τὰ

302 1926 420 1964 ccm
487 1911 729 1970 reddunt
771 1927 837 1966 ex
875 1911 1060 1968 donis.
1111 1910 1255 1966 Deus
1316 1911 1464 1966 enim
1505 1910 1690 1984 posuit
1724 1923 1900 1963 mem-

1977 1923 2115 1995 μέλη
2156 1923 2216 1977 έν
2247 1923 2328 1992 τῷ
2367 1923 2604 1995 σώματι,
2640 1923 2699 1978 ἓν
2732 1925 2966 1979 ἕκαστον
3007 1927 3186 1980 αὐτῶν
3225 1928 3409 1992 καθὼς
3437 1930 3568 1998 ἠθέ-

303 2002 398 2055 Ιινει
432 2003 485 2057 in
537 2017 769 2074 corpore
794 2042 810 2068 ,
865 2001 1302 2072 unumquodque
1344 2002 1562 2058 illorum
1606 2009 1664 2055 ut
1700 1999 1891 2060 voluit.

1972 2015 2125 2086 λησε.
2159 2015 2240 2068 Τὰ
2276 2013 2460 2086 μέντοι
2489 2013 2628 2086 μέλη
2653 2016 2717 2069 τὸ
2747 2016 2881 2071 αὐτὸ
2917 2017 3258 2088 μεριμνῶσιν
3293 2019 3435 2090 ὑπὲρ
3469 2020 3566 2072 ἀλ·

303 2089 543 2144 blembra
578 2103 758 2146 autem
799 2090 1048 2146 eamdem
1089 2091 1293 2149 habent
1340 2106 1439 2162 pro
1474 2107 1533 2145 se
1568 2098 1757 2144 mutuo
1787 2089 1891 2145 sol-

1973 2105 2172 2176 λήλων,
2220 2104 2364 2159 κατὰ
2389 2105 2491 2176 τὴν
2544 2106 2924 2177 πνευματικὴν
2967 2107 3253 2162 κοινωνίαν
3292 2111 3392 2179 τῆς
3428 2127 3568 2178 συμ-

303 2181 649 2236 licitudinem
677 2224 691 2248 ,
733 2181 892 2251 juxta
938 2182 1286 2252 spiritualem
1340 2191 1546 2235 mutua:
1593 2179 1891 2237 aﬂectionis

1975 2197 2204 2260 παθείας
2228 2197 2412 2261 αὐτοῖς
2444 2198 2818 2272 ὑπαρχούσης.
2852 2199 3054 2272 Διόπερ
3086 2201 3224 2254 Εἴτε
3248 2201 3470 2271 πάσχει
3495 2202 3568 2254 ἐν

306 2273 443 2342 ipsis
503 2273 682 2328 insita:
740 2273 1209 2328 communionem.
1275 2271 1464 2342 quue
1519 2271 1639 2328 Sive
1693 2272 1891 2342 patitur

1971 2289 2177 2358 μέλος,
2202 2271 2782 2360 συμπάσχειπάντα
2803 2292 2875 2346 τὰ
2893 2292 3084 2362 μέλη·
3115 2294 3236 2348 εἶτε
3260 2293 3564 2359 δοξάζεται

307 2381 470 2419 unum
532 2365 862 2428 membrum,
916 2379 1027 2416 una
1071 2379 1193 2416 cum
1250 2378 1309 2416 eo
1374 2362 1657 2431 patiuntur
1717 2361 1891 2416 omnia

1973 2383 2042 2436 ἓν
2065 2382 2273 2452 μέλος,
2305 2384 2622 2454 συνχαίρει
2649 2383 2847 2439 πάντα
2873 2361 2946 2439 τὰ
2970 2385 3147 2455 μέλη.
3182 2387 3289 2440 Καὶ
3314 2386 3391 2450 ὡς
3423 2389 3563 2459 μέρη

305 2455 540 2510 membra
578 2473 597 2510 :
647 2456 752 2510 sive
805 2454 1146 2526 gloriﬁcatur
1203 2469 1370 2507 unum
1423 2452 1754 2516 membrum,
1821 2452 1891 2506 si-

1974 2473 2032 2527 δὲ
2062 2475 2119 2526 ὲν
2151 2473 2279 2544 ὅλῳ,
2314 2476 2364 2528 οἱ
2401 2452 2534 2528 καθ’
2579 2475 2676 2529 ἕνα
2715 2476 2882 2547 ἐσμὲν
2917 2452 2984 2530 ἐν*
3015 2477 3093 2548 τῷ
3139 2452 3444 2549 Πνεύματιν·
3481 2452 3565 2536 εὲτὲ

307 2549 421 2602 mul
471 2546 703 2618 gaudent
755 2547 938 2600 omnia
978 2544 1215 2599 membra
1271 2539 1310 2598 ⁵.
1375 2542 1596 2599 Rursus
1633 2539 1891 2613 quemada

1973 2567 2025 2620 οί
2072 2539 2274 2631 πάντες
2319 2568 2512 2623 ἑνιένὶ
2549 2539 2795 2641 σώματι,
2833 2571 2914 2634 είς
2959 2570 3017 2626 ἓν
3061 2539 3300 2642 Πνεῦμα.
3341 2572 3567 2626 ἐϐαπτί-

310 2641 537 2696 modum
585 2647 771 2716 partes
811 2643 942 2692 sunt
981 2637 1036 2690 in
1067 2645 1205 2702 toto,
1243 2635 1320 2689 ita
1361 2635 1563 2705 singuli
1596 2648 1790 2691 sumus
1839 2633 1900 2690 in
1976 2657 2199 2731 deny“.

309 2730 545 2800 Spiritu,
600 2744 666 2784 co
708 2729 857 2802 quod
892 2741 1089 2782 omnes
1125 2727 1183 2780 in
1225 2741 1336 2780 uno
1376 2739 1610 2796 corpore
1639 2726 1696 2780 in
1727 2737 1898 2782 unum

311 2822 578 2892 Spiritum
607 2819 872 2888 baptizati
899 2833 1113 2874 sumus.

509 2910 682 2965 Porro
731 2909 880 2980 quod
922 2907 1123 2962 mirum
1185 2907 1338 2961 dictu
1393 2906 1688 2973 videbitur,
1725 2905 1891 2963 nihilo

2177 2923 2243 2978 Ὀ
2271 2921 2332 2977 δὲ
2357 2922 2663 2994 παράδοξον
2696 2923 2794 2995 μὲν
2824 2923 3018 2987 εἰπεῖν,
3049 2924 3248 2996 ἀληθὲς
3270 2925 3328 2979 δὲ
3351 2927 3564 2993 οὐδενὸς

309 3012 492 3058 tamen
546 3003 731 3056 minus
783 3016 976 3056 verum
1033 3006 1162 3065 est;
1203 2998 1370 3054 etiam
1399 2999 1568 3054 veluti
1604 2999 1760 3054 locus
1796 3011 1891 3053 eo-

1971 3013 2194 3070 ἔλαττον
2237 3055 2252 3078 ,
2383 3015 2466 3069 ὅτι
2490 3015 2585 3068 καὶ
2605 3015 2682 3079 ὡς
2705 3014 2860 3088 χώρα
2886 3015 2996 3071 τῶν
3025 3016 3405 3087 ἀγιαζομένων
3434 3020 3564 3072 πολ-

307 3112 429 3152 Tum
459 3095 555 3167 (ιιιί
600 3093 1019 3151 “Niliacam”?
1041 3132 1058 3160 ι
1097 3107 1479 3164 επΡθηυεηθΓο
1538 3091 1740 3146 diem"
1774 3089 1898 3162 SPi'
1917 3107 2129 3181 Πλάκις
2155 3107 2218 3161 τὸ
2243 3105 2475 3180 Πνεῦμα
2511 3109 2749 3178 λέγεται.
2780 3109 2892 3162 Καὶ
2924 3111 3227 3181 φανήσεται
3257 3111 3380 3164 οὐδὲ
3409 3107 3565 3178 οὗτος

307 3164 492 3242 τίιιιεξ
521 3187 588 3241 Ει
643 3187 916 3242 constabit
945 3200 1016 3242 ne
1067 3185 1174 3242 hoc
1215 3186 1436 3257 quidem
1486 3183 1747 3254 loquendi
1799 3197 1891 3254 ge-

1971 3201 2000 3254 6
2027 3164 2231 3270 τρόπος
2396 3164 2868 3270 ’κατασμικρύνων
2897 3164 2960 3253 rb
2986 3164 3125 3253 Πνεῦ
3133 3217 3230 3266 μα,
3256 3199 3394 3254 ἀλλὰ
3427 3164 3566 3272 ,λεί

308 3297 440 3336 nere
501 3279 734 3353 diminui
800 3279 1107 3356 Spiritum,
1173 3279 1271 3338 sed
1333 3277 1626 3351 gloriﬁcari
1691 3275 1891 3347 potius.

1971 3291 2062 3346 λον
2108 3277 2489 3357 δοξάζωνξΤὰ
2527 3291 2636 3363 γάρ
2683 3309 2766 3345 τοι
2807 3291 3099 3363 σωματικά
3142 3291 3251 3346 τῶν
3282 3294 3564 3364 ὀνομάτων

310 3373 442 3428 Nam
491 3374 714 3428 nomina
752 3373 1057 3458 corporalia
1110 3371 1276 3428 etiam
1317 3371 1385 3427 ad
1446 3369 1758 3444 spirituales
1809 3368 1891 3425 in-

1971 3385 2065 3439 καὶ
2105 3383 2198 3437 ἐπὶ
2228 3384 2328 3447 τὰς
2357 3385 2739 3456 πνευματικὰς
2785 3384 2994 3449 ἑννοίας
3039 3385 3330 3457 ἐναργείας
3377 3385 3564 3440 ἕνεκεν

309 3465 662 3536 telligentias,
689 3464 981 3522 evidentiae
1012 3464 1211 3536 gratia,
1253 3462 1569 3540 frequenter
1609 3461 1891 3532 Scriptura

1973 3477 2233 3541 πολλάκις
2265 3477 2294 3532 ὁ
2322 3475 2480 3546 λόγος
2505 3477 2880 3549 μετακομίζει.
2913 3479 3314 3550 Τετηρήκαμεν
3344 3472 3438 3532 οὖν
3465 3478 3564 3532 καὶ

309 3555 596 3611 transfert.
632 3555 1064 3612 Observavimus
1104 3555 1271 3627 igitur
1325 3563 1380 3610 et
1417 3552 1774 3610 Psalmodum
1829 3549 1891 3607 de

1971 3571 2065 3625 tati
2094 3570 2189 3625 τοῦ
2222 3570 2357 3626 θεοῦ
2387 3571 2480 3625 τὸν
2507 3569 2816 3642 Ψαλμῳδὸν
2847 3549 3327 3638 λέγονταίΓενοῦ
3350 3587 3452 3640 μοι
3473 3573 3563 3638 εἰς

313 3647 426 3704 Deo
467 3649 777 3720 loquentem
811 3688 827 3714 ,
885 3647 1018 3708 Esto
1083 3647 1214 3701 mihi
1244 3648 1298 3702 in
1327 3646 1499 3703 Deum
1524 3653 1891 3718 protectorem,

1972 3663 2125 3719 Θεὸν
2159 3662 2650 3732 ὑπερασπιστὴν,
2689 3662 2791 3717 καί
2819 3664 2923 3728 εἰς
2959 3662 3146 3716 τόπον
3193 3662 3417 3731 ὀχυρὸν
3453 3661 3562 3716 τοῦ

312 3751 362 3796 et
416 3742 470 3794 in
516 3743 690 3796 locum
753 3741 1058 3804 munitum,
1114 3748 1172 3793 ut
1227 3739 1434 3799 salvum
1480 3755 1563 3793 me
1627 3737 1799 3808 facias
1850 3739 1891 3791 '.

1971 3755 2170 3811 σῶσαί
2193 3772 2290 3826 με.
2343 3755 2481 3827 Περὶ
2516 3754 2575 3810 δὲ
2616 3753 2713 3808 τοῦ
2762 3753 3104 3824 Πνεύματος,
3159 3752 3313 3808 Ἰδοὺ
3350 3755 3557 3820 τόπος,

313 3833 390 3888 De
423 3833 630 3902 Spiritu
668 3848 834 3899 vero,
895 3831 1032 3888 Ecce
1069 3831 1218 3888 locus
1243 3870 1259 3897 ,
1314 3831 1532 3901 inquit,
1587 3827 1730 3899 apud
1774 3841 1891 3920 me,

1971 3847 2129 3920 φησὶ,
2181 3851 2318 3918 παρ’
2355 3847 2506 3917 ἐμοὶ,
2555 3847 2655 3901 καὶ
2703 3845 2882 3915 στῆθι
2911 3845 3009 3899 ἐπὶ
3054 3843 3166 3912 τῆς
3198 3843 3452 3912 πέτρας·
3507 3844 3562 3900 τί

312 3935 362 3980 et
397 3935 482 3979 sla
530 3941 690 3994 super
747 3935 953 3995 petram
1006 3932 1028 3963 ⁸
1086 3939 1101 3976 :
1152 3922 1284 3994 quid
1322 3921 1471 3979 aliud
1500 3921 1782 3993 appellans
1812 3919 1891 3974 lo-

1971 3919 2100 3998 ἄλλο
2131 3939 2306 4008 λέγων
2345 3937 2438 3992 τὸν
2469 3937 2634 3992 τόπον
2677 3937 2710 4010 ἢ
2741 3936 2841 4007 τὴν
2883 3936 2940 3988 ἐν
2971 3934 3252 4006 Πνεύματι
3301 3934 3559 4006 θεωρίαν,

313 4031 475 4080 cum,
533 4016 641 4072 nisi
689 4017 956 4072 visionem
993 4015 1048 4068 in
1089 4013 1299 4083 Spiritu
1324 4051 1340 4077 ,
1396 4013 1452 4067 in
1494 4025 1602 4082 qua
1650 4026 1776 4066 cum
1808 4024 1891 4066 cs-

1971 4031 2030 4084 ὲν
2068 4023 2103 4104 ᾖ
2132 4032 2446 4101 γενόμενος,
2477 4029 2698 4084 ἐδύνατο
2731 4029 2859 4082 ἰδεῖν
2898 4028 3154 4098 γνωστῶς
3189 4025 3563 4098 ὲμφανιζόμε-

313 4117 399 4168 εει
429 4109 658 4178 Moyses,
685 4106 867 4176 potuit
901 4104 1087 4159 videre
1127 4103 1296 4157 Deum
1339 4103 1622 4158 evidenter
1659 4102 1765 4173 ipsi
1795 4114 1891 4173 ap-

1972 4102 2242 4194 νον-αὐτῷ
2269 4122 2364 4176 τὸν
2398 4121 2530 4175 Θεὸν
2566 4123 2595 4174 ὁ
2637 4119 2877 4191 Μωῦσῆς
2905 4135 2920 4186 ;
2959 4112 3127 4183 Οὗτός
3172 4121 3319 4176 ἔστιν
3340 4121 3369 4173 ὁ
3395 4119 3563 4182 τόπος

308 4195 771 4272 parentem‘lﬂic
825 4202 911 4251 est
970 4195 1128 4251 locus
1177 4209 1320 4250 vera:
1375 4193 1718 4253 adorationis
1768 4205 1891 4263 pro-

1973 4215 2004 4273 ὁ
2034 4216 2134 4288 τῆς
2178 4193 2438 4286 ἀληθινῆς
2473 4213 2727 4286 λατρείας
2763 4213 2918 4278 ἴδιος.
3117 4213 3390 4282 Πρόσεχε
3426 4213 3560 4285 γὰρ,

310 4292 484 4362 prius.
535 4288 760 4344 Attende
803 4286 967 4350 enim,
1027 4285 1247 4361 inquit}
1313 4300 1378 4345 ne
1419 4283 1614 4353 offeras
1641 4282 1891 4337 holocau-

1976 4282 2132 4382 φησὶ,
2172 4282 2281 4379 μὴ-
2309 4282 2642 4375 ἁνενέτκης
2685 4304 2757 4359 τὰ
2800 4301 3270 4373 όλοκαυτώματά
3317 4282 3444 4358 σου*
3493 4304 3566 4358 ἐν

208 4439 211 4442 ,
309 4391 515 4438 ιοηιαια
568 4389 661 4434 tua
718 4379 776 4434 in
808 4378 991 4450 quovis
1023 4376 1162 4446 loco,
1221 4375 1313 4437 sed
1365 4378 1420 4432 in
1465 4377 1580 4432 loco
1616 4392 1891 4449 quemcun-

1973 4375 2152 4457 παντὶ
2174 4375 2364 4464 τόπῳ,
2408 4399 2546 4454 ἀλλ’
2574 4398 2645 4452 ὲν
2688 4395 2770 4463 τῷ
2805 4397 2986 4464 τόπῳ,
3020 4387 3070 4462 ᾧ
3116 4393 3195 4449 ἂν
3243 4393 3566 4464 ἐκλέξηται

304 4491 404 4548 que
441 4472 652 4552 elegerit
709 4471 964 4532 Dominus
1035 4467 1178 4524 Deus
1230 4477 1349 4522 tuus
1401 4471 1444 4522 τ.
1501 4467 1660 4539 Quod
1729 4468 1891 4540 igitur

1973 4495 2189 4564 Κύριος
2224 4495 2256 4547 ό
2307 4491 2452 4557 88:};-
2484 4503 2622 4545 σου.
2672 4489 2833 4542 Ποῖον
2879 4484 2974 4543 οῦν
3019 4489 3168 4547 ἐστιν
3201 4486 3564 4557 ὁλοκαύτωμα

303 4574 389 4627 est
439 4566 824 4622 holocautoma
876 4559 1200 4641 spirituale?
1245 4556 1592 4623 Sacriﬁcium
1624 4559 1846 4618 laudis“
1873 4601 1892 4625 .

303 4653 426 4723 Quo
477 4658 533 4712 in
592 4659 714 4720 loco
746 4657 852 4713 hoc
895 4657 1191 4716 ol'l‘eremus
1218 4699 1234 4730 ,
1274 4662 1385 4717 nisi
1421 4661 1475 4716 in
1509 4661 1714 4733 Spiritu
1751 4676 1881 4717 san-

303 4747 436 4802 cto?
480 4745 584 4804 Ubi
634 4749 736 4803 hoc
783 4747 1129 4805 didicimus?
1181 4750 1264 4805 Ab
1307 4751 1426 4821 ipso
1467 4751 1700 4807 Domino
1796 4752 1881 4806 di-

305 4844 464 4891 cente
489 4876 503 4899 ,
552 4836 673 4892 Veri
701 4838 1011 4893 adoratores
1067 4839 1366 4893 adorabunt
1434 4839 1647 4894 Patrem
1678 4842 1734 4894 in
1765 4839 1888 4910 Spi-

307 4926 415 4978 ritu
470 4935 520 4978 et
572 4928 787 4982 veritate
836 4938 878 4982 ν.
937 4927 1095 4983 Hunc
1141 4929 1324 4984 locum
1357 4943 1482 4985 cum
1537 4929 1765 4986 vidisset
1792 4929 1887 4984 Ja-

309 5013 414 5067 cob
446 5013 585 5075 dixit
621 5031 635 5065 :
671 5015 931 5078 Dominus
959 5028 1036 5073 est
1069 5020 1125 5073 in
1162 5019 1275 5073 loco
1312 5019 1408 5072 hoc
1437 5020 1494 5077 ".
1529 5019 1717 5090 Itaque
1765 5018 1890 5090 Spi-

314 5105 451 5157 ritus
482 5119 609 5160 vere
647 5104 804 5162 loeus
851 5117 934 5163 est
965 5117 1306 5165 sanctorum.
1359 5107 1597 5164 Sanctus
1657 5109 1841 5162 itidem
1867 5149 1883 5174 ,

315 5197 468 5250 locus
501 5193 852 5266 est.Spiritui
886 5199 1146 5268 proprius
1180 5238 1194 5263 ,
1253 5214 1319 5255 ac
1374 5200 1582 5270 praebet
1641 5200 1881 5269 seipsum

317 5292 377 5336 nt
427 5283 691 5339 inhabitet
746 5298 871 5338 cum
917 5286 1067 5351 Deo,
1127 5301 1191 5340 ac
1223 5287 1486 5358 templum
1546 5287 1696 5344 illius
1729 5302 1892 5342 voca-

319 5386 425 5430 tur.
490 5377 643 5432 Sicut
675 5376 820 5432 enim
867 5377 923 5441 in
963 5377 1183 5432 Christo
1234 5378 1476 5455 loquitur
1524 5377 1892 5445 Paulus,Co-

320 5484 433 5520 ram
473 5466 607 5530 Deo,
647 5467 856 5537 inquit,
891 5468 944 5521 in
981 5464 1195 5521 Christo
1241 5467 1506 5537 loquimur
1530 5469 1569 5504 ιι
1611 5476 1707 5522 :et
1732 5467 1892 5522 Chri-

322 5565 439 5610 stus
471 5558 525 5610 in
575 5555 746 5613 Paulo
769 5596 785 5623 ,
847 5559 996 5614 velut
1055 5560 1173 5629 ipse
1202 5559 1318 5625 ait,
1364 5560 1448 5613 An
1479 5560 1893 5628 experimentum

386 5661 402 5692 ί
436 5661 740 5732 Romam),
769 5660 856 5732 l6,
899 5662 986 5718 15.
1092 5663 1113 5693 ⁸
1161 5665 1356 5727 Matth.
1396 5685 1452 5732 ι,
1485 5672 1575 5728 20.

1681 5671 1702 5704 ³
1752 5671 1911 5728 lCor
1961 5688 2058 5738 ιιι,
2127 5673 2218 5731 2|.
2295 5674 2317 5705 ⁸
2364 5673 2492 5728 ibid.
2535 5673 2627 5729 26.
2703 5674 2725 5708 ⁸
2777 5671 2922 5727 Psal.
2965 5691 3094 5734 xxx.
3159 5673 3214 5726 5.

1972 4582 2374 4656 πνευματικόν;
2422 4582 2485 4634 Ἦ
2521 4578 2682 4635 θυσία
2724 4578 2824 4649 τῆς
2857 4578 3138 4656 αἰνέσεως.
3184 4576 3457 4656 Ἰξν-ποίιρ
3501 4579 3563 4633 δὲ

1978 4649 2129 4733 τόπερ
2172 4664 2375 4734 ταύτην
2416 4661 2820 4731 προσφέρομεν,
2856 4657 2890 4725 ἢ
3077 4655 3137 4706 ὲν
3178 4651 3256 4721 τῷ
3283 4649 3564 4720 Πνεύματι

1984 4753 2064 4825 τῷ
2091 4754 2260 4824 ἁγίῳ;
2305 4751 2414 4808 Ποῦ
2445 4750 2600 4803 τοῦτο
2645 4747 3074 4821 μεμαθήκαμεν;
3101 4743 3237 4812 Παρ’
3261 4738 3426 4794 αὐτοῦ
3467 4735 3565 4790 τοῦ

1987 4847 2193 4917 Κυρίου
2223 4844 2471 4912 λέγοντος
2493 4882 2508 4907 ,
2535 4843 2616 4894 ὅτι
2650 4843 2714 4895 Ol
2740 4835 3016 4907 ἀληθινοὶ
3057 4829 3468 4905 προσκυνηταὶ
3497 4828 3573 4881 ἐν

1988 4936 2285 5003 Πνεύματι
2315 4933 2415 4987 καί
2453 4931 2704 4999 ἀληθείᾳ
2731 4925 3234 4998 προσκυνήσουσι
3258 4920 3340 4987 τῷ
3359 4918 3564 4988 Πατρι.

1989 5025 2188 5080 Τοῦτον
2226 5025 2317 5078 τὸν
2350 5023 2515 5078 τόπον
2563 5021 2686 5078 ίδὼν
2722 5024 2752 5074 ὁ
2803 5016 3017 5082 Ἰακὼϐ,
3057 5015 3182 5085 ἔφη,
3229 5013 3313 5066 ὅτι
3353 5011 3570 5079 Κύριος

1987 5117 2058 5171 ἐν
2081 5115 2160 5182 τῷ
2187 5117 2348 5180 τόπῳ
2370 5115 2574 5183 τούτῳ.
2613 5113 2775 5165 Ὥστε
2804 5109 2866 5163 τὸ
2903 5106 3126 5177 Πνεῦμα
3155 5103 3320 5165 τόπος
3353 5098 3571 5174 ἀληθῶς

1988 5207 2097 5261 τῶν
2125 5205 2316 5275 ἁγίων.
2353 5205 2464 5260 Καὶ
2494 5205 2523 5258 ὁ
2551 5204 2704 5272 ἆγιος
2742 5200 2904 5261 τόπος
2930 5197 3129 5256 οἰκεῖος
3298 5188 3376 5260 τῷ
3407 5185 3575 5241 Πνεὺρ
3639 5198 3642 5199 ⁷

1994 5316 2124 5371 ματι
2165 5297 2494 5370 ἐμπαρέχων
2542 5293 2734 5353 ἐαυτδν
2788 5290 2927 5361 πρὸς
2965 5286 3241 5356 ἐνοίκησιν
3275 5282 3375 5352 τὴν
3435 5275 3574 5371 μετὰ

1990 5369 2146 5455 Θεοῦ,
2178 5369 2273 5442 καὶ
2299 5388 2424 5451 ναὸς
2465 5385 2629 5440 αὐτοῦ
2666 5379 3044 5454 χρηματίζων.
3087 5375 3177 5438 Ὠς
3205 5371 3315 5444 γὰρ
3349 5373 3406 5424 ὲν
3438 5369 3575 5439 Χρι-

1993 5481 2102 5552 στῷ
2148 5480 2300 5533 λαλεῖ
2346 5477 2585 5540 Παῦλος·
2625 5471 3006 5530 Κατενώπιον
3039 5466 3173 5536 γὰρ,
3219 5464 3375 5534 φησὶ,
3423 5457 3574 5552 Θεοῦ

1989 5550 2316 5638 ἐνήΧριστῷ
2355 5567 2693 5637 λαλοῦμεν·
2729 5563 2824 5617 καὶ
2869 5559 3102 5634 Χριστὸς
3134 5559 3191 5611 ὲν
3230 5555 3451 5623 Παύλῳ,
3497 5550 3576 5614 ὡς

3317 5674 3342 5705 ⁸
3401 5670 3572 5728 Exod.

308 5743 509 5797 sxxii),
551 5731 644 5786 Ἥ.
719 5733 739 5764 ⁷
775 5730 933 5788 Deut.
972 5747 1075 5801 xu,
1121 5733 1208 5792 i5.
1285 5739 1309 5771 ⁸
1345 5730 1486 5804 Psal.
1521 5759 1666 5809 xm,
1710 5743 1796 5797 14.
1871 5743 1891 5773 ⁵

1971 5730 2076 5798 mi.
2133 5730 2328 5810 tv,‘23.
2407 5745 2448 5776 ¹⁰
2489 5745 2625 5801 Gen.
2673 5761 2862 5810 xxvm,
2901 5745 2985 5799 l6.
3031 5730 3104 5778 i‘
3133 5741 3175 5798 ll
3213 5742 3342 5798 Cor.
3375 5759 3436 5809 ιι,
3486 5743 3577 5805 Π.
