4082 6380
404 330 514 397 789

410 475 573 540 αὐτὸς
603 472 751 545 λέγει
773 492 789 507 ο
827 476 903 530 Ἦ
938 474 1195 544 δοκιμὴν

409 566 748 631 λαλοῦντος
786 565 1079 634 Χριστοῦ;
1123 564 1266 619 οὕτω
1296 566 1391 619 καὶ
1431 568 1488 619 ὲν
1527 566 1805 636 Πνεύματι
1842 566 1993 618 λαλεί

408 657 480 709 τὰ
512 658 809 728 μυστήρια,
843 658 937 711 καὶ
964 657 1024 711 τὸ
1052 656 1278 729 Πνεῦμα
1308 658 1469 711 πάλιν
1497 658 1647 711 λαλεῖ
1672 659 1729 711 ἐν
1752 656 1917 726 αὐτῷ,

596 749 683 803 Ἐν
706 749 805 819 μὲν
824 744 917 804 οὖν
938 751 1050 813 τοῖς
1073 752 1351 820 γεννητοῖς
1508 747 1649 801 οὕτω
1671 746 1991 818 πολυμερῶς

409 838 504 892 καὶ
538 839 890 910 πολυτρόπως
911 841 1109 893 ἐνεῖναι
1131 839 1344 907 λέγεται
1364 837 1425 891 τὸ
1441 837 1667 909 Πνεῦμα
1688 855 1703 869 ο
1736 838 1908 909 Πατρὶ
1935 836 1992 889 δὲ

409 931 504 984 καὶ
532 929 646 1000 Υίῷ
683 930 806 1001 οὐχὶ
842 931 1040 986 ἐνεῖναι
1090 931 1311 1002 μᾶλλον,
1345 930 1483 984 ἀλλά
1532 931 1769 983 συνεῖναι
1816 930 1993 982 εἰπεῖν

409 1023 813 1092 εὐσεϐέστερον.
850 1023 915 1075 Ἡ
946 1021 1046 1093 μέν
1089 1020 1199 1094 γὰρ
1241 1021 1371 1093 παρ’
1396 1020 1561 1075 αὐτοῦ
1591 1020 1751 1091 χάρις
1781 1018 1993 1073 οἰκοῦν-

406 1129 498 1175 τος
528 1114 586 1165 ἐν
620 1115 733 1175 τοῖς
765 1111 957 1178 ἀξίοις,
1005 1112 1100 1165 καὶ
1149 1110 1496 1183 ἐνεργοῦντος
1527 1111 1597 1164 τά
1637 1108 1854 1174 ἑαυτοῦ,
1892 1126 1994 1163 κα-

408 1198 517 1263 λῶς
557 1198 887 1271 ἐνυπάρχειν
926 1201 1041 1262 τοῖς
1082 1199 1350 1262 δεκτικοῖς
1384 1198 1550 1252 αὐτοῦ
1584 1198 1836 1267 λέγεταυ
1866 1199 1900 1270 ή
1935 1197 1994 1253 δὲ

408 1291 732 1363 προαιώνιος
776 1290 1043 1364 ῦπαρξις,
1100 1292 1194 1346 καὶ
1246 1292 1521 1356 ἄπαυστος
1572 1291 1823 1362 διαμονὴ,
1874 1292 1991 1362 μεθ’

409 1381 540 1456 Υίοῦ
575 1382 671 1436 καὶ
698 1381 913 1454 Πατρὺς
953 1382 1298 1454 θεωρουμένη
1320 1422 1335 1445 ,
1378 1380 1479 1447 τὰς
1509 1382 1608 1453 τῆς
1656 1383 1829 1436 ἀϊδίου
1865 1399 1993 1436 συν-

409 1474 605 1544 αφείας
800 1474 1175 1545 προσηγορίας
1220 1471 1485 1545 ἐπιζητεῖ.
1522 1474 1595 1526 Τὸ
1637 1472 1746 1544 γὰρ
1787 1473 1991 1544 κυρίως

410 1564 505 1617 καὶ
532 1563 749 1635 ἀληθῶς
790 1564 1206 1633 συνυπάρχειν
1253 1565 1344 1617 ἐπὶ
1386 1564 1494 1618 τῶν
1540 1565 1862 1636 ἀχωρίστως
1901 1566 1993 1619 ἀλ-

409 1656 593 1728 λήλοις
622 1656 892 1710 συνόντων
926 1656 1163 1725 λέγεται.
1185 1656 1296 1727 Τὴν
1318 1656 1426 1728 γάρ
1461 1657 1774 1728 θερμότητα
1793 1656 1872 1728 τῷ
1897 1657 1994 1728 μέν

410 1745 824 1819 πυρακτωθέντι
876 1748 1077 1819 σιδήρῳ
1125 1747 1453 1818 ἐνυπάρχειν
1497 1748 1677 1818 φαμέν
1708 1767 1721 1780 ·
1754 1748 1903 1818 αὐτῷ
1938 1748 1995 1801 δέ

410 1838 488 1909 τῷ
520 1837 653 1909 πυρὶ
696 1836 1080 1908 συνυπάρχειν.
1114 1838 1221 1888 Καὶ
1251 1838 1350 1906 τὴν
1387 1836 1483 1906 μὲν
1538 1836 1751 1904 ὑγίειαν
1782 1837 1857 1907 τῷ
1891 1836 1995 1890 σώ-

416 1947 546 2001 ματι
577 1928 920 2000 ἐνυπάρχειν,
952 1927 1050 1999 τὴν
1073 1929 1129 1980 δέ
1159 1926 1303 1997 ζωὴν
1336 1930 1402 1997 τῇ
1433 1926 1577 1997 ψυχῇ
1604 1928 1992 1998 συνυπάρχειν.

416 2022 578 2073 Ὥστε
608 2022 741 2074 ὅπου
780 2021 877 2091 μέν
905 2020 1079 2072 οἰκεία
1114 2020 1207 2073 καὶ
1231 2018 1481 2089 συμφυὴς
1515 2018 1608 2071 καὶ
1632 2017 1933 2090 ἀχώριστος
1960 2021 1995 2090 ἡ

415 2109 685 2173 κοινωνία,
712 2109 1166 2181 σημαντικωτέρα
1192 2107 1342 2178 φωνὴ
1369 2110 1401 2178 ἡ
1424 2107 1545 2161 σὺν
1584 2143 1601 2171 ,
1735 2110 1833 2179 τῆς
1853 2109 1997 2179 ἀχω-

419 2202 603 2273 ρίστου
632 2201 916 2263 κοινωνίας
944 2201 1041 2271 τὴν
1070 2199 1305 2253 διάνοιαν
1339 2198 1746 2254 ὑποϐάλλουσα·
1775 2201 1909 2253 ὅπου
1937 2199 1995 2252 δὲ

419 2293 809 2367 προσγίνεσθαι
850 2295 883 2364 ἡ
929 2293 1022 2346 ἀπ’
1053 2291 1218 2345 αὐτοῦ
1268 2292 1427 2364 χάρις
1474 2295 1568 2345 καὶ
1605 2292 1764 2346 πάλιν
1803 2292 1999 2360 ἀπογί-

417 2385 604 2438 νεσθαι
639 2385 902 2452 πέφυκεν,
932 2382 1146 2446 οἰκείως
1184 2383 1278 2435 καὶ
1313 2383 1530 2455 ἀληθῶς
1569 2383 1630 2436 τὸ
1667 2383 1996 2454 ἐνυπάρχειν

417 2478 654 2545 λέγεται.
686 2476 790 2529 κᾶν
819 2477 932 2538 τοῖς
956 2474 1267 2544 δεξαμένοις
1293 2474 1551 2539 πολλάκις
1580 2474 1669 2528 διὰ
1700 2475 1762 2527 τὸ
1784 2476 1996 2545 ἑδραῖον

418 2567 519 2635 τῆς
570 2566 698 2636 περὶ
750 2565 812 2617 τὸ
861 2563 1023 2617 καλὸν
1075 2564 1367 2627 διαθέσεως
1420 2566 1452 2634 ἡ
1500 2565 1592 2618 ἀπ’
1627 2564 1792 2618 αὐτοῦ
1838 2566 1996 2636 χάρις

417 2656 644 2726 διαρκὴς
678 2655 990 2727 παραμένῃ.
1026 2655 1186 2707 Ὥστε
1212 2655 1339 2708 ὅταν
1370 2654 1469 2725 μὲν
1490 2655 1587 2726 τὴν
1613 2656 1815 2709 οἰκείαν
1840 2655 1997 2720 ἀξίαν

416 2748 512 2799 τοῦ
570 2746 882 2816 Πνεύματος
932 2744 1234 2816 ἐννοῶμεν,
1288 2744 1424 2815 μετά
1477 2746 1689 2817 Πατρὸς
1737 2747 1828 2799 καὶ
1868 2748 1997 2801 Υίοῦ

419 2839 550 2891 αὐτὸ
579 2836 889 2907 θεωροῦμεν
907 2852 921 2865 ο
953 2837 1082 2889 ὅταν
1105 2836 1161 2888 δὲ
1183 2838 1279 2906 τὴν
1310 2838 1389 2899 είς
1411 2838 1537 2901 τοὺς
1566 2838 1823 2908 μετόχους
1849 2839 2000 2909 ἐνερ-

419 2924 689 2993 γουμένην
718 2923 878 2993 χάριν
904 2922 1317 2993 ἐνθυμηθῶμεν,
1340 2925 1399 2977 ἐν
1422 2927 1554 2995 ἡμῖν
1574 2922 1712 2978 εἶναι
1736 2926 1797 2979 τὸ
1824 2928 1997 2981 Πνεῦ-

423 3033 498 3083 μα
525 3014 774 3083 λέγομεν.
810 3013 918 3066 Καὶ
942 3014 976 3083 ἥ
1018 3029 1080 3080 γε
1129 3014 1514 3095 πρρσαγομένη
1556 3015 1831 3084 δοξολογία
1866 3018 1997 3087 παρ’

420 3100 577 3169 ἡμῶν
608 3103 664 3153 ἐν
688 3100 766 3169 τῷ
799 3099 1076 3170 Πνεύματι
1110 3101 1233 3170 οὐχὶ
1260 3102 1359 3173 τῆς
1389 3102 1597 3156 ἐκείνου
1631 3104 1783 3169 ἀξίας
1808 3105 1998 3176 ὁμολο-

420 3191 543 3257 γίαν
579 3189 712 3259 ἔχει,
744 3188 879 3241 ἀλλά
905 3189 1003 3259 τῆς
1036 3189 1313 3260 ἡμετέρας
1354 3190 1533 3244 αὐτῶν
1580 3190 1861 3255 ἀσθενείας
1913 3190 1996 3256 ἐξ·

417 3280 763 3350 ομολόγησιν·
792 3277 1134 3343 δεικνύντων,
1162 3279 1243 3331 ὄτι
1274 3277 1395 3333 οὔτε
1426 3280 1645 3347 δοξάσαι
1669 3283 1760 3351 ἀφ’
1791 3283 1997 3336 ἑαυτῶν

420 3370 593 3422 ἱκανοί
625 3372 811 3438 ἐσμεν,
837 3367 953 3421 ἀλλ’
979 3371 1014 3439 ἡ
1056 3367 1308 3437 ἱκανότης
1330 3367 1488 3437 ἡμῶν
1530 3369 1588 3420 ἐν
1619 3367 1696 3438 τῷ
1723 3367 1998 3439 Πνεύματι

417 3460 498 3531 τῷ
532 3459 692 3530 ἁγίῳ,
735 3461 793 3511 ἐν
828 3452 872 3527 ᾧ
903 3458 1331 3529 δυναμωθέντες,
1370 3459 1469 3529 τὴν
1507 3458 1647 3530 ὑπὲρ
1671 3452 1747 3512 ὧν
1771 3460 1997 3532 εὐηργε-

419 3550 683 3623 τήθημεν,
716 3547 793 3618 τῷ
825 3548 943 3621 Θεῷ
974 3548 1133 3620 ἡμῶν
1163 3548 1512 3620 εὐχαριστίαν
1540 3549 1992 3622 άποπληροῦμεψ

419 3643 561 3695 κατά
586 3641 646 3693 τὺ
676 3640 876 3711 μέτρον
905 3641 1005 3710 τῆς
1031 3640 1139 3692 ἀπὸ
1170 3639 1365 3703 κακίας
1394 3639 1781 3711 καθαρότητος,
1812 3640 1997 3712 ἔτερος

419 3733 605 3804 ἐτέρου
784 3730 943 3783 πλέον
975 3732 1007 3800 ἢ
1054 3730 1275 3783 ἔλαττον
1314 3730 1416 3799 τῆς
1454 3731 1520 3783 ὲκ
1552 3729 1647 3782 τοῦ
1681 3730 1997 3801 Πνεύματος

423 3821 671 3891 βοηθείας
719 3819 1246 3891 μεταλαμϐάνοντες,
1298 3821 1378 3883 εἰς
1418 3818 1479 3871 τὸ
1534 3820 1861 3891 προσφέρειν
1900 3821 1997 3885 τάς

420 3913 608 3975 θυσίας
636 3913 738 3980 τῆς
773 3911 1030 3974 αἰνέσεως
1064 3909 1143 3981 τῷ
1178 3909 1311 3979 Θεῷ.
1348 3909 1484 3964 Καθ’
1511 3909 1609 3963 ἕνα
1636 3911 1735 3980 μὲν
1756 3906 1847 3965 οὖν
1869 3911 1996 3982 τρό-

414 4040 518 4079 πον
566 4022 738 4087 οὕτως
784 4025 1026 4090 εὐσεϐῶς
1075 4026 1133 4079 ἐν
1171 4027 1451 4097 Πνεύματι
1493 4025 1591 4097 τὴν
1655 4025 2007 4096 εὐχαριστίαν

412 4115 858 4187 ἀποπληροῦμεν.
908 4117 1103 4170 Καίτοι
1145 4117 1239 4169 καὶ
1276 4117 1435 4171 τοῦτο
1462 4118 1563 4170 οὐκ
1592 4116 1817 4186 ἀϐαρὲς,
1847 4115 2009 4168 αὐτόν

413 4224 533 4261 τινα
566 4206 743 4278 ἐαυτῷ
784 4210 1102 4280 μαρτυρεῖν,
1140 4208 1223 4262 ὅτι
1254 4208 1479 4278 Πνεῦμα
1502 4207 1636 4261 Θεοῦ
1664 4209 1722 4260 ἐν
1747 4208 1891 4279 ἐμοὶ,
1915 4208 2012 4260 καὶ

413 4298 504 4352 διά
535 4300 635 4369 τῆς
687 4300 782 4352 ἀπ’
806 4299 969 4353 αὐτοῦ
1021 4298 1244 4371 χάριτος
1282 4299 1560 4368 σοφισθεὶς
1611 4298 1869 4369 ἀναφέρω
1911 4296 2009 4368 τὴν

414 4391 593 4458 δόξαν.
666 4390 863 4461 Παύλῳ
905 4389 1014 4460 γὰρ
1063 4390 1346 4460 πρέπουσα
1388 4390 1421 4458 ἡ
1480 4388 1667 4458 φωνή·
1706 4386 1867 4439 Δοκῶ
1900 4388 2009 4454 γὰρ

415 4483 577 4554 κάγὼ
602 4481 845 4552 Πνεῦμα
886 4480 1035 4535 Θεοῦ
1073 4482 1272 4549 ἔχειν’
1302 4479 1397 4533 καὶ
1424 4478 1585 4531 πάλιν
1605 4495 1617 4509 ·
1658 4477 1777 4545 Τὴν
1810 4475 2010 4542 καλὴν

415 4573 927 4644 παρακαταθήκην
975 4571 1255 4641 φύλαξον
1303 4569 1404 4624 διὰ
1449 4569 1794 4637 Πνεύματος
1837 4568 2008 4636 ἁγίου

416 4667 521 4720 τοῦ
550 4665 932 4730 ἐνοικοῦντος
957 4663 1028 4716 ἐν
1056 4663 1227 4732 ἡμῖν’
1260 4662 1356 4714 καὶ
1381 4660 1509 4733 περὶ
1540 4660 1634 4713 τοῦ
1657 4659 1858 4730 Δανιὴλ
1882 4675 1897 4688 ⁶
1926 4659 2009 4711 ὃτι

415 4755 639 4824 Πνεῦμα
671 4752 808 4807 Θεοῦ
844 4753 999 4822 ἅγιον
1038 4753 1096 4805 ἐν
1120 4752 1269 4825 αὐτῷ
1292 4770 1306 4782 ’
1340 4752 1435 4807 καὶ
1471 4751 1628 4817 εἴτις
1656 4750 1885 4813 ἐκείνοις
1908 4750 2008 4821 τὴν

414 4847 623 4917 ἀρετὴν
658 4844 1066 4917 παραπλήσιος.

604 5020 867 5091 Δεύτερος
898 5020 954 5074 δὲ
982 5019 1128 5084 νοῦς,
1171 5019 1293 5073 οὐδὲ
1330 5019 1493 5083 αὐτὸς
1527 5017 1833 5088 ἀπόϐλητος
1859 5034 1872 5048 ο
1921 5018 2007 5070 ὅτι

415 5108 604 5179 ῶσπερ
628 5111 685 5162 ἐν
714 5109 794 5180 τῷ
824 5109 939 5180 Υἰῷ
970 5110 1165 5180 ὁρᾶται
1204 5109 1233 5160 ὁ
1266 5106 1487 5178 Πατὴρ,
1532 5107 1704 5171 οὕτως
1736 5107 1764 5158 ὁ
1799 5106 1927 5170 Υἱὸς
1950 5106 2008 5160 ἐν

416 5198 495 5269 τῷ
524 5199 822 5271 Πνεύματι.
854 5200 921 5253 Ἢ
957 5200 1137 5253 τοίνυν
1172 5201 1229 5253 ἐν
1258 5199 1336 5271 τῷ
1376 5198 1657 5269 Πνεύματι
1693 5196 2007 5268 προσκύνη-

418 5310 505 5356 σις
536 5293 634 5365 τὴν
666 5292 741 5357 ὡς
792 5295 851 5345 ἐν
899 5292 1038 5361 φωτὶ
1096 5291 1388 5363 γινομένην
1430 5292 1530 5362 τῆς
1574 5289 1811 5353 διανοίας
1851 5288 2009 5360 ήμῶν

416 5386 697 5457 ἐνέργειαν
726 5385 1038 5450 ὑποϐάλλει,
1062 5384 1138 5448 ὼς
1169 5387 1233 5438 ἐκ
1262 5383 1370 5438 τῶν
1392 5383 1528 5454 πρὸς
1550 5383 1648 5453 τὴν
1675 5382 2008 5452 Σαμαρεῖτιν

416 5478 721 5548 εἰρημένων
750 5474 816 5530 ἂν
856 5476 1069 5547 μάθοις.
1088 5477 1176 5530 Ἐν
1214 5476 1364 5545 τόπῳ
1400 5474 1509 5546 γάρ
1539 5469 1677 5527 εἶναι
1710 5473 1807 5544 τὴν
1841 5488 2008 5541 προσ-

416 5568 644 5636 κύνησιν
669 5568 734 5621 ἐκ
776 5568 876 5637 τῆς
923 5567 1191 5639 ἐγχωρίου
1237 5565 1524 5637 συνηθείας
1570 5563 1933 5636 ἠπατημένην
1979 5563 2009 5618 ὁ

1346 334 1715 396 PANOPLIA
1766 335 2221 398 DOGMATICA.
2253 362 2320 374 —
2344 330 2489 398 ΤΙΤ.
2530 334 2661 399 ΧΠ.

2026 1812 2066 1865 Β

3558 331 3669 398 790

1372 473 1590 543 (utsin
1629 474 1734 528 τοῦ
1764 475 1834 527 ἐν
1860 475 1988 542 ἐμοὶ

2102 473 2328 542 guteritis
2378 476 2472 545 qui
2518 475 2751 545 loquitur
2803 477 2857 531 in
2904 494 2984 533 me
3022 477 3222 534 Christi
3268 479 3341 534 '?
3411 481 3492 536 sic
3524 491 3577 537 ct
3610 484 3677 537 in.

2093 561 2301 633 Spiritu
2332 565 2575 636 loquitur
2606 568 2867 638 mysteria
2888 606 2913 634 ,ς
2937 584 3003 624 ac
3035 569 3276 641 Spiritus
3313 588 3537 629 rursum
3582 576 3660 630 lo-

2091 658 2278 729 quitur
2309 658 2364 713 in
2396 672 2482 715 eo.

2302 750 2362 806 In
2412 752 2577 808 rebus
2636 766 2769 822 ergo
2819 750 3058 808 conditis
3117 753 3185 807 ad
3241 753 3389 807 hunc
3443 753 3664 809 modum

2093 841 2450 898 multifariam
2498 843 2775 915 variisque
2827 845 3138 901 rationibus
3171 844 3374 900 dicitur
3424 845 3665 917 Spiritus

2089 934 2271 992 inesse
2342 952 2360 991 :
2487 950 2677 990 verum
2724 936 2899 1006 magis
2939 936 3090 1005 pium
3141 943 3226 990 est
3270 936 3486 1002 dicere,
3536 952 3661 991 eum

2092 1039 2217 1079 esse
2259 1040 2384 1080 cum
2417 1023 2581 1082 Patre
2629 1032 2683 1082 et
2725 1024 2887 1089 Filio,
2923 1041 3087 1096 quam
3133 1027 3242 1082 illis
3288 1028 3492 1083 inesse.
3527 1026 3681 1081 Nam.

2093 1117 2269 1187 gratia
2326 1117 2396 1173 ab
2426 1132 2493 1173 eo
2527 1131 2781 1182 manans,
2830 1117 3112 1172 habitante
3159 1119 3215 1172 in
3260 1118 3327 1173 iis
3377 1120 3473 1189 qui
3514 1118 3665 1188 digni

2094 1214 2245 1273 sunt,
2290 1222 2356 1262 ae
2391 1222 2522 1265 suas
2554 1208 2903 1279 operationes
2942 1207 2997 1263 in
3030 1208 3137 1264 illis
3166 1217 3477 1275 exercente,
3514 1220 3667 1265 recte

2094 1300 2298 1355 dicitur
2334 1301 2515 1357 inesse
2551 1300 2619 1355 iis
2649 1301 2743 1371 qui
2773 1311 2903 1357 sunt
2943 1301 3093 1357 illius
3126 1316 3381 1371 capaces.
3417 1302 3483 1356 At
3518 1303 3666 1358 illius

2095 1390 2455 1447 subsistentia
2504 1404 2625 1460 quae
2655 1389 2759 1444 fuit
2803 1400 2929 1446 ante
2963 1391 3185 1456 saecula,
3223 1407 3287 1447 ac
3328 1393 3666 1461 perpetuitas

2095 1495 2374 1551 nunquam
2408 1480 2655 1536 desitura
2682 1495 2808 1535 cum
2836 1479 2976 1536 F-ilio
3013 1488 3068 1536 et
3097 1480 3261 1537 Patre
3292 1482 3664 1546 considerata,

2096 1571 2446 1641 sempiterna:
2495 1570 2912 1640 conjunctionis
2964 1572 3197 1641 requirit
3249 1572 3677 1642 appellationes.

2092 1658 2233 1716 Nam
2264 1678 2435 1717 coam
2469 1665 2691 1734 proprie
2721 1678 2787 1718 ac
2811 1679 2941 1719 vere
2972 1662 3176 1718 dicitur
3199 1665 3265 1719 de
3296 1664 3387 1731 iis,
3419 1678 3540 1735 quae
3565 1665 3683 1717 sibi:

2096 1753 2330 1809 invicem
2355 1754 2801 1825 inseparabiliter
2833 1756 3054 1812 adsunt.
3086 1754 3222 1809 Nam
3252 1756 3492 1810 calorem
3526 1754 3671 1811 ferro

2097 1848 2318 1917 quidem
2354 1848 2526 1918 ignito
2562 1849 2745 1904 inesse
2779 1848 3016 1905 dicimus
3045 1868 3060 1904 :
3096 1858 3154 1902 at
3197 1864 3304 1902 una
3337 1849 3500 1903 simul
3545 1864 3668 1901 cum

2098 1939 2218 2009 ipso
2251 1939 2375 2009 igne
2405 1953 2548 1995 esse.
2580 1938 2713 1994 Item
2742 1939 2965 2009 corpori
2995 1940 3290 1995 sanitatem
3323 1939 3513 1995 inesse
3533 1938 3670 1992 diei-

2099 2047 2245 2095 mus,
2278 2032 2443 2086 vitam
2488 2040 2672 2089 autem
2718 2034 2882 2090 simul
2909 2035 3261 2090 cumanima
3302 2050 3444 2091 esse.
3492 2035 3673 2101 Quare

2100 2119 2195 2174 ubi
2253 2121 2473 2190 pr0pria
2526 2130 2581 2176 et
2628 2124 3008 2180 connaturalis
3073 2135 3234 2194 atque
3284 2125 3670 2193 inseparabilis

2100 2212 2414 2266 communio
2456 2218 2561 2278 est,
2595 2212 2710 2268 haec
2739 2228 2847 2270 vox
2892 2230 3013 2267 cum
3046 2214 3445 2285 signiticantior
3476 2224 3581 2276 est,
3615 2222 3672 2267 ut

2102 2317 2224 2371 qua:
2253 2304 2644 2372 inseparabilis
2673 2304 3087 2375 coniunctionis
3122 2305 3513 2375 cogitationem
3547 2322 3677 2375 sug-

2103 2405 2255 2467 gerat
2297 2395 2621 2451 intellectui.
2661 2394 2761 2451 Ubi
2801 2404 2983 2452 autem
3034 2397 3209 2467 gratia
3252 2396 3322 2451 ab
3367 2397 3489 2465 ipso
3522 2396 3682 2465 proﬁ-

2104 2485 2341 2551 ciscens,
2374 2488 2638 2543 accedere
2683 2502 2749 2542 ac
2796 2503 2991 2543 rursus
3023 2486 3288 2542 decedere
3317 2494 3517 2556 potest,
3551 2503 3677 2556 pro-

2104 2576 2223 2650 prie
2251 2586 2308 2633 et
2339 2593 2469 2634 vere
2503 2578 2685 2634 inesse
2710 2578 2951 2643 dicitur;
2989 2579 3204 2635 etiamsi
3236 2579 3385 2634 illius
3417 2578 3593 2644 gratia
3624 2580 3677 2631 in

2106 2672 2176 2728 iis
2196 2671 2291 2743 qui
2324 2682 2674 2740 receperunt,
2704 2686 3084 2741 swpenumero
3110 2678 3332 2740 propter
3361 2668 3591 2724 afl'ectns
3622 2669 3683 2723 in

2106 2761 2251 2818 bono
2277 2762 2744 2833 perseverantiam
2775 2768 3038 2832 perpetua
3063 2771 3403 2830 permaneat.
3443 2761 3682 2816 Proinde

2107 2854 2328 2924 quoties
2357 2855 2638 2924 propriam
2673 2852 2916 2923 Spiritus
2942 2852 3263 2923 dignitatem
3298 2853 3679 2923 intelligimus,

2110 2962 2236 3003 cum
2271 2947 2434 3003 Patre
2458 2956 2512 3005 et
2542 2947 2683 3002 Filio
2714 2947 2894 3017 ipsum
2926 2946 3364 3015 contemplamur
3390 2964 3403 3000 :
3433 2945 3525 2999 ubi
3551 2960 3682 3001 vero

2107 3039 2338 3110 gratiam
2370 3040 2424 3093 in
2466 3054 2584 3102 eos,
2618 3038 2712 3108 qui
2746 3037 2894 3091 illius
2923 3043 3052 3091 sunt
3080 3035 3398 3106 participes,
3441 3050 3681 3103 operan-
3711 3108 3718 3115 ι

2109 3136 2220 3187 tem
2267 3141 2607 3200 reputemus,
2658 3129 2716 3183 in
2748 3128 2907 3183 nobis
2950 3115 3387 3197 esse-Spiritum
3421 3125 3677 3180 dicimus.

2109 3223 2177 3278 Et
2198 3237 2320 3293 quae
2352 3236 2384 3276 a
2412 3221 2572 3277 nobis
2596 3219 2842 3276 defertur
2866 3217 3194 3289 glorificatio
3222 3218 3277 3271 in
3310 3215 3542 3287 Spiritu,
3572 3232 3680 3270 non

2109 3315 2276 3370 habet
2320 3312 2719 3384 professionem
2769 3310 3056 3381 dignitatis
3110 3308 3281 3373 illius,
3336 3307 3430 3362 sed
3479 3315 3684 3361 nostrae

2109 3408 2358 3478 ipsorum
2395 3403 2793 3460 imbecillitatis
2824 3402 3253 3467 confessionem,
3281 3400 3410 3455 dum
3439 3399 3683 3463 ostendi-

2109 3511 2236 3553 mus
2274 3511 2379 3552 nos
2411 3511 2477 3551 ex
2506 3494 2667 3550 nobis
2693 3494 2828 3564 ipsis
2858 3493 2927 3547 ad
2958 3492 3373 3563 glorificanduin
3410 3490 3683 3546 sufﬁcien-

2110 3596 2193 3643 tes
2235 3601 2347 3642 non
2392 3601 2538 3650 esse,
2598 3585 2693 3640 sed
2736 3584 3113 3639 sufﬁcientiam
3166 3591 3411 3637 nostram
3460 3597 3585 3637 esse
3628 3582 3683 3634 in

2109 3679 2319 3749 Spiritu
2355 3685 2568 3741 sancto,
2622 3676 2678 3730 in
2714 3690 2824 3746 quo
2866 3674 3242 3739 corroborati,
3277 3688 3374 3742 pro
3410 3672 3689 3727 beneﬁciis

2108 3770 2351 3840 acceptis
2379 3768 2487 3823 Deo
2522 3774 2716 3822 nostro
2740 3764 2942 3836 gratias
2973 3764 3310 3819 absolvimus
3330 3782 3344 3818 :
3363 3762 3518 3830 juxta
3540 3761 3687 3831 quod

2110 3873 2140 3913 a
2182 3857 2389 3912 malitia
2434 3855 2647 3927 purgati
2696 3868 2924 3918 sumus;
2972 3852 3174 3922 quippe
3224 3852 3368 3915 alius
3419 3851 3528 3904 alio
3565 3851 3703 3919 plus.

2111 3960 2204 4004 aut
2235 3949 2441 4013 minus,
2485 3947 2695 4000 auxilio
2727 3944 2969 4014 Spirilus
3005 3943 3176 4011 adjuti
3225 3941 3293 3994 ad
3345 3941 3687 3995 offerendum

2110 4024 2319 4079 hostias
2370 4024 2546 4078 laudis
2592 4024 2721 4077 Deo.
2769 4022 3083 4077 Secundum
3142 4033 3309 4073 unum
3352 4017 3515 4086 igitur
3571 4032 3690 4069 mo-

2109 4116 2238 4169 dum
2275 4115 2356 4169 sic
2386 4114 2474 4184 pie
2503 4114 2806 4184 gratiarum
2839 4109 3111 4163 actionem
3146 4106 3200 4158 in
3235 4104 3443 4174 Spiritu
3479 4102 3689 4174 persolr

2108 4210 2308 4264 vimus.
2333 4208 2658 4275 Quanquam
2690 4210 2744 4259 et
2774 4203 2881 4256 hoc
2914 4199 3119 4255 invidia
3148 4212 3257 4251 non
3285 4205 3458 4257 caret,
3498 4202 3556 4248 ut
3590 4193 3661 4246 ali
3688 4224 3692 4231 -

2107 4300 2235 4370 quis
2263 4300 2331 4353 de
2367 4297 2553 4367 seipso
2595 4295 2941 4357 testificetur,
2977 4291 3236 4359 dicatque
3272 4309 3284 4344 :
3326 4286 3569 4358 Spiritus
3596 4284 3692 4339 Dei

2108 4387 2165 4440 in
2199 4402 2285 4440 me
2314 4394 2421 4450 est,
2451 4393 2507 4441 et
2544 4400 2639 4455 per
2677 4383 2907 4454 gratiam
2938 4381 3088 4435 illius
3128 4380 3349 4449 sapiens
3380 4378 3559 4432 factus
3601 4391 3690 4429 rc-

2043 4458 2083 4511 D
2107 4478 2225 4534 fero
2259 4478 2511 4548 gloriam.
2543 4475 2683 4529 Nam
2712 4476 2830 4529 hanc
2860 4488 2964 4528 vox
2999 4471 3231 4526 Paulum
3262 4470 3418 4524 decet
3447 4487 3461 4523 :
3504 4469 3693 4523 Videor

2105 4578 2155 4625 et
2197 4569 2329 4622 mihi
2375 4567 2641 4637 Spiritum
2688 4566 2786 4619 Dei
2837 4562 3026 4617 habere
3065 4568 3130 4630 ’ς
3162 4570 3216 4617 et
3253 4575 3482 4623 rursus,
3528 4557 3692 4627 Egre-

2105 4662 2252 4733 gium
2283 4660 2583 4729 depositum
2615 4672 2769 4712 serva
2797 4672 2890 4727 per
2917 4654 3181 4723 Spiritum
3211 4660 3456 4707 sanctum
3483 4650 3572 4720 qui
3602 4649 3689 4702 ἡα-

2111 4753 2251 4806 bitat
2300 4752 2355 4806 in
2397 4749 2549 4805 nobis
2593 4751 2638 4804 ³.
2668 4746 2802 4803 ltem
2840 4745 2908 4801 de
2938 4744 3165 4799 Daniele
3192 4741 3427 4812 legimus
3470 4747 3515 4801 ⁸,
3547 4740 3695 4809 quod

2109 4843 2352 4913 Spiritus
2387 4840 2482 4897 Dei
2525 4846 2752 4896 sanctus
2794 4836 2960 4893 fuerit
2998 4835 3053 4890 in
3085 4849 3183 4897 eo;
3239 4840 3293 4887 et
3339 4832 3387 4889 si
3433 4830 3560 4903 quis
3588 4830 3696 4889 illis

2109 4932 2374 4991 assimilis
2405 4932 2477 4987 sit
2507 4932 2731 4986 virtute.

2310 5025 2459 5079 Alter
2511 5031 2696 5077 autem
2747 5018 3071 5075 intellectus
3110 5023 3219 5083 cst,
3252 5030 3354 5071 nec
3391 5014 3512 5087 ipse
3560 5015 3696 5086 reji-

2107 5113 2360 5180 ciendus,
2407 5110 2553 5183 quod
2602 5111 2748 5167 sicut
2800 5109 2856 5162 in
2909 5105 3049 5162 Filio
3094 5104 3339 5162 cernitur
3388 5104 3572 5168 Pater,
3616 5104 3697 5157 sic

2107 5202 2283 5259 Filius
2317 5202 2564 5258 cernitur
2598 5200 2654 5255 in
2688 5197 2919 5271 Spiritu.
2954 5196 3142 5268 Itaque
3183 5194 3432 5251 adoratio
3460 5208 3580 5264 quae
3624 5195 3697 5246 sit

2109 5294 2164 5349 in
2197 5293 2429 5364 Spiritu,
2476 5290 2677 5346 mentis
2715 5296 2919 5344 nostrae
2961 5284 3332 5357 operationem
3384 5291 3444 5335 ut
3479 5281 3533 5334 in
3573 5279 3697 5334 luce

2112 5385 2313 5441 factam
2353 5384 2582 5452 indicat,
2612 5391 2675 5437 ut
2705 5383 2921 5439 discere
2955 5381 3085 5435 licet
3112 5394 3180 5434 ex
3207 5377 3275 5431 iis
3304 5388 3424 5445 qua:
3449 5371 3696 5426 Samari—

2112 5485 2255 5533 tanae
2282 5476 2431 5533 dicta
2457 5483 2607 5532 sunt.
2639 5472 2777 5529 Nam
2803 5488 2927 5528 cum
2960 5471 3053 5526 illa
3080 5464 3483 5523 consuetudine
3514 5462 3695 5531 regio-

2111 5570 2198 5625 nis
2226 5569 2454 5637 decepta
2495 5566 2842 5623 existimaret
2874 5563 2929 5618 in
2965 5561 3086 5617 loco
3124 5572 3250 5616 esse
3280 5553 3698 5616 adorationem;

506 5786 519 5815 ¹
561 5782 606 5839 ιι
636 5784 757 5840 Cor.
796 5802 909 5853 xui,
946 5788 999 5844 '5.
1078 5791 1098 5821 ³
1137 5786 1157 5843 l
1189 5788 1316 5850 Cor.
1346 5806 1440 5858 ru,
1467 5790 1554 5846 40.
1635 5790 1654 5823 ³
1689 5789 1732 5845 ll
1766 5789 1905 5846 Tini.
1939 5805 1976 5854 ι,

2174 5793 2193 5825 δ
2223 5789 2359 5847 Dan.
2398 5807 2449 5845 ν.
2479 5787 2566 5843 ll.
