  <div class='ocr_page' id='page_1' title='image "/cluster/home/n/w/nwhite01/storage/ocr_20150623/130:no.3/coo.31924054870351/405.png"; bbox 0 0 4082 6392; ppageno 0'>
   <div class='ocr_carea' id='block_1_1' title="bbox 361 269 457 333">
    <p class='ocr_par' dir='ltr' id='par_1_1' title="bbox 361 269 457 333">
     <span class='ocr_line' id='line_1_1' title="bbox 361 269 457 333; baseline 0.031 -3"><span class='ocrx_word' id='word_1_1' title='bbox 361 269 457 333; x_wconf 72' lang='lat'><strong>7”!</strong></span> 
     </span>
    </p>
   </div>
   <div class='ocr_carea' id='block_1_2' title="bbox 1592 255 2374 320">
    <p class='ocr_par' dir='ltr' id='par_1_2' title="bbox 1592 255 2374 320">
     <span class='ocr_line' id='line_1_2' title="bbox 1592 255 2374 320; baseline -0.008 0"><span class='ocrx_word' id='word_1_2' title='bbox 1592 257 1966 320; x_wconf 70' lang='lat' dir='ltr'><strong>EUTHYMII</strong></span> <span class='ocrx_word' id='word_1_3' title='bbox 2014 255 2374 315; x_wconf 62' lang='lat' dir='ltr'><strong>ZIGABENI</strong></span> 
     </span>
    </p>
   </div>
   <div class='ocr_carea' id='block_1_3' title="bbox 3523 256 3632 321">
    <p class='ocr_par' dir='ltr' id='par_1_3' title="bbox 3523 256 3632 321">
     <span class='ocr_line' id='line_1_3' title="bbox 3523 256 3632 321; baseline 0.046 -4"><span class='ocrx_word' id='word_1_4' title='bbox 3523 256 3632 321; x_wconf 71' lang='lat'><strong>792</strong></span> 
     </span>
    </p>
   </div>
   <div class='ocr_carea' id='block_1_4' title="bbox 363 381 1960 461">
    <p class='ocr_par' dir='ltr' id='par_1_4' title="bbox 363 385 1948 461">
     <span class='ocr_line' id='line_1_4' title="bbox 363 385 1948 461; baseline -0.013 -1"><span class='ocrx_word' id='word_1_5' title='bbox 363 406 628 461; x_wconf 74' lang='lat' dir='ltr'><strong>Dominus</strong></span> <span class='ocrx_word' id='word_1_6' title='bbox 657 416 776 456; x_wconf 86' lang='lat' dir='ltr'><strong>eam</strong></span> <span class='ocrx_word' id='word_1_7' title='bbox 811 397 1087 454; x_wconf 88' lang='lat' dir='ltr'><strong>deducens</strong></span> <span class='ocrx_word' id='word_1_8' title='bbox 1117 394 1253 449; x_wconf 82' lang='lat' dir='ltr'><strong>dixit</strong></span> <span class='ocrx_word' id='word_1_9' title='bbox 1286 390 1340 444; x_wconf 88' lang='lat' dir='ltr'><strong>in</strong></span> <span class='ocrx_word' id='word_1_10' title='bbox 1382 386 1596 460; x_wconf 88' lang='lat' dir='ltr'><strong>Spiritu</strong></span> <span class='ocrx_word' id='word_1_11' title='bbox 1628 393 1682 440; x_wconf 90' lang='lat' dir='ltr'><strong>et</strong></span> <span class='ocrx_word' id='word_1_12' title='bbox 1712 385 1948 441; x_wconf 86' lang='lat' dir='ltr'><strong>veritate</strong></span> 
     </span>
    </p>
   </div>
   <div class='ocr_carea' id='block_1_5' title="bbox 2054 381 3628 461">
    <p class='ocr_par' dir='ltr' id='par_1_5' title="bbox 2054 381 3628 458">
     <span class='ocr_line' id='line_1_5' title="bbox 2054 381 3628 458; baseline 0 -20"><span class='ocrx_word' id='word_1_13' title='bbox 2054 383 2240 454; x_wconf 59' lang='lat' dir='ltr'><strong>(Opto;</strong></span> <span class='ocrx_word' id='word_1_14' title='bbox 2265 386 2296 455; x_wconf 77' lang='grc' dir='ltr'><strong>ἡ</strong></span> <span class='ocrx_word' id='word_1_15' title='bbox 2307 381 2422 452; x_wconf 90' lang='grc' dir='ltr'><strong>μῶν</strong></span> <span class='ocrx_word' id='word_1_16' title='bbox 2447 382 2873 454; x_wconf 82' lang='grc' dir='ltr'>μεταδιδάσκων,</span> <span class='ocrx_word' id='word_1_17' title='bbox 2900 386 2956 436; x_wconf 81' lang='grc' dir='ltr'>ὲν</span> <span class='ocrx_word' id='word_1_18' title='bbox 2985 383 3262 456; x_wconf 77' lang='grc' dir='ltr'>Πνεύματι</span> <span class='ocrx_word' id='word_1_19' title='bbox 3284 385 3376 439; x_wconf 74' lang='grc' dir='ltr'>καὶ</span> <span class='ocrx_word' id='word_1_20' title='bbox 3399 385 3628 458; x_wconf 74' lang='grc' dir='ltr'>ἀληθείᾳ.</span> 
     </span>
    </p>
   </div>
   <div class='ocr_carea' id='block_1_6' title="bbox 361 476 1950 562">
    <p class='ocr_par' dir='ltr' id='par_1_6' title="bbox 361 476 1950 562">
     <span class='ocr_line' id='line_1_6' title="bbox 361 476 1950 562; baseline -0.013 -11"><span class='ocrx_word' id='word_1_21' title='bbox 361 498 596 551; x_wconf 85' lang='lat' dir='ltr'><strong>adorare</strong></span> <span class='ocrx_word' id='word_1_22' title='bbox 641 497 899 562; x_wconf 75' lang='lat' dir='ltr'><strong>oportere</strong></span> <span class='ocrx_word' id='word_1_23' title='bbox 940 491 955 522; x_wconf 74' lang='grc'>⁸</span> <span class='ocrx_word' id='word_1_24' title='bbox 999 506 1012 540; x_wconf 92' lang='lat'><strong>:</strong></span> <span class='ocrx_word' id='word_1_25' title='bbox 1059 483 1323 539; x_wconf 84' lang='lat' dir='ltr'><strong>nimirum</strong></span> <span class='ocrx_word' id='word_1_26' title='bbox 1373 479 1619 550; x_wconf 91' lang='lat' dir='ltr'><strong>seipsum</strong></span> <span class='ocrx_word' id='word_1_27' title='bbox 1665 476 1950 548; x_wconf 84' lang='lat' dir='ltr'><strong>appellans</strong></span> 
     </span>
    </p>
   </div>
   <div class='ocr_carea' id='block_1_7' title="bbox 364 567 1950 648">
    <p class='ocr_par' dir='ltr' id='par_1_7' title="bbox 364 567 1950 648">
     <span class='ocr_line' id='line_1_7' title="bbox 364 567 1950 648; baseline -0.01 -10"><span class='ocrx_word' id='word_1_28' title='bbox 364 589 670 643; x_wconf 73' lang='lat' dir='ltr'><strong>veritatem.</strong></span> <span class='ocrx_word' id='word_1_29' title='bbox 721 576 1195 648; x_wconf 84' lang='lat' dir='ltr'><strong>Quemadmodum</strong></span> <span class='ocrx_word' id='word_1_30' title='bbox 1237 574 1402 644; x_wconf 91' lang='lat' dir='ltr'><strong>igitur</strong></span> <span class='ocrx_word' id='word_1_31' title='bbox 1451 572 1508 626; x_wconf 89' lang='lat' dir='ltr'><strong>in</strong></span> <span class='ocrx_word' id='word_1_32' title='bbox 1545 567 1686 623; x_wconf 83' lang='lat' dir='ltr'><strong>Filio</strong></span> <span class='ocrx_word' id='word_1_33' title='bbox 1715 567 1950 623; x_wconf 87' lang='lat' dir='ltr'><strong>dicimus</strong></span> 
     </span>
    </p>
   </div>
   <div class='ocr_carea' id='block_1_8' title="bbox 363 657 1952 738">
    <p class='ocr_par' dir='ltr' id='par_1_8' title="bbox 363 657 1952 738">
     <span class='ocr_line' id='line_1_8' title="bbox 363 657 1952 738; baseline -0.015 -5"><span class='ocrx_word' id='word_1_34' title='bbox 363 677 766 738; x_wconf 87' lang='lat' dir='ltr'><strong>adurationem,</strong></span> <span class='ocrx_word' id='word_1_35' title='bbox 789 671 938 726; x_wconf 90' lang='lat' dir='ltr'><strong>velut</strong></span> <span class='ocrx_word' id='word_1_36' title='bbox 962 669 1016 722; x_wconf 91' lang='lat' dir='ltr'><strong>in</strong></span> <span class='ocrx_word' id='word_1_37' title='bbox 1042 663 1280 736; x_wconf 75' lang='lat' dir='ltr'><strong>imagine</strong></span> <span class='ocrx_word' id='word_1_38' title='bbox 1312 662 1408 718; x_wconf 90' lang='lat' dir='ltr'><strong>Dei</strong></span> <span class='ocrx_word' id='word_1_39' title='bbox 1438 676 1501 716; x_wconf 90' lang='lat' dir='ltr'><strong>ac</strong></span> <span class='ocrx_word' id='word_1_40' title='bbox 1526 658 1707 714; x_wconf 78' lang='lat' dir='ltr'><strong>Patris</strong></span> <span class='ocrx_word' id='word_1_41' title='bbox 1741 676 1757 714; x_wconf 89' lang='lat'><strong>:</strong></span> <span class='ocrx_word' id='word_1_42' title='bbox 1793 657 1874 714; x_wconf 92' lang='lat' dir='ltr'><strong>sic</strong></span> <span class='ocrx_word' id='word_1_43' title='bbox 1897 663 1952 710; x_wconf 87' lang='lat' dir='ltr'><strong>et</strong></span> 
     </span>
    </p>
   </div>
   <div class='ocr_carea' id='block_1_9' title="bbox 364 749 1950 837">
    <p class='ocr_par' dir='ltr' id='par_1_9' title="bbox 364 749 1950 837">
     <span class='ocr_line' id='line_1_9' title="bbox 364 749 1950 837; baseline -0.015 -13"><span class='ocrx_word' id='word_1_44' title='bbox 364 772 421 824; x_wconf 92' lang='lat' dir='ltr'><strong>in</strong></span> <span class='ocrx_word' id='word_1_45' title='bbox 459 767 666 837; x_wconf 85' lang='lat' dir='ltr'><strong>Spiritu</strong></span> <span class='ocrx_word' id='word_1_46' title='bbox 717 769 983 830; x_wconf 90' lang='lat' dir='ltr'><strong>tanquam</strong></span> <span class='ocrx_word' id='word_1_47' title='bbox 1037 757 1090 811; x_wconf 89' lang='lat' dir='ltr'><strong>in</strong></span> <span class='ocrx_word' id='word_1_48' title='bbox 1143 756 1329 826; x_wconf 91' lang='lat' dir='ltr'><strong>seipso</strong></span> <span class='ocrx_word' id='word_1_49' title='bbox 1360 751 1581 808; x_wconf 89' lang='lat' dir='ltr'><strong>Domini</strong></span> <span class='ocrx_word' id='word_1_50' title='bbox 1609 749 1950 805; x_wconf 84' lang='lat' dir='ltr'><strong>divinitatem</strong></span> 
     </span>
    </p>
   </div>
   <div class='ocr_carea' id='block_1_10' title="bbox 363 839 1953 931">
    <p class='ocr_par' dir='ltr' id='par_1_10' title="bbox 363 839 1953 931">
     <span class='ocr_line' id='line_1_10' title="bbox 363 839 1953 931; baseline -0.014 -14"><span class='ocrx_word' id='word_1_51' title='bbox 363 861 726 931; x_wconf 79' lang='lat' dir='ltr'><strong>exprimente.</strong></span> <span class='ocrx_word' id='word_1_52' title='bbox 773 851 934 908; x_wconf 87' lang='lat' dir='ltr'><strong>Unde</strong></span> <span class='ocrx_word' id='word_1_53' title='bbox 985 856 1040 904; x_wconf 91' lang='lat' dir='ltr'><strong>et</strong></span> <span class='ocrx_word' id='word_1_54' title='bbox 1089 848 1146 902; x_wconf 90' lang='lat' dir='ltr'><strong>in</strong></span> <span class='ocrx_word' id='word_1_55' title='bbox 1189 846 1522 902; x_wconf 87' lang='lat' dir='ltr'><strong>adoratione</strong></span> <span class='ocrx_word' id='word_1_56' title='bbox 1566 839 1953 912; x_wconf 77' lang='lat' dir='ltr'><strong>inseparabilis</strong></span> 
     </span>
    </p>
   </div>
   <div class='ocr_carea' id='block_1_11' title="bbox 364 932 1948 1010">
    <p class='ocr_par' dir='ltr' id='par_1_11' title="bbox 364 932 1948 1010">
     <span class='ocr_line' id='line_1_11' title="bbox 364 932 1948 1010; baseline -0.013 -3"><span class='ocrx_word' id='word_1_57' title='bbox 364 961 448 1008; x_wconf 88' lang='lat' dir='ltr'><strong>est</strong></span> <span class='ocrx_word' id='word_1_58' title='bbox 479 966 506 1003; x_wconf 87' lang='lat' dir='ltr'><strong>a</strong></span> <span class='ocrx_word' id='word_1_59' title='bbox 538 948 696 1002; x_wconf 87' lang='lat' dir='ltr'><strong>Patre</strong></span> <span class='ocrx_word' id='word_1_60' title='bbox 743 951 797 1000; x_wconf 88' lang='lat' dir='ltr'><strong>et</strong></span> <span class='ocrx_word' id='word_1_61' title='bbox 834 941 973 996; x_wconf 86' lang='lat' dir='ltr'><strong>Filio</strong></span> <span class='ocrx_word' id='word_1_62' title='bbox 1015 940 1256 1010; x_wconf 85' lang='lat' dir='ltr'><strong>Spiritus</strong></span> <span class='ocrx_word' id='word_1_63' title='bbox 1309 943 1558 992; x_wconf 85' lang='lat' dir='ltr'><strong>sanctus.</strong></span> <span class='ocrx_word' id='word_1_64' title='bbox 1613 932 1751 988; x_wconf 83' lang='lat' dir='ltr'><strong>Nam</strong></span> <span class='ocrx_word' id='word_1_65' title='bbox 1785 933 1832 988; x_wconf 92' lang='lat' dir='ltr'><strong>si</strong></span> <span class='ocrx_word' id='word_1_66' title='bbox 1867 932 1948 987; x_wconf 85' lang='lat' dir='ltr'><strong>sis</strong></span> 
     </span>
    </p>
   </div>
   <div class='ocr_carea' id='block_1_12' title="bbox 365 1029 1949 1104">
    <p class='ocr_par' dir='ltr' id='par_1_12' title="bbox 365 1029 1949 1104">
     <span class='ocr_line' id='line_1_12' title="bbox 365 1029 1949 1104; baseline -0.015 -5"><span class='ocrx_word' id='word_1_67' title='bbox 365 1051 518 1099; x_wconf 77' lang='lat' dir='ltr'><strong>extra</strong></span> <span class='ocrx_word' id='word_1_68' title='bbox 565 1039 738 1100; x_wconf 90' lang='lat' dir='ltr'><strong>illum,</strong></span> <span class='ocrx_word' id='word_1_69' title='bbox 789 1035 942 1089; x_wconf 87' lang='lat' dir='ltr'><strong>nullo</strong></span> <span class='ocrx_word' id='word_1_70' title='bbox 991 1039 1153 1104; x_wconf 89' lang='lat' dir='ltr'><strong>pacto</strong></span> <span class='ocrx_word' id='word_1_71' title='bbox 1199 1046 1260 1086; x_wconf 93' lang='lat' dir='ltr'><strong>es</strong></span> <span class='ocrx_word' id='word_1_72' title='bbox 1316 1029 1650 1084; x_wconf 89' lang='lat' dir='ltr'><strong>adoraturus</strong></span> <span class='ocrx_word' id='word_1_73' title='bbox 1680 1043 1694 1079; x_wconf 91' lang='lat'><strong>:</strong></span> <span class='ocrx_word' id='word_1_74' title='bbox 1730 1031 1949 1086; x_wconf 84' lang='lat' dir='ltr'><strong>contra,</strong></span> 
     </span>
    </p>
   </div>
   <div class='ocr_carea' id='block_1_13' title="bbox 365 1114 1952 1188">
    <p class='ocr_par' dir='ltr' id='par_1_13' title="bbox 365 1114 1952 1188">
     <span class='ocr_line' id='line_1_13' title="bbox 365 1114 1952 1188; baseline -0.013 -2"><span class='ocrx_word' id='word_1_75' title='bbox 365 1132 412 1187; x_wconf 88' lang='lat' dir='ltr'><strong>si</strong></span> <span class='ocrx_word' id='word_1_76' title='bbox 585 1127 640 1180; x_wconf 89' lang='lat' dir='ltr'><strong>in</strong></span> <span class='ocrx_word' id='word_1_77' title='bbox 677 1125 774 1179; x_wconf 88' lang='lat' dir='ltr'><strong>illo</strong></span> <span class='ocrx_word' id='word_1_78' title='bbox 816 1123 1009 1188; x_wconf 80' lang='lat' dir='ltr'><strong>fueris,</strong></span> <span class='ocrx_word' id='word_1_79' title='bbox 1055 1120 1210 1176; x_wconf 88' lang='lat' dir='ltr'><strong>nullo</strong></span> <span class='ocrx_word' id='word_1_80' title='bbox 1241 1119 1403 1174; x_wconf 88' lang='lat' dir='ltr'><strong>modo</strong></span> <span class='ocrx_word' id='word_1_81' title='bbox 1432 1132 1556 1174; x_wconf 89' lang='lat' dir='ltr'><strong>eum</strong></span> <span class='ocrx_word' id='word_1_82' title='bbox 1591 1114 1880 1186; x_wconf 81' lang='lat' dir='ltr'><strong>separabis</strong></span> <span class='ocrx_word' id='word_1_83' title='bbox 1921 1125 1952 1166; x_wconf 91' lang='lat' dir='ltr'><strong>a</strong></span> 
     </span>
    </p>
   </div>
   <div class='ocr_carea' id='block_1_14' title="bbox 366 1204 1950 1286">
    <p class='ocr_par' dir='ltr' id='par_1_14' title="bbox 366 1204 1950 1286">
     <span class='ocr_line' id='line_1_14' title="bbox 366 1204 1950 1286; baseline -0.01 -10"><span class='ocrx_word' id='word_1_84' title='bbox 366 1221 497 1284; x_wconf 83' lang='lat' dir='ltr'><strong>Deo,</strong></span> <span class='ocrx_word' id='word_1_85' title='bbox 531 1217 702 1273; x_wconf 91' lang='lat' dir='ltr'><strong>nihilo</strong></span> <span class='ocrx_word' id='word_1_86' title='bbox 737 1213 986 1286; x_wconf 80' lang='lat' dir='ltr'><strong>proiecto</strong></span> <span class='ocrx_word' id='word_1_87' title='bbox 1032 1211 1210 1284; x_wconf 86' lang='lat' dir='ltr'><strong>magis</strong></span> <span class='ocrx_word' id='word_1_88' title='bbox 1244 1224 1408 1281; x_wconf 84' lang='lat' dir='ltr'><strong>quam</strong></span> <span class='ocrx_word' id='word_1_89' title='bbox 1431 1209 1616 1262; x_wconf 85' lang='lat' dir='ltr'><strong>lumen</strong></span> <span class='ocrx_word' id='word_1_90' title='bbox 1662 1204 1950 1276; x_wconf 87' lang='lat' dir='ltr'><strong>separabis</strong></span> 
     </span>
    </p>
   </div>
   <div class='ocr_carea' id='block_1_15' title="bbox 368 1298 1954 1382">
    <p class='ocr_par' dir='ltr' id='par_1_15' title="bbox 368 1298 1954 1382">
     <span class='ocr_line' id='line_1_15' title="bbox 368 1298 1954 1382; baseline -0.011 -15"><span class='ocrx_word' id='word_1_91' title='bbox 368 1314 436 1368; x_wconf 92' lang='lat' dir='ltr'><strong>ab</strong></span> <span class='ocrx_word' id='word_1_92' title='bbox 483 1313 550 1368; x_wconf 90' lang='lat' dir='ltr'><strong>iis</strong></span> <span class='ocrx_word' id='word_1_93' title='bbox 585 1325 706 1382; x_wconf 69' lang='lat' dir='ltr'><strong>qua:</strong></span> <span class='ocrx_word' id='word_1_94' title='bbox 734 1308 874 1364; x_wconf 87' lang='lat' dir='ltr'><strong>visui</strong></span> <span class='ocrx_word' id='word_1_95' title='bbox 899 1313 1085 1378; x_wconf 89' lang='lat' dir='ltr'><strong>patent</strong></span> <span class='ocrx_word' id='word_1_96' title='bbox 1117 1322 1131 1358; x_wconf 85' lang='lat'><strong>:</strong></span> <span class='ocrx_word' id='word_1_97' title='bbox 1165 1301 1505 1373; x_wconf 86' lang='lat' dir='ltr'><strong>impossibile</strong></span> <span class='ocrx_word' id='word_1_98' title='bbox 1553 1298 1829 1369; x_wconf 86' lang='lat' dir='ltr'><strong>siquidem</strong></span> <span class='ocrx_word' id='word_1_99' title='bbox 1865 1304 1954 1353; x_wconf 87' lang='lat' dir='ltr'><strong>est</strong></span> 
     </span>
    </p>
   </div>
   <div class='ocr_carea' id='block_1_16' title="bbox 369 1388 1954 1471">
    <p class='ocr_par' dir='ltr' id='par_1_16' title="bbox 369 1388 1954 1471">
     <span class='ocr_line' id='line_1_16' title="bbox 369 1388 1954 1471; baseline -0.01 -11"><span class='ocrx_word' id='word_1_100' title='bbox 369 1418 595 1460; x_wconf 87' lang='lat' dir='ltr'><strong>cernere</strong></span> <span class='ocrx_word' id='word_1_101' title='bbox 639 1399 935 1471; x_wconf 76' lang='lat' dir='ltr'><strong>imaginem</strong></span> <span class='ocrx_word' id='word_1_102' title='bbox 976 1396 1070 1450; x_wconf 87' lang='lat' dir='ltr'><strong>Dei</strong></span> <span class='ocrx_word' id='word_1_103' title='bbox 1124 1395 1440 1457; x_wconf 86' lang='lat' dir='ltr'><strong>invisibilis,</strong></span> <span class='ocrx_word' id='word_1_104' title='bbox 1488 1391 1596 1446; x_wconf 85' lang='lat' dir='ltr'><strong>nisi</strong></span> <span class='ocrx_word' id='word_1_105' title='bbox 1644 1391 1701 1445; x_wconf 91' lang='lat' dir='ltr'><strong>in</strong></span> <span class='ocrx_word' id='word_1_106' title='bbox 1743 1388 1954 1444; x_wconf 84' lang='lat' dir='ltr'><strong>lumine</strong></span> 
     </span>
    </p>
   </div>
   <div class='ocr_carea' id='block_1_17' title="bbox 373 1480 1976 1564">
    <p class='ocr_par' dir='ltr' id='par_1_17' title="bbox 373 1480 1976 1564">
     <span class='ocr_line' id='line_1_17' title="bbox 373 1480 1976 1564; baseline -0.009 -16"><span class='ocrx_word' id='word_1_107' title='bbox 373 1493 636 1564; x_wconf 86' lang='lat' dir='ltr'><strong>Spiritus.</strong></span> <span class='ocrx_word' id='word_1_108' title='bbox 673 1489 736 1544; x_wconf 85' lang='lat' dir='ltr'><strong>Et</strong></span> <span class='ocrx_word' id='word_1_109' title='bbox 763 1489 854 1560; x_wconf 90' lang='lat' dir='ltr'><strong>qui</strong></span> <span class='ocrx_word' id='word_1_110' title='bbox 889 1488 1137 1541; x_wconf 84' lang='lat' dir='ltr'><strong>intuetur</strong></span> <span class='ocrx_word' id='word_1_111' title='bbox 1164 1483 1482 1555; x_wconf 84' lang='lat' dir='ltr'><strong>imaginem,</strong></span> <span class='ocrx_word' id='word_1_112' title='bbox 1526 1481 1672 1536; x_wconf 88' lang='lat' dir='ltr'><strong>hunc</strong></span> <span class='ocrx_word' id='word_1_113' title='bbox 1695 1480 1976 1551; x_wconf 67' lang='lat' dir='ltr'><strong>impossio,</strong></span> 
     </span>
    </p>
   </div>
   <div class='ocr_carea' id='block_1_18' title="bbox 373 1571 1954 1652">
    <p class='ocr_par' dir='ltr' id='par_1_18' title="bbox 373 1571 1954 1652">
     <span class='ocr_line' id='line_1_18' title="bbox 373 1571 1954 1652; baseline -0.012 -11"><span class='ocrx_word' id='word_1_114' title='bbox 373 1587 480 1642; x_wconf 87' lang='lat' dir='ltr'><strong>bile</strong></span> <span class='ocrx_word' id='word_1_115' title='bbox 504 1595 588 1641; x_wconf 87' lang='lat' dir='ltr'><strong>est</strong></span> <span class='ocrx_word' id='word_1_116' title='bbox 623 1585 807 1638; x_wconf 89' lang='lat' dir='ltr'><strong>lumen</strong></span> <span class='ocrx_word' id='word_1_117' title='bbox 845 1582 914 1636; x_wconf 89' lang='lat' dir='ltr'><strong>ab</strong></span> <span class='ocrx_word' id='word_1_118' title='bbox 942 1579 1182 1652; x_wconf 84' lang='lat' dir='ltr'><strong>imagine</strong></span> <span class='ocrx_word' id='word_1_119' title='bbox 1210 1590 1488 1647; x_wconf 87' lang='lat' dir='ltr'><strong>separare.</strong></span> <span class='ocrx_word' id='word_1_120' title='bbox 1523 1573 1680 1640; x_wconf 83' lang='lat' dir='ltr'><strong>Quod</strong></span> <span class='ocrx_word' id='word_1_121' title='bbox 1714 1571 1863 1628; x_wconf 90' lang='lat' dir='ltr'><strong>enim</strong></span> <span class='ocrx_word' id='word_1_122' title='bbox 1897 1577 1954 1623; x_wconf 90' lang='lat' dir='ltr'><strong>ut</strong></span> 
     </span>
    </p>
   </div>
   <div class='ocr_carea' id='block_1_19' title="bbox 2036 474 3628 552">
    <p class='ocr_par' dir='ltr' id='par_1_19' title="bbox 2036 474 3628 552">
     <span class='ocr_line' id='line_1_19' title="bbox 2036 474 3628 552; baseline 0.002 -23"><span class='ocrx_word' id='word_1_123' title='bbox 2036 475 2233 548; x_wconf 81' lang='grc' dir='ltr'>χρῆναι</span> <span class='ocrx_word' id='word_1_124' title='bbox 2270 477 2594 547; x_wconf 81' lang='grc' dir='ltr'>προσκυνεῖν</span> <span class='ocrx_word' id='word_1_125' title='bbox 2618 474 2840 546; x_wconf 79' lang='grc' dir='ltr'><strong>ἔφησεν,</strong></span> <span class='ocrx_word' id='word_1_126' title='bbox 2879 476 3070 528; x_wconf 74' lang='grc' dir='ltr'>ἑαυτὸν</span> <span class='ocrx_word' id='word_1_127' title='bbox 3099 476 3272 545; x_wconf 83' lang='grc' dir='ltr'>λέγων</span> <span class='ocrx_word' id='word_1_128' title='bbox 3298 476 3499 549; x_wconf 82' lang='grc' dir='ltr'>δηλαδὴ</span> <span class='ocrx_word' id='word_1_129' title='bbox 3528 479 3628 552; x_wconf 79' lang='grc' dir='ltr'>τὴν</span> 
     </span>
    </p>
   </div>
   <div class='ocr_carea' id='block_1_20' title="bbox 2035 562 3627 640">
    <p class='ocr_par' dir='ltr' id='par_1_20' title="bbox 2035 562 3627 640">
     <span class='ocr_line' id='line_1_20' title="bbox 2035 562 3627 640; baseline 0.001 -18"><span class='ocrx_word' id='word_1_130' title='bbox 2035 566 2311 639; x_wconf 78' lang='grc' dir='ltr'>ἀληθειαν.</span> <span class='ocrx_word' id='word_1_131' title='bbox 2339 567 2549 638; x_wconf 81' lang='grc' dir='ltr'>Ὠσπερ</span> <span class='ocrx_word' id='word_1_132' title='bbox 2569 562 2661 621; x_wconf 84' lang='grc' dir='ltr'><strong>οῦν</strong></span> <span class='ocrx_word' id='word_1_133' title='bbox 2698 569 2755 620; x_wconf 86' lang='grc' dir='ltr'>ὲν</span> <span class='ocrx_word' id='word_1_134' title='bbox 2793 565 2872 638; x_wconf 81' lang='grc' dir='ltr'>τῷ</span> <span class='ocrx_word' id='word_1_135' title='bbox 2913 567 3026 639; x_wconf 74' lang='grc' dir='ltr'><strong>γ’ἱῴ</strong></span> <span class='ocrx_word' id='word_1_136' title='bbox 3066 569 3436 640; x_wconf 77' lang='grc' dir='ltr'><strong>προσκύνησιν</strong></span> <span class='ocrx_word' id='word_1_137' title='bbox 3470 568 3627 638; x_wconf 82' lang='grc' dir='ltr'>λέγο-</span> 
     </span>
    </p>
   </div>
   <div class='ocr_carea' id='block_1_21' title="bbox 2039 657 3628 732">
    <p class='ocr_par' dir='ltr' id='par_1_21' title="bbox 2039 657 3628 732">
     <span class='ocr_line' id='line_1_21' title="bbox 2039 657 3628 732; baseline 0.003 -20"><span class='ocrx_word' id='word_1_138' title='bbox 2039 676 2160 731; x_wconf 86' lang='grc' dir='ltr'>μεν,</span> <span class='ocrx_word' id='word_1_139' title='bbox 2190 659 2286 730; x_wconf 85' lang='grc' dir='ltr'>τὴν</span> <span class='ocrx_word' id='word_1_140' title='bbox 2322 658 2398 722; x_wconf 80' lang='grc' dir='ltr'>ὡς</span> <span class='ocrx_word' id='word_1_141' title='bbox 2435 661 2495 712; x_wconf 74' lang='grc' dir='ltr'>ὲν</span> <span class='ocrx_word' id='word_1_142' title='bbox 2529 659 2699 712; x_wconf 87' lang='grc' dir='ltr'>εἰκόνι</span> <span class='ocrx_word' id='word_1_143' title='bbox 2735 657 2830 712; x_wconf 88' lang='grc' dir='ltr'><strong>τοῦ</strong></span> <span class='ocrx_word' id='word_1_144' title='bbox 2878 658 3016 713; x_wconf 82' lang='grc' dir='ltr'><strong>Θεοῦ</strong></span> <span class='ocrx_word' id='word_1_145' title='bbox 3062 661 3156 714; x_wconf 72' lang='grc' dir='ltr'><strong>καὶ</strong></span> <span class='ocrx_word' id='word_1_146' title='bbox 3202 661 3434 732; x_wconf 76' lang='grc' dir='ltr'>Πατρὸς,</span> <span class='ocrx_word' id='word_1_147' title='bbox 3485 662 3628 716; x_wconf 70' lang='grc' dir='ltr'>οὕτω</span> 
     </span>
    </p>
   </div>
   <div class='ocr_carea' id='block_1_22' title="bbox 2035 751 3627 825">
    <p class='ocr_par' dir='ltr' id='par_1_22' title="bbox 2035 751 3627 825">
     <span class='ocr_line' id='line_1_22' title="bbox 2035 751 3627 825; baseline -0.001 -18"><span class='ocrx_word' id='word_1_148' title='bbox 2035 753 2132 807; x_wconf 77' lang='grc' dir='ltr'>καὶ</span> <span class='ocrx_word' id='word_1_149' title='bbox 2163 752 2223 806; x_wconf 66' lang='grc' dir='ltr'>ἰν</span> <span class='ocrx_word' id='word_1_150' title='bbox 2254 751 2335 822; x_wconf 82' lang='grc' dir='ltr'>τῷ</span> <span class='ocrx_word' id='word_1_151' title='bbox 2367 751 2668 822; x_wconf 89' lang='grc' dir='ltr'>Πνεύματι,</span> <span class='ocrx_word' id='word_1_152' title='bbox 2698 751 2775 815; x_wconf 80' lang='grc' dir='ltr'>ὡς</span> <span class='ocrx_word' id='word_1_153' title='bbox 2809 752 2864 804; x_wconf 79' lang='grc' dir='ltr'>ἐν</span> <span class='ocrx_word' id='word_1_154' title='bbox 2897 751 3075 824; x_wconf 75' lang='grc' dir='ltr'>ἑαυτῴ</span> <span class='ocrx_word' id='word_1_155' title='bbox 3101 753 3370 806; x_wconf 82' lang='grc' dir='ltr'>δεικνύντι</span> <span class='ocrx_word' id='word_1_156' title='bbox 3406 753 3502 825; x_wconf 73' lang='grc' dir='ltr'>τὴν</span> <span class='ocrx_word' id='word_1_157' title='bbox 3533 754 3627 806; x_wconf 90' lang='grc' dir='ltr'><strong>τοῦ</strong></span> 
     </span>
    </p>
   </div>
   <div class='ocr_carea' id='block_1_23' title="bbox 2036 841 3629 917">
    <p class='ocr_par' dir='ltr' id='par_1_23' title="bbox 2036 841 3629 917">
     <span class='ocr_line' id='line_1_23' title="bbox 2036 841 3629 917; baseline 0.002 -21"><span class='ocrx_word' id='word_1_158' title='bbox 2036 841 2243 912; x_wconf 80' lang='grc' dir='ltr'><strong>Κυρίου</strong></span> <span class='ocrx_word' id='word_1_159' title='bbox 2273 841 2526 914; x_wconf 88' lang='grc' dir='ltr'>θεότητα.</span> <span class='ocrx_word' id='word_1_160' title='bbox 2559 843 2648 895; x_wconf 82' lang='grc' dir='ltr'>Διὸ</span> <span class='ocrx_word' id='word_1_161' title='bbox 2677 844 2771 896; x_wconf 77' lang='grc' dir='ltr'><strong>καὶ</strong></span> <span class='ocrx_word' id='word_1_162' title='bbox 2812 845 2871 896; x_wconf 83' lang='grc' dir='ltr'><strong>ἐν</strong></span> <span class='ocrx_word' id='word_1_163' title='bbox 2903 846 2968 912; x_wconf 82' lang='grc' dir='ltr'>τῇ</span> <span class='ocrx_word' id='word_1_164' title='bbox 3022 847 3390 916; x_wconf 67' lang='grc' dir='ltr'>προσκυνήσει</span> <span class='ocrx_word' id='word_1_165' title='bbox 3427 845 3629 917; x_wconf 77' lang='grc' dir='ltr'>ἀχώριο</span> 
     </span>
    </p>
   </div>
   <div class='ocr_carea' id='block_1_24' title="bbox 2039 935 3630 1007">
    <p class='ocr_par' dir='ltr' id='par_1_24' title="bbox 2039 935 3630 1007">
     <span class='ocr_line' id='line_1_24' title="bbox 2039 935 3630 1007; baseline 0.002 -19"><span class='ocrx_word' id='word_1_166' title='bbox 2039 951 2161 988; x_wconf 82' lang='grc' dir='ltr'>στον</span> <span class='ocrx_word' id='word_1_167' title='bbox 2185 935 2291 988; x_wconf 82' lang='grc' dir='ltr'>ἀπὸ</span> <span class='ocrx_word' id='word_1_168' title='bbox 2323 935 2538 1006; x_wconf 82' lang='grc' dir='ltr'>Πατρὺς</span> <span class='ocrx_word' id='word_1_169' title='bbox 2567 935 2660 988; x_wconf 75' lang='grc' dir='ltr'><strong>καὶ</strong></span> <span class='ocrx_word' id='word_1_170' title='bbox 2687 935 2818 989; x_wconf 85' lang='grc' dir='ltr'>Υἱοῦ</span> <span class='ocrx_word' id='word_1_171' title='bbox 2845 936 2906 988; x_wconf 79' lang='grc' dir='ltr'><strong>τὸ</strong></span> <span class='ocrx_word' id='word_1_172' title='bbox 2943 936 3164 1007; x_wconf 85' lang='grc' dir='ltr'>Πνεῦμα</span> <span class='ocrx_word' id='word_1_173' title='bbox 3189 938 3250 989; x_wconf 86' lang='grc' dir='ltr'><strong>τὸ</strong></span> <span class='ocrx_word' id='word_1_174' title='bbox 3276 937 3453 1006; x_wconf 78' lang='grc' dir='ltr'>άγιον.</span> <span class='ocrx_word' id='word_1_175' title='bbox 3483 938 3630 1002; x_wconf 79' lang='grc' dir='ltr'>’Ἑξω</span> 
     </span>
    </p>
   </div>
   <div class='ocr_carea' id='block_1_25' title="bbox 2039 1025 3630 1101">
    <p class='ocr_par' dir='ltr' id='par_1_25' title="bbox 2039 1025 3630 1101">
     <span class='ocr_line' id='line_1_25' title="bbox 2039 1025 3630 1101; baseline 0.001 -21"><span class='ocrx_word' id='word_1_176' title='bbox 2039 1027 2137 1097; x_wconf 75' lang='grc' dir='ltr'><strong>μὲν</strong></span> <span class='ocrx_word' id='word_1_177' title='bbox 2167 1025 2274 1097; x_wconf 78' lang='grc' dir='ltr'><strong>γάρ</strong></span> <span class='ocrx_word' id='word_1_178' title='bbox 2303 1025 2566 1097; x_wconf 78' lang='grc' dir='ltr'>ὑπάρχων</span> <span class='ocrx_word' id='word_1_179' title='bbox 2601 1027 2785 1090; x_wconf 77' lang='grc' dir='ltr'>αὑτοῦ,</span> <span class='ocrx_word' id='word_1_180' title='bbox 2833 1028 2952 1080; x_wconf 72' lang='grc' dir='ltr'>οὐδὲ</span> <span class='ocrx_word' id='word_1_181' title='bbox 2997 1030 3401 1101; x_wconf 76' lang='grc' dir='ltr'>προσκυνήσεις</span> <span class='ocrx_word' id='word_1_182' title='bbox 3441 1031 3501 1082; x_wconf 75' lang='grc' dir='ltr'>τὸ</span> <span class='ocrx_word' id='word_1_183' title='bbox 3527 1048 3630 1083; x_wconf 84' lang='grc' dir='ltr'>πα-</span> 
     </span>
    </p>
   </div>
   <div class='ocr_carea' id='block_1_26' title="bbox 2041 1117 3629 1190">
    <p class='ocr_par' dir='ltr' id='par_1_26' title="bbox 2041 1117 3629 1190">
     <span class='ocr_line' id='line_1_26' title="bbox 2041 1117 3629 1190; baseline 0.001 -18"><span class='ocrx_word' id='word_1_184' title='bbox 2041 1117 2252 1188; x_wconf 84' lang='grc' dir='ltr'>ράπαν’</span> <span class='ocrx_word' id='word_1_185' title='bbox 2301 1120 2361 1172; x_wconf 81' lang='grc' dir='ltr'>ὲν</span> <span class='ocrx_word' id='word_1_186' title='bbox 2415 1119 2564 1190; x_wconf 81' lang='grc' dir='ltr'>αύτῷ</span> <span class='ocrx_word' id='word_1_187' title='bbox 2609 1119 2667 1172; x_wconf 78' lang='grc' dir='ltr'>δὲ</span> <span class='ocrx_word' id='word_1_188' title='bbox 2713 1120 3002 1190; x_wconf 85' lang='grc' dir='ltr'>γενόμενος</span> <span class='ocrx_word' id='word_1_189' title='bbox 3056 1122 3235 1174; x_wconf 78' lang='grc' dir='ltr'>οὐδενὶ</span> <span class='ocrx_word' id='word_1_190' title='bbox 3443 1122 3629 1190; x_wconf 86' lang='grc' dir='ltr'>τρόπῳ</span> 
     </span>
    </p>
   </div>
   <div class='ocr_carea' id='block_1_27' title="bbox 2037 1209 3628 1284">
    <p class='ocr_par' dir='ltr' id='par_1_27' title="bbox 2037 1209 3628 1284">
     <span class='ocr_line' id='line_1_27' title="bbox 2037 1209 3628 1284; baseline 0 -20"><span class='ocrx_word' id='word_1_191' title='bbox 2037 1209 2400 1281; x_wconf 84' lang='grc' dir='ltr'>άποχωρίσεις</span> <span class='ocrx_word' id='word_1_192' title='bbox 2429 1209 2537 1264; x_wconf 82' lang='grc' dir='ltr'><strong>ἀπὸ</strong></span> <span class='ocrx_word' id='word_1_193' title='bbox 2571 1210 2706 1264; x_wconf 82' lang='grc' dir='ltr'>Θεοῦ</span> <span class='ocrx_word' id='word_1_194' title='bbox 2737 1229 2748 1241; x_wconf 92' lang='grc'><strong>·</strong></span> <span class='ocrx_word' id='word_1_195' title='bbox 2785 1211 2846 1264; x_wconf 84' lang='grc' dir='ltr'><strong>οὐ</strong></span> <span class='ocrx_word' id='word_1_196' title='bbox 2883 1211 3081 1282; x_wconf 84' lang='grc' dir='ltr'>μᾶλλόν</span> <span class='ocrx_word' id='word_1_197' title='bbox 3108 1229 3192 1281; x_wconf 86' lang='grc' dir='ltr'>γε.</span> <span class='ocrx_word' id='word_1_198' title='bbox 3221 1213 3255 1284; x_wconf 77' lang='grc' dir='ltr'>ἢ</span> <span class='ocrx_word' id='word_1_199' title='bbox 3286 1211 3394 1265; x_wconf 91' lang='grc' dir='ltr'><strong>τῶν</strong></span> <span class='ocrx_word' id='word_1_200' title='bbox 3415 1211 3628 1284; x_wconf 84' lang='grc' dir='ltr'>ὁρατῶν</span> 
     </span>
    </p>
   </div>
   <div class='ocr_carea' id='block_1_28' title="bbox 2037 1300 3628 1374">
    <p class='ocr_par' dir='ltr' id='par_1_28' title="bbox 2037 1300 3628 1374">
     <span class='ocr_line' id='line_1_28' title="bbox 2037 1300 3628 1374; baseline 0.003 -21"><span class='ocrx_word' id='word_1_201' title='bbox 2037 1300 2366 1372; x_wconf 79' lang='grc' dir='ltr'>ἀποστήσεις</span> <span class='ocrx_word' id='word_1_202' title='bbox 2395 1300 2457 1353; x_wconf 80' lang='grc' dir='ltr'>τὸ</span> <span class='ocrx_word' id='word_1_203' title='bbox 2495 1301 2610 1371; x_wconf 86' lang='grc' dir='ltr'>φῶς</span> <span class='ocrx_word' id='word_1_204' title='bbox 2636 1316 2649 1330; x_wconf 95' lang='grc'><strong>·</strong></span> <span class='ocrx_word' id='word_1_205' title='bbox 2700 1301 2961 1354; x_wconf 82' lang='grc' dir='ltr'>ἀδύνατον</span> <span class='ocrx_word' id='word_1_206' title='bbox 3000 1302 3107 1374; x_wconf 87' lang='grc' dir='ltr'><strong>γὰρ</strong></span> <span class='ocrx_word' id='word_1_207' title='bbox 3145 1303 3272 1354; x_wconf 84' lang='grc' dir='ltr'>ἰδεῖν</span> <span class='ocrx_word' id='word_1_208' title='bbox 3306 1302 3404 1374; x_wconf 69' lang='grc' dir='ltr'>τὴν</span> <span class='ocrx_word' id='word_1_209' title='bbox 3443 1302 3628 1358; x_wconf 78' lang='grc' dir='ltr'>εἰκόνα</span> 
     </span>
    </p>
   </div>
   <div class='ocr_carea' id='block_1_29' title="bbox 2036 1386 3628 1463">
    <p class='ocr_par' dir='ltr' id='par_1_29' title="bbox 2036 1386 3628 1463">
     <span class='ocr_line' id='line_1_29' title="bbox 2036 1386 3628 1463; baseline 0.003 -21"><span class='ocrx_word' id='word_1_210' title='bbox 2036 1386 2130 1442; x_wconf 90' lang='grc' dir='ltr'><strong>τοῦ</strong></span> <span class='ocrx_word' id='word_1_211' title='bbox 2152 1386 2289 1442; x_wconf 88' lang='grc' dir='ltr'><strong>Θεοῦ</strong></span> <span class='ocrx_word' id='word_1_212' title='bbox 2319 1387 2412 1441; x_wconf 88' lang='grc' dir='ltr'><strong>τοῦ</strong></span> <span class='ocrx_word' id='word_1_213' title='bbox 2441 1390 2698 1460; x_wconf 77' lang='grc' dir='ltr'>ἀοράτου,</span> <span class='ocrx_word' id='word_1_214' title='bbox 2731 1391 2805 1461; x_wconf 80' lang='grc' dir='ltr'>μὴ</span> <span class='ocrx_word' id='word_1_215' title='bbox 2836 1392 2892 1443; x_wconf 81' lang='grc' dir='ltr'>ὲν</span> <span class='ocrx_word' id='word_1_216' title='bbox 2917 1389 2994 1461; x_wconf 82' lang='grc' dir='ltr'>τῷ</span> <span class='ocrx_word' id='word_1_217' title='bbox 3034 1391 3298 1463; x_wconf 82' lang='grc' dir='ltr'>φωτισμῷ</span> <span class='ocrx_word' id='word_1_218' title='bbox 3325 1391 3419 1446; x_wconf 86' lang='grc' dir='ltr'><strong>τοῦ</strong></span> <span class='ocrx_word' id='word_1_219' title='bbox 3457 1393 3628 1446; x_wconf 87' lang='grc' dir='ltr'>Πνεύ-</span> 
     </span>
    </p>
   </div>
   <div class='ocr_carea' id='block_1_30' title="bbox 2041 1481 3630 1555">
    <p class='ocr_par' dir='ltr' id='par_1_30' title="bbox 2041 1481 3630 1555">
     <span class='ocr_line' id='line_1_30' title="bbox 2041 1481 3630 1555; baseline 0.003 -21"><span class='ocrx_word' id='word_1_220' title='bbox 2041 1497 2231 1552; x_wconf 83' lang='grc' dir='ltr'>ματος.</span> <span class='ocrx_word' id='word_1_221' title='bbox 2261 1482 2374 1535; x_wconf 77' lang='grc' dir='ltr'><strong>Καὶ</strong></span> <span class='ocrx_word' id='word_1_222' title='bbox 2399 1481 2488 1535; x_wconf 83' lang='grc' dir='ltr'><strong>τὸν</strong></span> <span class='ocrx_word' id='word_1_223' title='bbox 2522 1481 2898 1544; x_wconf 76' lang='grc' dir='ltr'>ἐνατενίζοντα</span> <span class='ocrx_word' id='word_1_224' title='bbox 2927 1485 2992 1553; x_wconf 83' lang='grc' dir='ltr'>τῇ</span> <span class='ocrx_word' id='word_1_225' title='bbox 3022 1485 3190 1537; x_wconf 74' lang='grc' dir='ltr'>εἰκόνι</span> <span class='ocrx_word' id='word_1_226' title='bbox 3228 1484 3508 1555; x_wconf 84' lang='grc' dir='ltr'>ἀμήχανον</span> <span class='ocrx_word' id='word_1_227' title='bbox 3529 1485 3630 1555; x_wconf 75' lang='grc' dir='ltr'>τῆς</span> 
     </span>
    </p>
   </div>
   <div class='ocr_carea' id='block_1_31' title="bbox 2038 1571 3631 1644">
    <p class='ocr_par' dir='ltr' id='par_1_31' title="bbox 2038 1571 3631 1644">
     <span class='ocr_line' id='line_1_31' title="bbox 2038 1571 3631 1644; baseline 0.001 -18"><span class='ocrx_word' id='word_1_228' title='bbox 2038 1572 2243 1637; x_wconf 75' lang='grc' dir='ltr'>εἰκόνος</span> <span class='ocrx_word' id='word_1_229' title='bbox 2270 1571 2610 1644; x_wconf 77' lang='grc' dir='ltr'>ἀποχωρίσαι</span> <span class='ocrx_word' id='word_1_230' title='bbox 2637 1572 2698 1625; x_wconf 78' lang='grc' dir='ltr'>τὸ</span> <span class='ocrx_word' id='word_1_231' title='bbox 2732 1571 2865 1642; x_wconf 81' lang='grc' dir='ltr'>φῶς.</span> <span class='ocrx_word' id='word_1_232' title='bbox 2905 1572 2978 1625; x_wconf 84' lang='grc' dir='ltr'><strong>Τὸ</strong></span> <span class='ocrx_word' id='word_1_233' title='bbox 3007 1573 3116 1644; x_wconf 80' lang='grc' dir='ltr'><strong>γάρ</strong></span> <span class='ocrx_word' id='word_1_234' title='bbox 3150 1571 3245 1626; x_wconf 89' lang='grc' dir='ltr'><strong>τοῦ</strong></span> <span class='ocrx_word' id='word_1_235' title='bbox 3285 1575 3416 1644; x_wconf 78' lang='grc' dir='ltr'>ὁρᾷν</span> <span class='ocrx_word' id='word_1_236' title='bbox 3460 1575 3631 1628; x_wconf 72' lang='grc' dir='ltr'>αἴτιον</span> 
     </span>
    </p>
   </div>
   <div class='ocr_carea' id='block_1_32' title="bbox 372 1655 1960 1737">
    <p class='ocr_par' dir='ltr' id='par_1_32' title="bbox 372 1663 1951 1737">
     <span class='ocr_line' id='line_1_32' title="bbox 372 1663 1951 1737; baseline -0.011 -4"><span class='ocrx_word' id='word_1_237' title='bbox 372 1679 560 1734; x_wconf 82' lang='lat' dir='ltr'><strong>videas</strong></span> <span class='ocrx_word' id='word_1_238' title='bbox 593 1678 645 1731; x_wconf 88' lang='lat' dir='ltr'><strong>in</strong></span> <span class='ocrx_word' id='word_1_239' title='bbox 683 1690 851 1730; x_wconf 74' lang='lat' dir='ltr'><strong>causa</strong></span> <span class='ocrx_word' id='word_1_240' title='bbox 895 1680 1000 1737; x_wconf 91' lang='lat' dir='ltr'><strong>est,</strong></span> <span class='ocrx_word' id='word_1_241' title='bbox 1035 1671 1089 1726; x_wconf 92' lang='lat' dir='ltr'><strong>id</strong></span> <span class='ocrx_word' id='word_1_242' title='bbox 1124 1683 1352 1726; x_wconf 88' lang='lat' dir='ltr'><strong>necesse</strong></span> <span class='ocrx_word' id='word_1_243' title='bbox 1390 1675 1497 1730; x_wconf 91' lang='lat' dir='ltr'><strong>est,</strong></span> <span class='ocrx_word' id='word_1_244' title='bbox 1530 1673 1591 1720; x_wconf 90' lang='lat' dir='ltr'><strong>ut</strong></span> <span class='ocrx_word' id='word_1_245' title='bbox 1634 1663 1796 1720; x_wconf 88' lang='lat' dir='ltr'><strong>simul</strong></span> <span class='ocrx_word' id='word_1_246' title='bbox 1829 1675 1951 1717; x_wconf 90' lang='lat' dir='ltr'><strong>cum</strong></span> 
     </span>
    </p>
   </div>
   <div class='ocr_carea' id='block_1_33' title="bbox 2054 1655 3631 1737">
    <p class='ocr_par' dir='ltr' id='par_1_33' title="bbox 2054 1655 3631 1734">
     <span class='ocr_line' id='line_1_33' title="bbox 2054 1655 3631 1734; baseline 0.003 -21"><span class='ocrx_word' id='word_1_247' title='bbox 2054 1659 2100 1726; x_wconf 63' lang='grc' dir='ltr'>ἐξ</span> <span class='ocrx_word' id='word_1_248' title='bbox 2133 1662 2381 1734; x_wconf 76' lang='grc' dir='ltr'><strong>ἀνάγκης</strong></span> <span class='ocrx_word' id='word_1_249' title='bbox 2405 1655 2809 1734; x_wconf 80' lang='grc' dir='ltr'>συγκαθοράται</span> <span class='ocrx_word' id='word_1_250' title='bbox 2835 1666 2948 1728; x_wconf 81' lang='grc' dir='ltr'>τοῖς</span> <span class='ocrx_word' id='word_1_251' title='bbox 2969 1665 3203 1734; x_wconf 78' lang='grc' dir='ltr'>ὁρατοῖς.</span> <span class='ocrx_word' id='word_1_252' title='bbox 3228 1665 3390 1717; x_wconf 84' lang='grc' dir='ltr'>Ὥστε</span> <span class='ocrx_word' id='word_1_253' title='bbox 3412 1666 3631 1728; x_wconf 81' lang='grc' dir='ltr'>οἰκείως</span> 
     </span>
    </p>
   </div>
   <div class='ocr_carea' id='block_1_34' title="bbox 372 1726 1960 1839">
    <p class='ocr_par' dir='ltr' id='par_1_34' title="bbox 372 1755 1955 1839">
     <span class='ocr_line' id='line_1_34' title="bbox 372 1755 1955 1839; baseline -0.009 -17"><span class='ocrx_word' id='word_1_254' title='bbox 372 1771 440 1824; x_wconf 90' lang='lat' dir='ltr'><strong>iis</strong></span> <span class='ocrx_word' id='word_1_255' title='bbox 491 1783 612 1839; x_wconf 70' lang='lat' dir='ltr'><strong>quae</strong></span> <span class='ocrx_word' id='word_1_256' title='bbox 671 1772 997 1827; x_wconf 89' lang='lat' dir='ltr'><strong>cernuntur,</strong></span> <span class='ocrx_word' id='word_1_257' title='bbox 1049 1761 1325 1817; x_wconf 86' lang='lat' dir='ltr'><strong>videatur.</strong></span> <span class='ocrx_word' id='word_1_258' title='bbox 1388 1759 1580 1828; x_wconf 88' lang='lat' dir='ltr'><strong>Itaque</strong></span> <span class='ocrx_word' id='word_1_259' title='bbox 1633 1755 1857 1826; x_wconf 82' lang='lat' dir='ltr'><strong>praprie</strong></span> <span class='ocrx_word' id='word_1_260' title='bbox 1899 1760 1955 1808; x_wconf 92' lang='lat' dir='ltr'><strong>et</strong></span> 
     </span>
    </p>
   </div>
   <div class='ocr_carea' id='block_1_35' title="bbox 2054 1726 3630 1839">
    <p class='ocr_par' dir='ltr' id='par_1_35' title="bbox 2054 1726 3630 1828">
     <span class='ocr_line' id='line_1_35' title="bbox 2054 1726 3630 1828; baseline 0.002 -22"><span class='ocrx_word' id='word_1_261' title='bbox 2054 1754 2135 1807; x_wconf 77' lang='grc' dir='ltr'>ιιαὶ</span> <span class='ocrx_word' id='word_1_262' title='bbox 2162 1726 2588 1818; x_wconf 37' lang='grc' dir='ltr'>ἀκολούθως-διά</span> <span class='ocrx_word' id='word_1_263' title='bbox 2625 1726 2723 1826; x_wconf 81' lang='grc' dir='ltr'><strong>μὲν</strong></span> <span class='ocrx_word' id='word_1_264' title='bbox 2751 1755 2846 1808; x_wconf 87' lang='grc' dir='ltr'><strong>τοῦ</strong></span> <span class='ocrx_word' id='word_1_265' title='bbox 2877 1726 3159 1827; x_wconf 71' lang='grc' dir='ltr'>φωτισμοῦ</span> <span class='ocrx_word' id='word_1_266' title='bbox 3191 1755 3285 1809; x_wconf 90' lang='grc' dir='ltr'><strong>τοῦ</strong></span> <span class='ocrx_word' id='word_1_267' title='bbox 3311 1726 3630 1828; x_wconf 82' lang='grc' dir='ltr'>Πνεύματος</span> 
     </span>
    </p>
   </div>
   <div class='ocr_carea' id='block_1_36' title="bbox 369 1844 1956 1928">
    <p class='ocr_par' dir='ltr' id='par_1_36' title="bbox 369 1844 1956 1928">
     <span class='ocr_line' id='line_1_36' title="bbox 369 1844 1956 1928; baseline -0.009 -16"><span class='ocrx_word' id='word_1_268' title='bbox 369 1865 739 1928; x_wconf 84' lang='lat' dir='ltr'><strong>congruenter</strong></span> <span class='ocrx_word' id='word_1_269' title='bbox 767 1869 862 1923; x_wconf 90' lang='lat' dir='ltr'><strong>per</strong></span> <span class='ocrx_word' id='word_1_270' title='bbox 897 1852 1360 1907; x_wconf 84' lang='lat' dir='ltr'><strong>illuminationem</strong></span> <span class='ocrx_word' id='word_1_271' title='bbox 1392 1847 1635 1918; x_wconf 88' lang='lat' dir='ltr'><strong>Spiritus</strong></span> <span class='ocrx_word' id='word_1_272' title='bbox 1675 1844 1956 1915; x_wconf 88' lang='lat' dir='ltr'><strong>conspici-</strong></span> 
     </span>
    </p>
   </div>
   <div class='ocr_carea' id='block_1_37' title="bbox 371 1938 1954 2016">
    <p class='ocr_par' dir='ltr' id='par_1_37' title="bbox 371 1938 1954 2016">
     <span class='ocr_line' id='line_1_37' title="bbox 371 1938 1954 2016; baseline -0.006 -18"><span class='ocrx_word' id='word_1_273' title='bbox 371 1962 495 2001; x_wconf 88' lang='lat' dir='ltr'><strong>mus</strong></span> <span class='ocrx_word' id='word_1_274' title='bbox 536 1945 882 2016; x_wconf 87' lang='lat' dir='ltr'><strong>splendorem</strong></span> <span class='ocrx_word' id='word_1_275' title='bbox 915 1943 1101 2012; x_wconf 65' lang='lat' dir='ltr'><strong>gloriae</strong></span> <span class='ocrx_word' id='word_1_276' title='bbox 1130 1940 1263 2008; x_wconf 88' lang='lat' dir='ltr'><strong>Dei;</strong></span> <span class='ocrx_word' id='word_1_277' title='bbox 1303 1955 1402 2012; x_wconf 86' lang='lat' dir='ltr'><strong>per</strong></span> <span class='ocrx_word' id='word_1_278' title='bbox 1443 1938 1819 1994; x_wconf 85' lang='lat' dir='ltr'><strong>characterem</strong></span> <span class='ocrx_word' id='word_1_279' title='bbox 1853 1951 1954 1990; x_wconf 81' lang='lat' dir='ltr'><strong>au-</strong></span> 
     </span>
    </p>
   </div>
   <div class='ocr_carea' id='block_1_38' title="bbox 370 2028 1953 2105">
    <p class='ocr_par' dir='ltr' id='par_1_38' title="bbox 370 2028 1953 2105">
     <span class='ocr_line' id='line_1_38' title="bbox 370 2028 1953 2105; baseline -0.008 -13"><span class='ocrx_word' id='word_1_280' title='bbox 370 2046 480 2095; x_wconf 91' lang='lat' dir='ltr'><strong>tem</strong></span> <span class='ocrx_word' id='word_1_281' title='bbox 520 2038 586 2093; x_wconf 87' lang='lat' dir='ltr'><strong>ad</strong></span> <span class='ocrx_word' id='word_1_282' title='bbox 619 2051 766 2101; x_wconf 90' lang='lat' dir='ltr'><strong>eum,</strong></span> <span class='ocrx_word' id='word_1_283' title='bbox 799 2035 961 2105; x_wconf 91' lang='lat' dir='ltr'><strong>cujus</strong></span> <span class='ocrx_word' id='word_1_284' title='bbox 1010 2041 1095 2090; x_wconf 89' lang='lat' dir='ltr'><strong>est</strong></span> <span class='ocrx_word' id='word_1_285' title='bbox 1139 2035 1431 2089; x_wconf 87' lang='lat' dir='ltr'><strong>character</strong></span> <span class='ocrx_word' id='word_1_286' title='bbox 1473 2039 1529 2087; x_wconf 90' lang='lat' dir='ltr'><strong>et</strong></span> <span class='ocrx_word' id='word_1_287' title='bbox 1557 2029 1768 2101; x_wconf 65' lang='lat' dir='ltr'><strong>aequale</strong></span> <span class='ocrx_word' id='word_1_288' title='bbox 1803 2028 1953 2098; x_wconf 83' lang='lat' dir='ltr'><strong>sigil-</strong></span> 
     </span>
    </p>
   </div>
   <div class='ocr_carea' id='block_1_39' title="bbox 370 2126 924 2189">
    <p class='ocr_par' dir='ltr' id='par_1_39' title="bbox 370 2126 924 2189">
     <span class='ocr_line' id='line_1_39' title="bbox 370 2126 924 2189; baseline -0.011 -5"><span class='ocrx_word' id='word_1_289' title='bbox 370 2130 506 2189; x_wconf 85' lang='lat' dir='ltr'><strong>lum.</strong></span> <span class='ocrx_word' id='word_1_290' title='bbox 543 2126 924 2182; x_wconf 85' lang='lat' dir='ltr'><strong>subvehimur.</strong></span> 
     </span>
    </p>
   </div>
   <div class='ocr_carea' id='block_1_40' title="bbox 438 2209 1952 2284">
    <p class='ocr_par' dir='ltr' id='par_1_40' title="bbox 438 2209 1952 2284">
     <span class='ocr_line' id='line_1_40' title="bbox 438 2209 1952 2284; baseline -0.003 -18"><span class='ocrx_word' id='word_1_291' title='bbox 438 2215 616 2281; x_wconf 78' lang='lat' dir='ltr'><strong>Quum</strong></span> <span class='ocrx_word' id='word_1_292' title='bbox 667 2214 834 2284; x_wconf 89' lang='lat' dir='ltr'><strong>igitur</strong></span> <span class='ocrx_word' id='word_1_293' title='bbox 898 2212 970 2268; x_wconf 85' lang='lat' dir='ltr'><strong>ob</strong></span> <span class='ocrx_word' id='word_1_294' title='bbox 1009 2225 1257 2276; x_wconf 86' lang='lat' dir='ltr'><strong>causam,</strong></span> <span class='ocrx_word' id='word_1_295' title='bbox 1307 2209 1588 2279; x_wconf 85' lang='lat' dir='ltr'><strong>inquiunt,</strong></span> <span class='ocrx_word' id='word_1_296' title='bbox 1637 2223 1758 2264; x_wconf 87' lang='lat' dir='ltr'><strong>cum</strong></span> <span class='ocrx_word' id='word_1_297' title='bbox 1827 2221 1952 2278; x_wconf 87' lang='lat' dir='ltr'><strong>pro-</strong></span> 
     </span>
    </p>
   </div>
   <div class='ocr_carea' id='block_1_41' title="bbox 375 2298 1952 2375">
    <p class='ocr_par' dir='ltr' id='par_1_41' title="bbox 375 2298 1952 2375">
     <span class='ocr_line' id='line_1_41' title="bbox 375 2298 1952 2375; baseline -0.003 -16"><span class='ocrx_word' id='word_1_298' title='bbox 375 2306 494 2375; x_wconf 84' lang='lat' dir='ltr'><strong>prie</strong></span> <span class='ocrx_word' id='word_1_299' title='bbox 519 2303 810 2359; x_wconf 81' lang='lat' dir='ltr'><strong>conveniat</strong></span> <span class='ocrx_word' id='word_1_300' title='bbox 850 2303 968 2359; x_wconf 66' lang='lat' dir='ltr'><strong>bate</strong></span> <span class='ocrx_word' id='word_1_301' title='bbox 1021 2302 1256 2374; x_wconf 84' lang='lat' dir='ltr'><strong>syllaba,</strong></span> <span class='ocrx_word' id='word_1_302' title='bbox 1297 2303 1379 2368; x_wconf 87' lang='lat' dir='ltr'><strong>in,</strong></span> <span class='ocrx_word' id='word_1_303' title='bbox 1407 2299 1666 2372; x_wconf 89' lang='lat' dir='ltr'><strong>Spiritui,</strong></span> <span class='ocrx_word' id='word_1_304' title='bbox 1699 2314 1762 2354; x_wconf 90' lang='lat' dir='ltr'><strong>ac</strong></span> <span class='ocrx_word' id='word_1_305' title='bbox 1793 2298 1952 2355; x_wconf 87' lang='lat' dir='ltr'><strong>nobis</strong></span> 
     </span>
    </p>
   </div>
   <div class='ocr_carea' id='block_1_42' title="bbox 375 2393 1952 2467">
    <p class='ocr_par' dir='ltr' id='par_1_42' title="bbox 375 2393 1952 2467">
     <span class='ocr_line' id='line_1_42' title="bbox 375 2393 1952 2467; baseline -0.006 -13"><span class='ocrx_word' id='word_1_306' title='bbox 375 2399 443 2453; x_wconf 84' lang='lat' dir='ltr'><strong>ad</strong></span> <span class='ocrx_word' id='word_1_307' title='bbox 487 2396 900 2467; x_wconf 80' lang='lat' dir='ltr'><strong>exprimendum</strong></span> <span class='ocrx_word' id='word_1_308' title='bbox 936 2395 1186 2467; x_wconf 83' lang='lat' dir='ltr'><strong>quemvis</strong></span> <span class='ocrx_word' id='word_1_309' title='bbox 1228 2395 1296 2450; x_wconf 90' lang='lat' dir='ltr'><strong>de</strong></span> <span class='ocrx_word' id='word_1_310' title='bbox 1327 2393 1553 2464; x_wconf 82' lang='lat' dir='ltr'><strong>Spiritu</strong></span> <span class='ocrx_word' id='word_1_311' title='bbox 1616 2393 1952 2448; x_wconf 89' lang='lat' dir='ltr'><strong>intellectum</strong></span> 
     </span>
    </p>
   </div>
   <div class='ocr_carea' id='block_1_43' title="bbox 373 2483 1954 2558">
    <p class='ocr_par' dir='ltr' id='par_1_43' title="bbox 373 2483 1954 2558">
     <span class='ocr_line' id='line_1_43' title="bbox 373 2483 1954 2558; baseline -0.005 -14"><span class='ocrx_word' id='word_1_312' title='bbox 373 2489 626 2553; x_wconf 81' lang='lat' dir='ltr'><strong>sutliciat,</strong></span> <span class='ocrx_word' id='word_1_313' title='bbox 655 2503 754 2546; x_wconf 82' lang='lat' dir='ltr'><strong>vos</strong></span> <span class='ocrx_word' id='word_1_314' title='bbox 779 2502 980 2544; x_wconf 83' lang='lat' dir='ltr'><strong>novam</strong></span> <span class='ocrx_word' id='word_1_315' title='bbox 1014 2487 1178 2542; x_wconf 87' lang='lat' dir='ltr'><strong>istam</strong></span> <span class='ocrx_word' id='word_1_316' title='bbox 1205 2486 1468 2558; x_wconf 85' lang='lat' dir='ltr'><strong>syllabam</strong></span> <span class='ocrx_word' id='word_1_317' title='bbox 1502 2484 1824 2548; x_wconf 78' lang='lat' dir='ltr'><strong>induxistis,</strong></span> <span class='ocrx_word' id='word_1_318' title='bbox 1859 2483 1954 2552; x_wconf 79' lang='lat' dir='ltr'><strong>qui</strong></span> 
     </span>
    </p>
   </div>
   <div class='ocr_carea' id='block_1_44' title="bbox 373 2573 1954 2645">
    <p class='ocr_par' dir='ltr' id='par_1_44' title="bbox 373 2573 1954 2645">
     <span class='ocr_line' id='line_1_44' title="bbox 373 2573 1954 2645; baseline -0.004 -13"><span class='ocrx_word' id='word_1_319' title='bbox 373 2580 580 2642; x_wconf 88' lang='lat' dir='ltr'><strong>dicitis,</strong></span> <span class='ocrx_word' id='word_1_320' title='bbox 603 2577 734 2634; x_wconf 82' lang='lat' dir='ltr'><strong>Cum</strong></span> <span class='ocrx_word' id='word_1_321' title='bbox 765 2577 998 2645; x_wconf 80' lang='lat' dir='ltr'><strong>Spiritu,</strong></span> <span class='ocrx_word' id='word_1_322' title='bbox 1036 2591 1172 2643; x_wconf 84' lang='lat' dir='ltr'><strong>non,</strong></span> <span class='ocrx_word' id='word_1_323' title='bbox 1195 2575 1259 2630; x_wconf 82' lang='lat' dir='ltr'><strong>In</strong></span> <span class='ocrx_word' id='word_1_324' title='bbox 1291 2573 1497 2644; x_wconf 80' lang='lat' dir='ltr'><strong>Spiritu</strong></span> <span class='ocrx_word' id='word_1_325' title='bbox 1547 2585 1770 2639; x_wconf 78' lang='lat' dir='ltr'><strong>sancto;</strong></span> <span class='ocrx_word' id='word_1_326' title='bbox 1813 2573 1954 2627; x_wconf 82' lang='lat' dir='ltr'><strong>alio-</strong></span> 
     </span>
    </p>
   </div>
   <div class='ocr_carea' id='block_1_45' title="bbox 373 2665 1958 2741">
    <p class='ocr_par' dir='ltr' id='par_1_45' title="bbox 373 2665 1958 2741">
     <span class='ocr_line' id='line_1_45' title="bbox 373 2665 1958 2741; baseline -0.004 -15"><span class='ocrx_word' id='word_1_327' title='bbox 373 2673 506 2741; x_wconf 88' lang='lat' dir='ltr'><strong>quin</strong></span> <span class='ocrx_word' id='word_1_328' title='bbox 546 2684 648 2726; x_wconf 90' lang='lat' dir='ltr'><strong>nec</strong></span> <span class='ocrx_word' id='word_1_329' title='bbox 673 2668 1022 2731; x_wconf 83' lang='lat' dir='ltr'><strong>necessariis.</strong></span> <span class='ocrx_word' id='word_1_330' title='bbox 1047 2682 1148 2724; x_wconf 87' lang='lat' dir='ltr'><strong>nec</strong></span> <span class='ocrx_word' id='word_1_331' title='bbox 1181 2668 1249 2722; x_wconf 87' lang='lat' dir='ltr'><strong>ab</strong></span> <span class='ocrx_word' id='word_1_332' title='bbox 1270 2667 1512 2722; x_wconf 82' lang='lat' dir='ltr'><strong>Ecclesia</strong></span> <span class='ocrx_word' id='word_1_333' title='bbox 1568 2665 1815 2737; x_wconf 85' lang='lat' dir='ltr'><strong>probatis</strong></span> <span class='ocrx_word' id='word_1_334' title='bbox 1855 2680 1958 2720; x_wconf 76' lang='lat' dir='ltr'><strong>vo-</strong></span> 
     </span>
    </p>
   </div>
   <div class='ocr_carea' id='block_1_46' title="bbox 376 2761 842 2818">
    <p class='ocr_par' dir='ltr' id='par_1_46' title="bbox 376 2761 842 2818">
     <span class='ocr_line' id='line_1_46' title="bbox 376 2761 842 2818; baseline -0.009 0"><span class='ocrx_word' id='word_1_335' title='bbox 376 2762 536 2818; x_wconf 78' lang='lat' dir='ltr'><strong>cibus</strong></span> <span class='ocrx_word' id='word_1_336' title='bbox 579 2761 842 2816; x_wconf 78' lang='lat' dir='ltr'><strong>utentes?</strong></span> 
     </span>
    </p>
   </div>
   <div class='ocr_carea' id='block_1_47' title="bbox 381 2899 1957 2971">
    <p class='ocr_par' dir='ltr' id='par_1_47' title="bbox 381 2899 1957 2971">
     <span class='ocr_line' id='line_1_47' title="bbox 381 2899 1957 2971; baseline 0.004 -20"><span class='ocrx_word' id='word_1_337' title='bbox 381 2899 528 2971; x_wconf 67' lang='lat' dir='ltr'><strong>Unde</strong></span> <span class='ocrx_word' id='word_1_338' title='bbox 559 2899 768 2971; x_wconf 73' lang='lat' dir='ltr'><strong>initium</strong></span> <span class='ocrx_word' id='word_1_339' title='bbox 801 2899 969 2971; x_wconf 55' lang='lat' dir='ltr'><strong>habet</strong></span> <span class='ocrx_word' id='word_1_340' title='bbox 989 2899 1221 2971; x_wconf 67' lang='lat' dir='ltr'><strong>syllaba,</strong></span> <span class='ocrx_word' id='word_1_341' title='bbox 1246 2900 1446 2964; x_wconf 63' lang='lat' dir='ltr'><strong>«cum,»</strong></span> <span class='ocrx_word' id='word_1_342' title='bbox 1479 2912 1709 2971; x_wconf 78' lang='lat' dir='ltr'><strong>etquam</strong></span> <span class='ocrx_word' id='word_1_343' title='bbox 1729 2902 1834 2956; x_wconf 70' lang='lat' dir='ltr'><strong>vim</strong></span> <span class='ocrx_word' id='word_1_344' title='bbox 1854 2903 1957 2957; x_wconf 77' lang='lat' dir='ltr'><strong>lia-</strong></span> 
     </span>
    </p>
   </div>
   <div class='ocr_carea' id='block_1_48' title="bbox 454 2967 1958 3042">
    <p class='ocr_par' dir='ltr' id='par_1_48' title="bbox 454 2967 1958 3042">
     <span class='ocr_line' id='line_1_48' title="bbox 454 2967 1958 3042; baseline 0.003 -19"><span class='ocrx_word' id='word_1_345' title='bbox 454 2970 605 3042; x_wconf 77' lang='lat' dir='ltr'><strong>beat;</strong></span> <span class='ocrx_word' id='word_1_346' title='bbox 639 2969 729 3042; x_wconf 61' lang='lat' dir='ltr'><strong>ubi</strong></span> <span class='ocrx_word' id='word_1_347' title='bbox 757 2978 805 3023; x_wconf 81' lang='lat' dir='ltr'><strong>et</strong></span> <span class='ocrx_word' id='word_1_348' title='bbox 837 2969 901 3023; x_wconf 81' lang='lat' dir='ltr'><strong>de</strong></span> <span class='ocrx_word' id='word_1_349' title='bbox 921 2967 1172 3025; x_wconf 66' lang='lat' dir='ltr'><strong>Ecclesia</strong></span> <span class='ocrx_word' id='word_1_350' title='bbox 1201 2969 1402 3040; x_wconf 75' lang='lat' dir='ltr'><strong>legibus</strong></span> <span class='ocrx_word' id='word_1_351' title='bbox 1429 2967 1578 3025; x_wconf 70' lang='lat' dir='ltr'><strong>nullo</strong></span> <span class='ocrx_word' id='word_1_352' title='bbox 1603 2973 1804 3041; x_wconf 79' lang='lat' dir='ltr'><strong>scripto</strong></span> <span class='ocrx_word' id='word_1_353' title='bbox 1832 2989 1958 3042; x_wconf 86' lang='lat' dir='ltr'><strong>pro-</strong></span> 
     </span>
    </p>
   </div>
   <div class='ocr_carea' id='block_1_49' title="bbox 451 3039 928 3110">
    <p class='ocr_par' dir='ltr' id='par_1_49' title="bbox 451 3039 928 3110">
     <span class='ocr_line' id='line_1_49' title="bbox 451 3039 928 3110; baseline 0.01 -19"><span class='ocrx_word' id='word_1_354' title='bbox 451 3041 599 3094; x_wconf 82' lang='lat' dir='ltr'><strong>ditis.</strong></span> <span class='ocrx_word' id='word_1_355' title='bbox 629 3039 801 3110; x_wconf 81' lang='lat' dir='ltr'><strong>Caput</strong></span> <span class='ocrx_word' id='word_1_356' title='bbox 835 3042 928 3096; x_wconf 70' lang='lat'><strong>27.</strong></span> 
     </span>
    </p>
   </div>
   <div class='ocr_carea' id='block_1_50' title="bbox 452 3129 1956 3204">
    <p class='ocr_par' dir='ltr' id='par_1_50' title="bbox 452 3129 1956 3204">
     <span class='ocr_line' id='line_1_50' title="bbox 452 3129 1956 3204; baseline 0.001 -18"><span class='ocrx_word' id='word_1_357' title='bbox 452 3131 608 3200; x_wconf 87' lang='lat' dir='ltr'><strong>Quod</strong></span> <span class='ocrx_word' id='word_1_358' title='bbox 672 3133 835 3204; x_wconf 89' lang='lat' dir='ltr'><strong>igitur</strong></span> <span class='ocrx_word' id='word_1_359' title='bbox 883 3133 1000 3188; x_wconf 66' lang='lat' dir='ltr'><strong>hac</strong></span> <span class='ocrx_word' id='word_1_360' title='bbox 1054 3134 1286 3203; x_wconf 83' lang='lat' dir='ltr'><strong>syllaba,</strong></span> <span class='ocrx_word' id='word_1_361' title='bbox 1365 3133 1446 3198; x_wconf 82' lang='lat' dir='ltr'><strong>in,</strong></span> <span class='ocrx_word' id='word_1_362' title='bbox 1506 3129 1737 3201; x_wconf 87' lang='lat' dir='ltr'><strong>Spiritui</strong></span> <span class='ocrx_word' id='word_1_363' title='bbox 1824 3147 1956 3187; x_wconf 88' lang='lat' dir='ltr'><strong>san-</strong></span> 
     </span>
    </p>
   </div>
   <div class='ocr_carea' id='block_1_51' title="bbox 380 3221 1961 3294">
    <p class='ocr_par' dir='ltr' id='par_1_51' title="bbox 380 3221 1961 3294">
     <span class='ocr_line' id='line_1_51' title="bbox 380 3221 1961 3294; baseline 0.001 -16"><span class='ocrx_word' id='word_1_364' title='bbox 380 3239 470 3279; x_wconf 65' lang='lat' dir='ltr'><strong>cto</strong></span> <span class='ocrx_word' id='word_1_365' title='bbox 537 3239 644 3279; x_wconf 90' lang='lat' dir='ltr'><strong>nou</strong></span> <span class='ocrx_word' id='word_1_366' title='bbox 706 3224 760 3278; x_wconf 89' lang='lat' dir='ltr'><strong>in</strong></span> <span class='ocrx_word' id='word_1_367' title='bbox 812 3233 1016 3279; x_wconf 85' lang='lat' dir='ltr'><strong>sortem</strong></span> <span class='ocrx_word' id='word_1_368' title='bbox 1099 3226 1317 3294; x_wconf 88' lang='lat' dir='ltr'><strong>proprie</strong></span> <span class='ocrx_word' id='word_1_369' title='bbox 1377 3225 1580 3289; x_wconf 77' lang='lat' dir='ltr'><strong>cessit,</strong></span> <span class='ocrx_word' id='word_1_370' title='bbox 1633 3225 1728 3280; x_wconf 88' lang='lat' dir='ltr'><strong>sed</strong></span> <span class='ocrx_word' id='word_1_371' title='bbox 1783 3221 1961 3280; x_wconf 83' lang='lat' dir='ltr'><strong>Patris</strong></span> 
     </span>
    </p>
   </div>
   <div class='ocr_carea' id='block_1_52' title="bbox 381 3311 1959 3385">
    <p class='ocr_par' dir='ltr' id='par_1_52' title="bbox 381 3311 1959 3385">
     <span class='ocr_line' id='line_1_52' title="bbox 381 3311 1959 3385; baseline 0.002 -18"><span class='ocrx_word' id='word_1_372' title='bbox 381 3311 610 3382; x_wconf 78' lang='lat' dir='ltr'><strong>Fiiiique</strong></span> <span class='ocrx_word' id='word_1_373' title='bbox 646 3314 953 3368; x_wconf 90' lang='lat' dir='ltr'><strong>communis</strong></span> <span class='ocrx_word' id='word_1_374' title='bbox 982 3321 1086 3379; x_wconf 86' lang='lat' dir='ltr'><strong>est,</strong></span> <span class='ocrx_word' id='word_1_375' title='bbox 1117 3316 1169 3368; x_wconf 91' lang='lat' dir='ltr'><strong>in</strong></span> <span class='ocrx_word' id='word_1_376' title='bbox 1207 3315 1584 3385; x_wconf 89' lang='lat' dir='ltr'><strong>superioribus</strong></span> <span class='ocrx_word' id='word_1_377' title='bbox 1611 3315 1818 3370; x_wconf 87' lang='lat' dir='ltr'><strong>dictum</strong></span> <span class='ocrx_word' id='word_1_378' title='bbox 1853 3322 1959 3370; x_wconf 91' lang='lat' dir='ltr'><strong>est.</strong></span> 
     </span>
    </p>
   </div>
   <div class='ocr_carea' id='block_1_53' title="bbox 387 3405 1962 3479">
    <p class='ocr_par' dir='ltr' id='par_1_53' title="bbox 387 3405 1962 3479">
     <span class='ocr_line' id='line_1_53' title="bbox 387 3405 1962 3479; baseline 0.003 -22"><span class='ocrx_word' id='word_1_379' title='bbox 387 3405 643 3458; x_wconf 83' lang='lat' dir='ltr'><strong>Arbitror</strong></span> <span class='ocrx_word' id='word_1_380' title='bbox 669 3412 854 3459; x_wconf 81' lang='lat' dir='ltr'><strong>autem</strong></span> <span class='ocrx_word' id='word_1_381' title='bbox 880 3406 1081 3460; x_wconf 91' lang='lat' dir='ltr'><strong>etillud</strong></span> <span class='ocrx_word' id='word_1_382' title='bbox 1131 3409 1267 3463; x_wconf 90' lang='lat' dir='ltr'><strong>satis</strong></span> <span class='ocrx_word' id='word_1_383' title='bbox 1300 3408 1756 3477; x_wconf 89' lang='lat' dir='ltr'><strong>demonstratum,</strong></span> <span class='ocrx_word' id='word_1_384' title='bbox 1815 3407 1962 3479; x_wconf 88' lang='lat' dir='ltr'><strong>quod</strong></span> 
     </span>
    </p>
   </div>
   <div class='ocr_carea' id='block_1_54' title="bbox 379 3495 1956 3572">
    <p class='ocr_par' dir='ltr' id='par_1_54' title="bbox 379 3495 1956 3572">
     <span class='ocr_line' id='line_1_54' title="bbox 379 3495 1956 3572; baseline 0.004 -24"><span class='ocrx_word' id='word_1_385' title='bbox 379 3497 434 3548; x_wconf 81' lang='lat' dir='ltr'><strong>in</strong></span> <span class='ocrx_word' id='word_1_386' title='bbox 464 3509 573 3550; x_wconf 86' lang='lat' dir='ltr'><strong>non</strong></span> <span class='ocrx_word' id='word_1_387' title='bbox 605 3495 788 3549; x_wconf 87' lang='lat' dir='ltr'><strong>solum</strong></span> <span class='ocrx_word' id='word_1_388' title='bbox 815 3497 953 3554; x_wconf 89' lang='lat' dir='ltr'><strong>nihil</strong></span> <span class='ocrx_word' id='word_1_389' title='bbox 983 3497 1219 3553; x_wconf 84' lang='lat' dir='ltr'><strong>detrahit</strong></span> <span class='ocrx_word' id='word_1_390' title='bbox 1249 3499 1499 3569; x_wconf 84' lang='lat' dir='ltr'><strong>dignitati</strong></span> <span class='ocrx_word' id='word_1_391' title='bbox 1537 3499 1808 3572; x_wconf 87' lang='lat' dir='ltr'><strong>Spiritus,</strong></span> <span class='ocrx_word' id='word_1_392' title='bbox 1865 3515 1956 3556; x_wconf 82' lang='lat' dir='ltr'><strong>ve-</strong></span> 
     </span>
    </p>
   </div>
   <div class='ocr_carea' id='block_1_55' title="bbox 388 3585 1956 3662">
    <p class='ocr_par' dir='ltr' id='par_1_55' title="bbox 388 3585 1956 3662">
     <span class='ocr_line' id='line_1_55' title="bbox 388 3585 1956 3662; baseline 0.004 -24"><span class='ocrx_word' id='word_1_393' title='bbox 388 3598 508 3638; x_wconf 91' lang='lat' dir='ltr'><strong>rum</strong></span> <span class='ocrx_word' id='word_1_394' title='bbox 541 3585 705 3639; x_wconf 86' lang='lat' dir='ltr'><strong>etiam</strong></span> <span class='ocrx_word' id='word_1_395' title='bbox 732 3585 800 3640; x_wconf 86' lang='lat' dir='ltr'><strong>ad</strong></span> <span class='ocrx_word' id='word_1_396' title='bbox 837 3601 1104 3642; x_wconf 86' lang='lat' dir='ltr'><strong>summam</strong></span> <span class='ocrx_word' id='word_1_397' title='bbox 1138 3590 1518 3645; x_wconf 86' lang='lat' dir='ltr'><strong>celsitudinem</strong></span> <span class='ocrx_word' id='word_1_398' title='bbox 1547 3590 1713 3659; x_wconf 88' lang='lat' dir='ltr'><strong>erigit</strong></span> <span class='ocrx_word' id='word_1_399' title='bbox 1739 3589 1956 3662; x_wconf 86' lang='lat' dir='ltr'><strong>cogita-</strong></span> 
     </span>
    </p>
   </div>
   <div class='ocr_carea' id='block_1_56' title="bbox 377 3668 1958 3746">
    <p class='ocr_par' dir='ltr' id='par_1_56' title="bbox 377 3668 1958 3746">
     <span class='ocr_line' id='line_1_56' title="bbox 377 3668 1958 3746; baseline 0.002 -20"><span class='ocrx_word' id='word_1_400' title='bbox 377 3668 561 3726; x_wconf 76' lang='lat' dir='ltr'><strong>tiones</strong></span> <span class='ocrx_word' id='word_1_401' title='bbox 578 3685 793 3738; x_wconf 90' lang='lat' dir='ltr'><strong>eorum,</strong></span> <span class='ocrx_word' id='word_1_402' title='bbox 815 3675 910 3745; x_wconf 86' lang='lat' dir='ltr'><strong>qui</strong></span> <span class='ocrx_word' id='word_1_403' title='bbox 937 3689 1048 3729; x_wconf 88' lang='lat' dir='ltr'><strong>non</strong></span> <span class='ocrx_word' id='word_1_404' title='bbox 1074 3691 1302 3746; x_wconf 85' lang='lat' dir='ltr'><strong>prorsus</strong></span> <span class='ocrx_word' id='word_1_405' title='bbox 1333 3684 1516 3730; x_wconf 82' lang='lat' dir='ltr'><strong>mente</strong></span> <span class='ocrx_word' id='word_1_406' title='bbox 1537 3677 1781 3745; x_wconf 90' lang='lat' dir='ltr'><strong>corrupti</strong></span> <span class='ocrx_word' id='word_1_407' title='bbox 1808 3680 1958 3730; x_wconf 91' lang='lat' dir='ltr'><strong>sunt.</strong></span> 
     </span>
    </p>
   </div>
   <div class='ocr_carea' id='block_1_57' title="bbox 379 3757 1981 3844">
    <p class='ocr_par' dir='ltr' id='par_1_57' title="bbox 379 3757 1981 3844">
     <span class='ocr_line' id='line_1_57' title="bbox 379 3757 1981 3844; baseline 0.003 -28"><span class='ocrx_word' id='word_1_408' title='bbox 379 3757 648 3830; x_wconf 76' lang='lat' dir='ltr'><strong>Superest</strong></span> <span class='ocrx_word' id='word_1_409' title='bbox 706 3775 888 3818; x_wconf 88' lang='lat' dir='ltr'><strong>autem</strong></span> <span class='ocrx_word' id='word_1_410' title='bbox 939 3763 1216 3821; x_wconf 89' lang='lat' dir='ltr'><strong>disserere</strong></span> <span class='ocrx_word' id='word_1_411' title='bbox 1265 3766 1334 3821; x_wconf 91' lang='lat' dir='ltr'><strong>de</strong></span> <span class='ocrx_word' id='word_1_412' title='bbox 1381 3767 1590 3837; x_wconf 80' lang='lat' dir='ltr'><strong>syllaba</strong></span> <span class='ocrx_word' id='word_1_413' title='bbox 1632 3783 1774 3830; x_wconf 81' lang='lat' dir='ltr'><strong>cum,</strong></span> <span class='ocrx_word' id='word_1_414' title='bbox 1821 3767 1981 3844; x_wconf 37' lang='lat' dir='ltr'><strong>unde‘</strong></span> 
     </span>
    </p>
   </div>
   <div class='ocr_carea' id='block_1_58' title="bbox 378 3852 1967 3926">
    <p class='ocr_par' dir='ltr' id='par_1_58' title="bbox 378 3852 1967 3926">
     <span class='ocr_line' id='line_1_58' title="bbox 378 3852 1967 3926; baseline 0.003 -20"><span class='ocrx_word' id='word_1_415' title='bbox 378 3852 634 3921; x_wconf 65' lang='lat' dir='ltr'><strong>ceperit,</strong></span> <span class='ocrx_word' id='word_1_416' title='bbox 685 3861 740 3908; x_wconf 92' lang='lat' dir='ltr'><strong>et</strong></span> <span class='ocrx_word' id='word_1_417' title='bbox 769 3869 936 3925; x_wconf 90' lang='lat' dir='ltr'><strong>quam</strong></span> <span class='ocrx_word' id='word_1_418' title='bbox 967 3855 1075 3910; x_wconf 83' lang='lat' dir='ltr'><strong>vim</strong></span> <span class='ocrx_word' id='word_1_419' title='bbox 1128 3857 1345 3921; x_wconf 86' lang='lat' dir='ltr'><strong>habeat,</strong></span> <span class='ocrx_word' id='word_1_420' title='bbox 1397 3868 1451 3912; x_wconf 91' lang='lat' dir='ltr'><strong>et</strong></span> <span class='ocrx_word' id='word_1_421' title='bbox 1488 3857 1766 3926; x_wconf 88' lang='lat' dir='ltr'><strong>quomodo</strong></span> <span class='ocrx_word' id='word_1_422' title='bbox 1812 3855 1967 3911; x_wconf 89' lang='lat' dir='ltr'><strong>Scri-</strong></span> 
     </span>
    </p>
   </div>
   <div class='ocr_carea' id='block_1_59' title="bbox 383 3945 908 4013">
    <p class='ocr_par' dir='ltr' id='par_1_59' title="bbox 383 3945 908 4013">
     <span class='ocr_line' id='line_1_59' title="bbox 383 3945 908 4013; baseline 0.01 -17"><span class='ocrx_word' id='word_1_423' title='bbox 383 3947 560 4013; x_wconf 69' lang='lat' dir='ltr'><strong>pturze</strong></span> <span class='ocrx_word' id='word_1_424' title='bbox 586 3945 908 4002; x_wconf 89' lang='lat' dir='ltr'><strong>concordet.</strong></span> 
     </span>
    </p>
   </div>
   <div class='ocr_carea' id='block_1_60' title="bbox 589 4036 1969 4110">
    <p class='ocr_par' dir='ltr' id='par_1_60' title="bbox 589 4036 1969 4110">
     <span class='ocr_line' id='line_1_60' title="bbox 589 4036 1969 4110; baseline 0.005 -22"><span class='ocrx_word' id='word_1_425' title='bbox 589 4036 666 4088; x_wconf 81' lang='lat' dir='ltr'><strong>Ex</strong></span> <span class='ocrx_word' id='word_1_426' title='bbox 700 4038 998 4092; x_wconf 88' lang='lat' dir='ltr'><strong>asservatis</strong></span> <span class='ocrx_word' id='word_1_427' title='bbox 1028 4039 1083 4091; x_wconf 91' lang='lat' dir='ltr'><strong>in</strong></span> <span class='ocrx_word' id='word_1_428' title='bbox 1109 4037 1352 4093; x_wconf 83' lang='lat' dir='ltr'><strong>Ecclesia</strong></span> <span class='ocrx_word' id='word_1_429' title='bbox 1377 4039 1728 4110; x_wconf 88' lang='lat' dir='ltr'><strong>dogmatibus</strong></span> <span class='ocrx_word' id='word_1_430' title='bbox 1753 4048 1808 4096; x_wconf 88' lang='lat' dir='ltr'><strong>ct</strong></span> <span class='ocrx_word' id='word_1_431' title='bbox 1830 4055 1969 4110; x_wconf 73' lang='lat' dir='ltr'><strong>prae-</strong></span> 
     </span>
    </p>
   </div>
   <div class='ocr_carea' id='block_1_61' title="bbox 381 4125 1968 4196">
    <p class='ocr_par' dir='ltr' id='par_1_61' title="bbox 381 4125 1968 4196">
     <span class='ocr_line' id='line_1_61' title="bbox 381 4125 1968 4196; baseline 0.002 -15"><span class='ocrx_word' id='word_1_432' title='bbox 381 4125 774 4192; x_wconf 88' lang='lat' dir='ltr'><strong>dicationibus,</strong></span> <span class='ocrx_word' id='word_1_433' title='bbox 809 4128 915 4180; x_wconf 86' lang='lat' dir='ltr'><strong>alia</strong></span> <span class='ocrx_word' id='word_1_434' title='bbox 937 4128 1158 4196; x_wconf 90' lang='lat' dir='ltr'><strong>quidem</strong></span> <span class='ocrx_word' id='word_1_435' title='bbox 1190 4129 1460 4184; x_wconf 86' lang='lat' dir='ltr'><strong>habemus</strong></span> <span class='ocrx_word' id='word_1_436' title='bbox 1484 4145 1513 4184; x_wconf 90' lang='lat' dir='ltr'><strong>e</strong></span> <span class='ocrx_word' id='word_1_437' title='bbox 1541 4129 1794 4184; x_wconf 90' lang='lat' dir='ltr'><strong>doctrina</strong></span> <span class='ocrx_word' id='word_1_438' title='bbox 1827 4131 1968 4185; x_wconf 88' lang='lat' dir='ltr'><strong>scri-</strong></span> 
     </span>
    </p>
   </div>
   <div class='ocr_carea' id='block_1_62' title="bbox 381 4216 1967 4290">
    <p class='ocr_par' dir='ltr' id='par_1_62' title="bbox 381 4216 1967 4290">
     <span class='ocr_line' id='line_1_62' title="bbox 381 4216 1967 4290; baseline 0.003 -20"><span class='ocrx_word' id='word_1_439' title='bbox 381 4224 479 4288; x_wconf 85' lang='lat' dir='ltr'><strong>pto</strong></span> <span class='ocrx_word' id='word_1_440' title='bbox 523 4216 778 4286; x_wconf 89' lang='lat' dir='ltr'><strong>prodita;</strong></span> <span class='ocrx_word' id='word_1_441' title='bbox 827 4217 934 4270; x_wconf 89' lang='lat' dir='ltr'><strong>alia</strong></span> <span class='ocrx_word' id='word_1_442' title='bbox 983 4233 1116 4272; x_wconf 78' lang='lat' dir='ltr'><strong>vero</strong></span> <span class='ocrx_word' id='word_1_443' title='bbox 1151 4219 1311 4273; x_wconf 88' lang='lat' dir='ltr'><strong>nobis</strong></span> <span class='ocrx_word' id='word_1_444' title='bbox 1356 4221 1412 4272; x_wconf 89' lang='lat' dir='ltr'><strong>in</strong></span> <span class='ocrx_word' id='word_1_445' title='bbox 1465 4219 1724 4290; x_wconf 88' lang='lat' dir='ltr'><strong>mysterio</strong></span> <span class='ocrx_word' id='word_1_446' title='bbox 1765 4220 1967 4276; x_wconf 88' lang='lat' dir='ltr'><strong>tradita</strong></span> 
     </span>
    </p>
   </div>
   <div class='ocr_carea' id='block_1_63' title="bbox 381 4307 1965 4382">
    <p class='ocr_par' dir='ltr' id='par_1_63' title="bbox 381 4307 1965 4382">
     <span class='ocr_line' id='line_1_63' title="bbox 381 4307 1965 4382; baseline 0.004 -21"><span class='ocrx_word' id='word_1_447' title='bbox 381 4307 693 4375; x_wconf 86' lang='lat' dir='ltr'><strong>recepimus</strong></span> <span class='ocrx_word' id='word_1_448' title='bbox 760 4323 828 4362; x_wconf 84' lang='lat' dir='ltr'><strong>ex</strong></span> <span class='ocrx_word' id='word_1_449' title='bbox 891 4308 1185 4363; x_wconf 88' lang='lat' dir='ltr'><strong>traditione</strong></span> <span class='ocrx_word' id='word_1_450' title='bbox 1251 4311 1691 4378; x_wconf 83' lang='lat' dir='ltr'><strong>apostolorum:</strong></span> <span class='ocrx_word' id='word_1_451' title='bbox 1735 4328 1965 4382; x_wconf 88' lang='lat' dir='ltr'><strong>quorum</strong></span> 
     </span>
    </p>
   </div>
   <div class='ocr_carea' id='block_1_64' title="bbox 381 4392 2035 4472">
    <p class='ocr_par' dir='ltr' id='par_1_64' title="bbox 381 4392 2035 4472">
     <span class='ocr_line' id='line_1_64' title="bbox 381 4392 2035 4472; baseline 0.004 -20"><span class='ocrx_word' id='word_1_452' title='bbox 381 4405 616 4467; x_wconf 84' lang='lat' dir='ltr'><strong>utraque</strong></span> <span class='ocrx_word' id='word_1_453' title='bbox 647 4398 753 4451; x_wconf 90' lang='lat' dir='ltr'><strong>vim</strong></span> <span class='ocrx_word' id='word_1_454' title='bbox 811 4399 1058 4454; x_wconf 88' lang='lat' dir='ltr'><strong>eamdem</strong></span> <span class='ocrx_word' id='word_1_455' title='bbox 1091 4400 1296 4455; x_wconf 89' lang='lat' dir='ltr'><strong>habent</strong></span> <span class='ocrx_word' id='word_1_456' title='bbox 1330 4399 1397 4455; x_wconf 91' lang='lat' dir='ltr'><strong>ad</strong></span> <span class='ocrx_word' id='word_1_457' title='bbox 1431 4400 1721 4472; x_wconf 86' lang='lat' dir='ltr'><strong>pietatem;</strong></span> <span class='ocrx_word' id='word_1_458' title='bbox 1749 4417 1852 4456; x_wconf 87' lang='lat' dir='ltr'><strong>nec</strong></span> <span class='ocrx_word' id='word_1_459' title='bbox 1898 4403 1966 4459; x_wconf 81' lang='lat' dir='ltr'><strong>iis</strong></span> <span class='ocrx_word' id='word_1_460' title='bbox 1995 4392 2035 4447; x_wconf 70' lang='grc' dir='ltr'><strong>Ι)</strong></span> 
     </span>
    </p>
   </div>
   <div class='ocr_carea' id='block_1_65' title="bbox 381 4487 1966 4563">
    <p class='ocr_par' dir='ltr' id='par_1_65' title="bbox 381 4487 1966 4563">
     <span class='ocr_line' id='line_1_65' title="bbox 381 4487 1966 4563; baseline 0.005 -23"><span class='ocrx_word' id='word_1_461' title='bbox 381 4487 673 4558; x_wconf 88' lang='lat' dir='ltr'><strong>quisquam</strong></span> <span class='ocrx_word' id='word_1_462' title='bbox 716 4489 1060 4546; x_wconf 87' lang='lat' dir='ltr'><strong>contradicet</strong></span> <span class='ocrx_word' id='word_1_463' title='bbox 1092 4509 1107 4547; x_wconf 89' lang='lat'><strong>:</strong></span> <span class='ocrx_word' id='word_1_464' title='bbox 1143 4492 1329 4546; x_wconf 90' lang='lat' dir='ltr'><strong>nullus</strong></span> <span class='ocrx_word' id='word_1_465' title='bbox 1371 4500 1541 4558; x_wconf 91' lang='lat' dir='ltr'><strong>certe,</strong></span> <span class='ocrx_word' id='word_1_466' title='bbox 1574 4493 1666 4563; x_wconf 88' lang='lat' dir='ltr'><strong>qui</strong></span> <span class='ocrx_word' id='word_1_467' title='bbox 1698 4494 1780 4548; x_wconf 85' lang='lat' dir='ltr'><strong>vel</strong></span> <span class='ocrx_word' id='word_1_468' title='bbox 1817 4495 1966 4548; x_wconf 90' lang='lat' dir='ltr'><strong>tenui</strong></span> 
     </span>
    </p>
   </div>
   <div class='ocr_carea' id='block_1_66' title="bbox 380 4579 1963 4658">
    <p class='ocr_par' dir='ltr' id='par_1_66' title="bbox 380 4579 1963 4658">
     <span class='ocr_line' id='line_1_66' title="bbox 380 4579 1963 4658; baseline 0.001 -25"><span class='ocrx_word' id='word_1_469' title='bbox 380 4579 719 4649; x_wconf 83' lang='lat' dir='ltr'><strong>experientia</strong></span> <span class='ocrx_word' id='word_1_470' title='bbox 778 4582 992 4658; x_wconf 84' lang='lat' dir='ltr'><strong>noverit</strong></span> <span class='ocrx_word' id='word_1_471' title='bbox 1043 4596 1164 4652; x_wconf 68' lang='lat' dir='ltr'><strong>quae</strong></span> <span class='ocrx_word' id='word_1_472' title='bbox 1211 4581 1323 4637; x_wconf 89' lang='lat' dir='ltr'><strong>sint</strong></span> <span class='ocrx_word' id='word_1_473' title='bbox 1377 4580 1635 4637; x_wconf 67' lang='lat' dir='ltr'><strong>Ecclesia:</strong></span> <span class='ocrx_word' id='word_1_474' title='bbox 1689 4583 1963 4638; x_wconf 88' lang='lat' dir='ltr'><strong>instituta.</strong></span> 
     </span>
    </p>
   </div>
   <div class='ocr_carea' id='block_1_67' title="bbox 381 4669 1965 4743">
    <p class='ocr_par' dir='ltr' id='par_1_67' title="bbox 381 4669 1965 4743">
     <span class='ocr_line' id='line_1_67' title="bbox 381 4669 1965 4743; baseline 0.003 -21"><span class='ocrx_word' id='word_1_475' title='bbox 381 4669 518 4724; x_wconf 86' lang='lat' dir='ltr'><strong>Nam</strong></span> <span class='ocrx_word' id='word_1_476' title='bbox 578 4669 623 4724; x_wconf 91' lang='lat' dir='ltr'><strong>si</strong></span> <span class='ocrx_word' id='word_1_477' title='bbox 681 4671 1117 4727; x_wconf 88' lang='lat' dir='ltr'><strong>consuetudines</strong></span> <span class='ocrx_word' id='word_1_478' title='bbox 1153 4686 1274 4743; x_wconf 72' lang='lat' dir='ltr'><strong>qua:</strong></span> <span class='ocrx_word' id='word_1_479' title='bbox 1325 4671 1532 4742; x_wconf 90' lang='lat' dir='ltr'><strong>scripto</strong></span> <span class='ocrx_word' id='word_1_480' title='bbox 1579 4673 1808 4743; x_wconf 75' lang='lat' dir='ltr'><strong>prodita:</strong></span> <span class='ocrx_word' id='word_1_481' title='bbox 1857 4688 1965 4726; x_wconf 91' lang='lat' dir='ltr'><strong>non</strong></span> 
     </span>
    </p>
   </div>
   <div class='ocr_carea' id='block_1_68' title="bbox 381 4763 1967 4833">
    <p class='ocr_par' dir='ltr' id='par_1_68' title="bbox 381 4763 1967 4833">
     <span class='ocr_line' id='line_1_68' title="bbox 381 4763 1967 4833; baseline -0.001 -15"><span class='ocrx_word' id='word_1_482' title='bbox 381 4771 530 4825; x_wconf 88' lang='lat' dir='ltr'><strong>sunt,</strong></span> <span class='ocrx_word' id='word_1_483' title='bbox 559 4774 816 4833; x_wconf 89' lang='lat' dir='ltr'><strong>tanquam</strong></span> <span class='ocrx_word' id='word_1_484' title='bbox 842 4763 990 4818; x_wconf 89' lang='lat' dir='ltr'><strong>haud</strong></span> <span class='ocrx_word' id='word_1_485' title='bbox 1013 4765 1246 4818; x_wconf 90' lang='lat' dir='ltr'><strong>multum</strong></span> <span class='ocrx_word' id='word_1_486' title='bbox 1281 4763 1548 4819; x_wconf 86' lang='lat' dir='ltr'><strong>habentes</strong></span> <span class='ocrx_word' id='word_1_487' title='bbox 1580 4765 1840 4818; x_wconf 90' lang='lat' dir='ltr'><strong>momenti</strong></span> <span class='ocrx_word' id='word_1_488' title='bbox 1873 4777 1967 4833; x_wconf 79' lang='lat' dir='ltr'><strong>ag-</strong></span> 
     </span>
    </p>
   </div>
   <div class='ocr_carea' id='block_1_69' title="bbox 381 4855 1963 4926">
    <p class='ocr_par' dir='ltr' id='par_1_69' title="bbox 381 4855 1963 4926">
     <span class='ocr_line' id='line_1_69' title="bbox 381 4855 1963 4926; baseline 0 -18"><span class='ocrx_word' id='word_1_489' title='bbox 381 4855 696 4926; x_wconf 83' lang='lat' dir='ltr'><strong>grediamur</strong></span> <span class='ocrx_word' id='word_1_490' title='bbox 758 4855 1020 4924; x_wconf 82' lang='lat' dir='ltr'><strong>rejicere,</strong></span> <span class='ocrx_word' id='word_1_491' title='bbox 1071 4856 1448 4926; x_wconf 87' lang='lat' dir='ltr'><strong>imprudentes</strong></span> <span class='ocrx_word' id='word_1_492' title='bbox 1499 4855 1854 4926; x_wconf 81' lang='lat' dir='ltr'><strong>Evangelium</strong></span> <span class='ocrx_word' id='word_1_493' title='bbox 1912 4856 1963 4908; x_wconf 87' lang='lat' dir='ltr'><strong>in</strong></span> 
     </span>
    </p>
   </div>
   <div class='ocr_carea' id='block_1_70' title="bbox 382 4944 1968 5016">
    <p class='ocr_par' dir='ltr' id='par_1_70' title="bbox 382 4944 1968 5016">
     <span class='ocr_line' id='line_1_70' title="bbox 382 4944 1968 5016; baseline -0.001 -17"><span class='ocrx_word' id='word_1_494' title='bbox 382 4947 520 5015; x_wconf 88' lang='lat' dir='ltr'><strong>ipsis</strong></span> <span class='ocrx_word' id='word_1_495' title='bbox 553 4946 719 5000; x_wconf 90' lang='lat' dir='ltr'><strong>rebus</strong></span> <span class='ocrx_word' id='word_1_496' title='bbox 754 4946 1046 5016; x_wconf 67' lang='lat' dir='ltr'><strong>praecipuis</strong></span> <span class='ocrx_word' id='word_1_497' title='bbox 1076 4945 1358 5010; x_wconf 63' lang='lat' dir='ltr'><strong>laudemus,</strong></span> <span class='ocrx_word' id='word_1_498' title='bbox 1411 4947 1523 5000; x_wconf 88' lang='lat' dir='ltr'><strong>imo</strong></span> <span class='ocrx_word' id='word_1_499' title='bbox 1555 4947 1738 5016; x_wconf 88' lang='lat' dir='ltr'><strong>potius</strong></span> <span class='ocrx_word' id='word_1_500' title='bbox 1772 4944 1968 5016; x_wconf 64' lang='lat' dir='ltr'><strong>pra&#39;di-</strong></span> 
     </span>
    </p>
   </div>
   <div class='ocr_carea' id='block_1_71' title="bbox 381 5034 1963 5090">
    <p class='ocr_par' dir='ltr' id='par_1_71' title="bbox 381 5034 1963 5090">
     <span class='ocr_line' id='line_1_71' title="bbox 381 5034 1963 5090; baseline 0 -2"><span class='ocrx_word' id='word_1_501' title='bbox 381 5035 655 5089; x_wconf 82' lang='lat' dir='ltr'><strong>eationem</strong></span> <span class='ocrx_word' id='word_1_502' title='bbox 707 5034 772 5087; x_wconf 87' lang='lat' dir='ltr'><strong>ad</strong></span> <span class='ocrx_word' id='word_1_503' title='bbox 824 5037 1034 5090; x_wconf 87' lang='lat' dir='ltr'><strong>nudum</strong></span> <span class='ocrx_word' id='word_1_504' title='bbox 1083 5051 1280 5090; x_wconf 91' lang='lat' dir='ltr'><strong>nomen</strong></span> <span class='ocrx_word' id='word_1_505' title='bbox 1336 5037 1749 5090; x_wconf 88' lang='lat' dir='ltr'><strong>contrahemus.</strong></span> <span class='ocrx_word' id='word_1_506' title='bbox 1798 5035 1963 5089; x_wconf 85' lang='lat' dir='ltr'><strong>Verbi</strong></span> 
     </span>
    </p>
   </div>
   <div class='ocr_carea' id='block_1_72' title="bbox 383 5126 1961 5197">
    <p class='ocr_par' dir='ltr' id='par_1_72' title="bbox 383 5126 1961 5197">
     <span class='ocr_line' id='line_1_72' title="bbox 383 5126 1961 5197; baseline 0.001 -19"><span class='ocrx_word' id='word_1_507' title='bbox 383 5126 580 5196; x_wconf 89' lang='lat' dir='ltr'><strong>gratia,</strong></span> <span class='ocrx_word' id='word_1_508' title='bbox 613 5132 672 5178; x_wconf 91' lang='lat' dir='ltr'><strong>ut</strong></span> <span class='ocrx_word' id='word_1_509' title='bbox 699 5126 820 5194; x_wconf 89' lang='lat' dir='ltr'><strong>ejus</strong></span> <span class='ocrx_word' id='word_1_510' title='bbox 854 5127 1000 5196; x_wconf 91' lang='lat' dir='ltr'><strong>quod</strong></span> <span class='ocrx_word' id='word_1_511' title='bbox 1036 5128 1272 5197; x_wconf 89' lang='lat' dir='ltr'><strong>primum</strong></span> <span class='ocrx_word' id='word_1_512' title='bbox 1312 5136 1396 5182; x_wconf 89' lang='lat' dir='ltr'><strong>est</strong></span> <span class='ocrx_word' id='word_1_513' title='bbox 1441 5137 1496 5183; x_wconf 88' lang='lat' dir='ltr'><strong>et</strong></span> <span class='ocrx_word' id='word_1_514' title='bbox 1524 5128 1961 5197; x_wconf 68' lang='lat' dir='ltr'><strong>Vulgatissimum</strong></span> 
     </span>
    </p>
   </div>
   <div class='ocr_carea' id='block_1_73' title="bbox 385 5217 1961 5290">
    <p class='ocr_par' dir='ltr' id='par_1_73' title="bbox 385 5217 1961 5290">
     <span class='ocr_line' id='line_1_73' title="bbox 385 5217 1961 5290; baseline -0.001 -19"><span class='ocrx_word' id='word_1_515' title='bbox 385 5217 562 5288; x_wconf 86' lang='lat' dir='ltr'><strong>primo</strong></span> <span class='ocrx_word' id='word_1_516' title='bbox 592 5217 711 5271; x_wconf 90' lang='lat' dir='ltr'><strong>loco</strong></span> <span class='ocrx_word' id='word_1_517' title='bbox 734 5232 1158 5273; x_wconf 89' lang='lat' dir='ltr'><strong>commemorem</strong></span> <span class='ocrx_word' id='word_1_518' title='bbox 1186 5238 1199 5273; x_wconf 90' lang='lat'><strong>:</strong></span> <span class='ocrx_word' id='word_1_519' title='bbox 1233 5227 1291 5272; x_wconf 88' lang='lat' dir='ltr'><strong>ut</strong></span> <span class='ocrx_word' id='word_1_520' title='bbox 1322 5219 1480 5290; x_wconf 89' lang='lat' dir='ltr'><strong>signo</strong></span> <span class='ocrx_word' id='word_1_521' title='bbox 1510 5220 1698 5274; x_wconf 89' lang='lat' dir='ltr'><strong>crucis</strong></span> <span class='ocrx_word' id='word_1_522' title='bbox 1733 5234 1830 5274; x_wconf 88' lang='lat' dir='ltr'><strong>eos</strong></span> <span class='ocrx_word' id='word_1_523' title='bbox 1869 5219 1961 5289; x_wconf 90' lang='lat' dir='ltr'><strong>qui</strong></span> 
     </span>
    </p>
   </div>
   <div class='ocr_carea' id='block_1_74' title="bbox 384 5307 1964 5380">
    <p class='ocr_par' dir='ltr' id='par_1_74' title="bbox 384 5307 1964 5380">
     <span class='ocr_line' id='line_1_74' title="bbox 384 5307 1964 5380; baseline 0.001 -18"><span class='ocrx_word' id='word_1_524' title='bbox 384 5323 534 5376; x_wconf 88' lang='lat' dir='ltr'><strong>spem</strong></span> <span class='ocrx_word' id='word_1_525' title='bbox 577 5307 850 5360; x_wconf 86' lang='lat' dir='ltr'><strong>collocant</strong></span> <span class='ocrx_word' id='word_1_526' title='bbox 895 5307 949 5359; x_wconf 88' lang='lat' dir='ltr'><strong>in</strong></span> <span class='ocrx_word' id='word_1_527' title='bbox 979 5307 1202 5362; x_wconf 81' lang='lat' dir='ltr'><strong>Christo</strong></span> <span class='ocrx_word' id='word_1_528' title='bbox 1246 5309 1552 5379; x_wconf 83' lang='lat' dir='ltr'><strong>signemus,</strong></span> <span class='ocrx_word' id='word_1_529' title='bbox 1587 5308 1712 5380; x_wconf 89' lang='lat' dir='ltr'><strong>quis</strong></span> <span class='ocrx_word' id='word_1_530' title='bbox 1758 5309 1964 5380; x_wconf 91' lang='lat' dir='ltr'><strong>scripto</strong></span> 
     </span>
    </p>
   </div>
   <div class='ocr_carea' id='block_1_75' title="bbox 385 5399 1964 5474">
    <p class='ocr_par' dir='ltr' id='par_1_75' title="bbox 385 5399 1964 5474">
     <span class='ocr_line' id='line_1_75' title="bbox 385 5399 1964 5474; baseline 0.003 -20"><span class='ocrx_word' id='word_1_531' title='bbox 385 5401 603 5454; x_wconf 87' lang='lat' dir='ltr'><strong>docuit?</strong></span> <span class='ocrx_word' id='word_1_532' title='bbox 638 5399 705 5454; x_wconf 89' lang='lat' dir='ltr'><strong>Ut</strong></span> <span class='ocrx_word' id='word_1_533' title='bbox 741 5400 806 5452; x_wconf 87' lang='lat' dir='ltr'><strong>ad</strong></span> <span class='ocrx_word' id='word_1_534' title='bbox 853 5399 1118 5453; x_wconf 83' lang='lat' dir='ltr'><strong>orientem</strong></span> <span class='ocrx_word' id='word_1_535' title='bbox 1159 5400 1302 5454; x_wconf 88' lang='lat' dir='ltr'><strong>versi</strong></span> <span class='ocrx_word' id='word_1_536' title='bbox 1343 5415 1654 5471; x_wconf 89' lang='lat' dir='ltr'><strong>precemur,</strong></span> <span class='ocrx_word' id='word_1_537' title='bbox 1701 5417 1822 5474; x_wconf 75' lang='lat' dir='ltr'><strong>qua:</strong></span> <span class='ocrx_word' id='word_1_538' title='bbox 1863 5416 1964 5458; x_wconf 84' lang='lat' dir='ltr'><strong>nos</strong></span> 
     </span>
    </p>
   </div>
   <div class='ocr_carea' id='block_1_76' title="bbox 466 5677 936 5750">
    <p class='ocr_par' dir='ltr' id='par_1_76' title="bbox 466 5677 936 5750">
     <span class='ocr_line' id='line_1_76' title="bbox 466 5677 936 5750; baseline 0.011 -18"><span class='ocrx_word' id='word_1_539' title='bbox 466 5679 483 5709; x_wconf 90' lang='grc'><strong>¹</strong></span> <span class='ocrx_word' id='word_1_540' title='bbox 534 5677 690 5737; x_wconf 75' lang='lat' dir='ltr'><strong>Juan.</strong></span> <span class='ocrx_word' id='word_1_541' title='bbox 733 5698 806 5750; x_wconf 75' lang='lat' dir='ltr'><strong>IV,</strong></span> <span class='ocrx_word' id='word_1_542' title='bbox 840 5683 936 5738; x_wconf 65' lang='lat' dir='ltr'><strong>2L</strong></span> 
     </span>
    </p>
   </div>
   <div class='ocr_carea' id='block_1_77' title="bbox 2039 1844 3631 1918">
    <p class='ocr_par' dir='ltr' id='par_1_77' title="bbox 2039 1844 3631 1918">
     <span class='ocr_line' id='line_1_77' title="bbox 2039 1844 3631 1918; baseline 0.003 -21"><span class='ocrx_word' id='word_1_543' title='bbox 2039 1844 2101 1897; x_wconf 73' lang='grc' dir='ltr'>τὸ</span> <span class='ocrx_word' id='word_1_544' title='bbox 2129 1845 2468 1917; x_wconf 83' lang='grc' dir='ltr'>ἀπαύγασμα</span> <span class='ocrx_word' id='word_1_545' title='bbox 2506 1845 2606 1916; x_wconf 85' lang='grc' dir='ltr'>τῆς</span> <span class='ocrx_word' id='word_1_546' title='bbox 2641 1845 2798 1916; x_wconf 83' lang='grc' dir='ltr'><strong>δόξης</strong></span> <span class='ocrx_word' id='word_1_547' title='bbox 2830 1845 2923 1899; x_wconf 89' lang='grc' dir='ltr'><strong>τοῦ</strong></span> <span class='ocrx_word' id='word_1_548' title='bbox 2964 1846 3098 1900; x_wconf 71' lang='grc' dir='ltr'>θεοῦ</span> <span class='ocrx_word' id='word_1_549' title='bbox 3147 1847 3503 1918; x_wconf 71' lang='grc' dir='ltr'>καθορῶμεν*</span> <span class='ocrx_word' id='word_1_550' title='bbox 3541 1847 3631 1901; x_wconf 77' lang='grc' dir='ltr'><strong>διὰ</strong></span> 
     </span>
    </p>
   </div>
   <div class='ocr_carea' id='block_1_78' title="bbox 2041 1931 3631 2010">
    <p class='ocr_par' dir='ltr' id='par_1_78' title="bbox 2041 1931 3631 2010">
     <span class='ocr_line' id='line_1_78' title="bbox 2041 1931 3631 2010; baseline 0.003 -24"><span class='ocrx_word' id='word_1_551' title='bbox 2041 1934 2097 1987; x_wconf 81' lang='grc' dir='ltr'>δὲ</span> <span class='ocrx_word' id='word_1_552' title='bbox 2121 1934 2214 2003; x_wconf 83' lang='grc' dir='ltr'><strong>τοῦ</strong></span> <span class='ocrx_word' id='word_1_553' title='bbox 2237 1936 2584 2007; x_wconf 82' lang='grc' dir='ltr'>χαρακτῆρος</span> <span class='ocrx_word' id='word_1_554' title='bbox 2611 1935 2705 1988; x_wconf 73' lang='grc' dir='ltr'>ἐπὶ</span> <span class='ocrx_word' id='word_1_555' title='bbox 2737 1937 2836 2005; x_wconf 80' lang='grc' dir='ltr'><strong>τὴν</strong></span> <span class='ocrx_word' id='word_1_556' title='bbox 2872 1931 2931 1989; x_wconf 79' lang='grc' dir='ltr'><strong>οῦ</strong></span> <span class='ocrx_word' id='word_1_557' title='bbox 2965 1938 3112 1990; x_wconf 76' lang='grc' dir='ltr'>ἐστιν</span> <span class='ocrx_word' id='word_1_558' title='bbox 3152 1939 3180 1991; x_wconf 92' lang='grc' dir='ltr'><strong>ὁ</strong></span> <span class='ocrx_word' id='word_1_559' title='bbox 3214 1939 3501 2010; x_wconf 74' lang='grc' dir='ltr'>χαρακτὴρ</span> <span class='ocrx_word' id='word_1_560' title='bbox 3535 1937 3631 1991; x_wconf 75' lang='grc' dir='ltr'><strong>καὶ</strong></span> 
     </span>
    </p>
   </div>
   <div class='ocr_carea' id='block_1_79' title="bbox 2040 2025 3010 2098">
    <p class='ocr_par' dir='ltr' id='par_1_79' title="bbox 2040 2025 3010 2098">
     <span class='ocr_line' id='line_1_79' title="bbox 2040 2025 3010 2098; baseline 0.005 -21"><span class='ocrx_word' id='word_1_561' title='bbox 2040 2027 2076 2088; x_wconf 83' lang='grc' dir='ltr'>ἠ</span> <span class='ocrx_word' id='word_1_562' title='bbox 2119 2025 2367 2089; x_wconf 85' lang='grc' dir='ltr'>ἰσότυπος</span> <span class='ocrx_word' id='word_1_563' title='bbox 2402 2028 2640 2098; x_wconf 75' lang='grc' dir='ltr'>σφραγὶς</span> <span class='ocrx_word' id='word_1_564' title='bbox 2672 2028 3010 2096; x_wconf 80' lang='grc' dir='ltr'>ἀναγόμεθα.</span> 
     </span>
    </p>
   </div>
   <div class='ocr_carea' id='block_1_80' title="bbox 2133 2206 3630 2285">
    <p class='ocr_par' dir='ltr' id='par_1_80' title="bbox 2133 2206 3630 2285">
     <span class='ocr_line' id='line_1_80' title="bbox 2133 2206 3630 2285; baseline 0.005 -23"><span class='ocrx_word' id='word_1_565' title='bbox 2133 2208 2294 2273; x_wconf 88' lang='grc' dir='ltr'>Τίνος</span> <span class='ocrx_word' id='word_1_566' title='bbox 2321 2206 2412 2264; x_wconf 83' lang='grc' dir='ltr'><strong>οὖν</strong></span> <span class='ocrx_word' id='word_1_567' title='bbox 2431 2207 2645 2275; x_wconf 68' lang='grc' dir='ltr'>ἕνεκεν,</span> <span class='ocrx_word' id='word_1_568' title='bbox 2704 2211 2894 2279; x_wconf 79' lang='grc' dir='ltr'>φασὶν,</span> <span class='ocrx_word' id='word_1_569' title='bbox 2934 2211 3082 2273; x_wconf 85' lang='grc' dir='ltr'>ἰδίως</span> <span class='ocrx_word' id='word_1_570' title='bbox 3135 2207 3526 2284; x_wconf 83' lang='grc' dir='ltr'>προσηκούσης</span> <span class='ocrx_word' id='word_1_571' title='bbox 3551 2215 3630 2285; x_wconf 79' lang='grc' dir='ltr'>τῷ</span> 
     </span>
    </p>
   </div>
   <div class='ocr_carea' id='block_1_81' title="bbox 2062 2299 3634 2376">
    <p class='ocr_par' dir='ltr' id='par_1_81' title="bbox 2062 2299 3634 2376">
     <span class='ocr_line' id='line_1_81' title="bbox 2062 2299 3634 2376; baseline 0.003 -22"><span class='ocrx_word' id='word_1_572' title='bbox 2062 2300 2350 2370; x_wconf 87' lang='grc' dir='ltr'>Πνεύματι</span> <span class='ocrx_word' id='word_1_573' title='bbox 2378 2303 2477 2370; x_wconf 87' lang='grc' dir='ltr'>τῆς</span> <span class='ocrx_word' id='word_1_574' title='bbox 2514 2299 2585 2353; x_wconf 71' lang='grc' dir='ltr'><strong>ἐν</strong></span> <span class='ocrx_word' id='word_1_575' title='bbox 2636 2299 2934 2368; x_wconf 77' lang='grc' dir='ltr'>συλλαϐῆς,</span> <span class='ocrx_word' id='word_1_576' title='bbox 2987 2301 3085 2354; x_wconf 80' lang='grc' dir='ltr'>καὶ</span> <span class='ocrx_word' id='word_1_577' title='bbox 3131 2305 3213 2365; x_wconf 77' lang='grc' dir='ltr'><strong>εἰς</strong></span> <span class='ocrx_word' id='word_1_578' title='bbox 3267 2306 3451 2357; x_wconf 80' lang='grc' dir='ltr'>πᾶσαν</span> <span class='ocrx_word' id='word_1_579' title='bbox 3499 2308 3634 2376; x_wconf 76' lang='grc' dir='ltr'>ἡμῖν</span> 
     </span>
    </p>
   </div>
   <div class='ocr_carea' id='block_1_82' title="bbox 2057 2391 3637 2466">
    <p class='ocr_par' dir='ltr' id='par_1_82' title="bbox 2057 2391 3637 2466">
     <span class='ocr_line' id='line_1_82' title="bbox 2057 2391 3637 2466; baseline 0.002 -19"><span class='ocrx_word' id='word_1_580' title='bbox 2057 2394 2156 2463; x_wconf 84' lang='grc' dir='ltr'><strong>τὴν</strong></span> <span class='ocrx_word' id='word_1_581' title='bbox 2183 2396 2312 2464; x_wconf 79' lang='grc' dir='ltr'>περὶ</span> <span class='ocrx_word' id='word_1_582' title='bbox 2340 2392 2504 2446; x_wconf 87' lang='grc' dir='ltr'>αὐτοῦ</span> <span class='ocrx_word' id='word_1_583' title='bbox 2532 2393 2742 2446; x_wconf 72' lang='grc' dir='ltr'>ἔννοιαν</span> <span class='ocrx_word' id='word_1_584' title='bbox 2765 2391 3105 2462; x_wconf 72' lang='grc' dir='ltr'>ἔξαρκούσης</span> <span class='ocrx_word' id='word_1_585' title='bbox 3123 2396 3223 2464; x_wconf 79' lang='grc' dir='ltr'>τὴν</span> <span class='ocrx_word' id='word_1_586' title='bbox 3279 2395 3478 2466; x_wconf 73' lang='grc' dir='ltr'>καινὴν</span> <span class='ocrx_word' id='word_1_587' title='bbox 3508 2397 3637 2450; x_wconf 89' lang='grc' dir='ltr'>ταύ-</span> 
     </span>
    </p>
   </div>
   <div class='ocr_carea' id='block_1_83' title="bbox 2057 2484 3640 2555">
    <p class='ocr_par' dir='ltr' id='par_1_83' title="bbox 2057 2484 3640 2555">
     <span class='ocr_line' id='line_1_83' title="bbox 2057 2484 3640 2555; baseline -0.002 -17"><span class='ocrx_word' id='word_1_588' title='bbox 2057 2503 2156 2552; x_wconf 83' lang='grc' dir='ltr'><strong>την</strong></span> <span class='ocrx_word' id='word_1_589' title='bbox 2187 2486 2344 2555; x_wconf 81' lang='grc' dir='ltr'>ὑμεῖς</span> <span class='ocrx_word' id='word_1_590' title='bbox 2377 2484 2649 2552; x_wconf 76' lang='grc' dir='ltr'>συλλαϐὴν</span> <span class='ocrx_word' id='word_1_591' title='bbox 2678 2485 3102 2555; x_wconf 71' lang='grc' dir='ltr'>ἑπεισηγάγετε,</span> <span class='ocrx_word' id='word_1_592' title='bbox 3163 2484 3287 2539; x_wconf 82' lang='grc' dir='ltr'><strong>σὺν</strong></span> <span class='ocrx_word' id='word_1_593' title='bbox 3331 2484 3412 2552; x_wconf 80' lang='grc' dir='ltr'>τῷ</span> <span class='ocrx_word' id='word_1_594' title='bbox 3452 2488 3640 2541; x_wconf 80' lang='grc' dir='ltr'>Πνεύ-</span> 
     </span>
    </p>
   </div>
   <div class='ocr_carea' id='block_1_84' title="bbox 2051 2574 3638 2648">
    <p class='ocr_par' dir='ltr' id='par_1_84' title="bbox 2051 2574 3638 2648">
     <span class='ocr_line' id='line_1_84' title="bbox 2051 2574 3638 2648; baseline -0.002 -15"><span class='ocrx_word' id='word_1_595' title='bbox 2051 2595 2198 2648; x_wconf 82' lang='grc' dir='ltr'>ματι</span> <span class='ocrx_word' id='word_1_596' title='bbox 2220 2578 2496 2646; x_wconf 70' lang='grc' dir='ltr'>λέγοντες,</span> <span class='ocrx_word' id='word_1_597' title='bbox 2533 2577 2628 2630; x_wconf 77' lang='grc' dir='ltr'>καὶ</span> <span class='ocrx_word' id='word_1_598' title='bbox 2650 2577 2772 2642; x_wconf 84' lang='grc' dir='ltr'>οὐκ,</span> <span class='ocrx_word' id='word_1_599' title='bbox 2804 2577 2875 2630; x_wconf 71' lang='grc' dir='ltr'><strong>ἐν</strong></span> <span class='ocrx_word' id='word_1_600' title='bbox 2896 2574 2976 2641; x_wconf 84' lang='grc' dir='ltr'>τῷ</span> <span class='ocrx_word' id='word_1_601' title='bbox 3014 2577 3316 2646; x_wconf 62' lang='lat' dir='ltr'><strong>llr-stipati</strong></span> <span class='ocrx_word' id='word_1_602' title='bbox 3351 2577 3433 2643; x_wconf 82' lang='grc' dir='ltr'>τῷ</span> <span class='ocrx_word' id='word_1_603' title='bbox 3468 2579 3638 2648; x_wconf 76' lang='grc' dir='ltr'>ἁγίῳ,</span> 
     </span>
    </p>
   </div>
   <div class='ocr_carea' id='block_1_85' title="bbox 2058 2668 3639 2742">
    <p class='ocr_par' dir='ltr' id='par_1_85' title="bbox 2058 2668 3639 2742">
     <span class='ocr_line' id='line_1_85' title="bbox 2058 2668 3639 2742; baseline 0.001 -19"><span class='ocrx_word' id='word_1_604' title='bbox 2058 2670 2186 2724; x_wconf 77' lang='grc' dir='ltr'>οὕτε</span> <span class='ocrx_word' id='word_1_605' title='bbox 2211 2669 2388 2733; x_wconf 80' lang='grc' dir='ltr'>άλλως</span> <span class='ocrx_word' id='word_1_606' title='bbox 2421 2670 2714 2738; x_wconf 79' lang='grc' dir='ltr'>ἀναγκαία,</span> <span class='ocrx_word' id='word_1_607' title='bbox 2749 2668 2874 2722; x_wconf 75' lang='grc' dir='ltr'>οὔτε</span> <span class='ocrx_word' id='word_1_608' title='bbox 2906 2672 3276 2742; x_wconf 79' lang='grc' dir='ltr'>νενομισμένα</span> <span class='ocrx_word' id='word_1_609' title='bbox 3337 2673 3458 2735; x_wconf 82' lang='grc' dir='ltr'>ταῖς</span> <span class='ocrx_word' id='word_1_610' title='bbox 3514 2671 3639 2726; x_wconf 78' lang='grc' dir='ltr'><strong>Ἐκ·</strong></span> 
     </span>
    </p>
   </div>
   <div class='ocr_carea' id='block_1_86' title="bbox 2059 2761 2772 2832">
    <p class='ocr_par' dir='ltr' id='par_1_86' title="bbox 2059 2761 2772 2832">
     <span class='ocr_line' id='line_1_86' title="bbox 2059 2761 2772 2832; baseline 0 -18"><span class='ocrx_word' id='word_1_611' title='bbox 2059 2761 2317 2832; x_wconf 87' lang='grc' dir='ltr'>κλησίαις</span> <span class='ocrx_word' id='word_1_612' title='bbox 2350 2761 2722 2830; x_wconf 76' lang='grc' dir='ltr'>φθεγγόμενοι</span> <span class='ocrx_word' id='word_1_613' title='bbox 2756 2775 2772 2828; x_wconf 87' lang='grc'>;</span> 
     </span>
    </p>
   </div>
   <div class='ocr_carea' id='block_1_87' title="bbox 2067 2895 3637 2965">
    <p class='ocr_par' dir='ltr' id='par_1_87' title="bbox 2067 2895 3637 2965">
     <span class='ocr_line' id='line_1_87' title="bbox 2067 2895 3637 2965; baseline -0.002 -11"><span class='ocrx_word' id='word_1_614' title='bbox 2067 2898 2178 2954; x_wconf 83' lang='grc' dir='ltr'>Τοῦ</span> <span class='ocrx_word' id='word_1_615' title='bbox 2201 2899 2413 2954; x_wconf 83' lang='grc' dir='ltr'>αὐτοῦ.</span> <span class='ocrx_word' id='word_1_616' title='bbox 2453 2897 2646 2952; x_wconf 67' lang='grc' dir='ltr'>Πόθεν</span> <span class='ocrx_word' id='word_1_617' title='bbox 2682 2898 2722 2965; x_wconf 75' lang='grc' dir='ltr'><strong><em>ἠ</em></strong></span> <span class='ocrx_word' id='word_1_618' title='bbox 2766 2917 2786 2950; x_wconf 75' lang='grc' dir='ltr'><strong>ι</strong></span> <span class='ocrx_word' id='word_1_619' title='bbox 2813 2897 2939 2952; x_wconf 75' lang='grc' dir='ltr'><strong>σὺν</strong></span> <span class='ocrx_word' id='word_1_620' title='bbox 2967 2917 2986 2950; x_wconf 75' lang='grc' dir='ltr'><strong>ο</strong></span> <span class='ocrx_word' id='word_1_621' title='bbox 3049 2895 3286 2964; x_wconf 73' lang='grc' dir='ltr'>ἤρξατο</span> <span class='ocrx_word' id='word_1_622' title='bbox 3332 2899 3637 2964; x_wconf 70' lang='grc' dir='ltr'>συλλαϐὴ,</span> 
     </span>
    </p>
   </div>
   <div class='ocr_carea' id='block_1_88' title="bbox 2133 2965 3636 3038">
    <p class='ocr_par' dir='ltr' id='par_1_88' title="bbox 2133 2965 3636 3038">
     <span class='ocr_line' id='line_1_88' title="bbox 2133 2965 3636 3038; baseline 0 -16"><span class='ocrx_word' id='word_1_623' title='bbox 2133 2969 2231 3022; x_wconf 78' lang='grc' dir='ltr'>καὶ</span> <span class='ocrx_word' id='word_1_624' title='bbox 2253 2971 2437 3022; x_wconf 77' lang='grc' dir='ltr'>ποίαν</span> <span class='ocrx_word' id='word_1_625' title='bbox 2469 2967 2727 3038; x_wconf 76' lang='grc' dir='ltr'>δύναμιν</span> <span class='ocrx_word' id='word_1_626' title='bbox 2752 2968 2878 3037; x_wconf 74' lang='grc' dir='ltr'>ἔχει</span> <span class='ocrx_word' id='word_1_627' title='bbox 2903 2986 2917 3002; x_wconf 89' lang='grc'><strong>·</strong></span> <span class='ocrx_word' id='word_1_628' title='bbox 2941 2969 3012 3022; x_wconf 73' lang='grc' dir='ltr'><strong>ἐν</strong></span> <span class='ocrx_word' id='word_1_629' title='bbox 3040 2965 3090 3038; x_wconf 82' lang='grc' dir='ltr'><strong><em>ᾧ</em></strong></span> <span class='ocrx_word' id='word_1_630' title='bbox 3115 2967 3213 3023; x_wconf 80' lang='grc' dir='ltr'>καὶ</span> <span class='ocrx_word' id='word_1_631' title='bbox 3247 2969 3320 3022; x_wconf 84' lang='grc' dir='ltr'>τὰ</span> <span class='ocrx_word' id='word_1_632' title='bbox 3348 2970 3483 3038; x_wconf 76' lang='grc' dir='ltr'>περὶ</span> <span class='ocrx_word' id='word_1_633' title='bbox 3518 2967 3636 3038; x_wconf 66' lang='grc' dir='ltr'>τῶν</span> 
     </span>
    </p>
   </div>
   <div class='ocr_carea' id='block_1_89' title="bbox 1988 3036 3636 3114">
    <p class='ocr_par' dir='ltr' id='par_1_89' title="bbox 1988 3036 3636 3114">
     <span class='ocr_line' id='line_1_89' title="bbox 1988 3036 3636 3114; baseline -0.002 -20"><span class='ocrx_word' id='word_1_634' title='bbox 1988 3057 2030 3114; x_wconf 72' lang='grc' dir='ltr'><strong>ο</strong></span> <span class='ocrx_word' id='word_1_635' title='bbox 2131 3039 2413 3108; x_wconf 72' lang='grc' dir='ltr'>ἀγράφων</span> <span class='ocrx_word' id='word_1_636' title='bbox 2450 3037 2562 3106; x_wconf 83' lang='grc' dir='ltr'>τῆς</span> <span class='ocrx_word' id='word_1_637' title='bbox 2581 3036 2947 3106; x_wconf 62' lang='grc' dir='ltr'>Ἐκκλησρας</span> <span class='ocrx_word' id='word_1_638' title='bbox 2966 3036 3258 3111; x_wconf 63' lang='grc' dir='ltr'>νομίμων.</span> <span class='ocrx_word' id='word_1_639' title='bbox 3280 3037 3505 3108; x_wconf 69' lang='grc' dir='ltr'>Κεφάλ.</span> <span class='ocrx_word' id='word_1_640' title='bbox 3533 3036 3636 3097; x_wconf 72' lang='grc' dir='ltr'>κζ’.</span> 
     </span>
    </p>
   </div>
   <div class='ocr_carea' id='block_1_90' title="bbox 2148 3127 3639 3204">
    <p class='ocr_par' dir='ltr' id='par_1_90' title="bbox 2148 3127 3639 3204">
     <span class='ocr_line' id='line_1_90' title="bbox 2148 3127 3639 3204; baseline -0.001 -22"><span class='ocrx_word' id='word_1_641' title='bbox 2148 3131 2239 3194; x_wconf 83' lang='grc' dir='ltr'>Ὣς</span> <span class='ocrx_word' id='word_1_642' title='bbox 2293 3130 2394 3201; x_wconf 73' lang='grc' dir='ltr'>μὲν</span> <span class='ocrx_word' id='word_1_643' title='bbox 2480 3127 2575 3182; x_wconf 84' lang='grc' dir='ltr'><strong>οῦν</strong></span> <span class='ocrx_word' id='word_1_644' title='bbox 2627 3130 2748 3200; x_wconf 75' lang='grc' dir='ltr'>οὐχὶ</span> <span class='ocrx_word' id='word_1_645' title='bbox 2802 3130 3274 3204; x_wconf 80' lang='grc' dir='ltr'>ἀποκληρωτικῶς</span> <span class='ocrx_word' id='word_1_646' title='bbox 3349 3129 3428 3200; x_wconf 80' lang='grc' dir='ltr'>τῷ</span> <span class='ocrx_word' id='word_1_647' title='bbox 3494 3129 3639 3198; x_wconf 75' lang='grc' dir='ltr'>ἁγίῳ</span> 
     </span>
    </p>
   </div>
   <div class='ocr_carea' id='block_1_91' title="bbox 2065 3217 3639 3294">
    <p class='ocr_par' dir='ltr' id='par_1_91' title="bbox 2065 3217 3639 3294">
     <span class='ocr_line' id='line_1_91' title="bbox 2065 3217 3639 3294; baseline -0.004 -18"><span class='ocrx_word' id='word_1_648' title='bbox 2065 3223 2347 3291; x_wconf 83' lang='grc' dir='ltr'>Πνεύματι</span> <span class='ocrx_word' id='word_1_649' title='bbox 2398 3221 2432 3291; x_wconf 78' lang='grc' dir='ltr'>ἡ</span> <span class='ocrx_word' id='word_1_650' title='bbox 2492 3219 2562 3274; x_wconf 74' lang='grc' dir='ltr'><strong>ἐν</strong></span> <span class='ocrx_word' id='word_1_651' title='bbox 2614 3218 2855 3293; x_wconf 75' lang='grc' dir='ltr'>συλλαϐὴ</span> <span class='ocrx_word' id='word_1_652' title='bbox 2904 3221 3234 3294; x_wconf 78' lang='grc' dir='ltr'>διενήνοχεν,</span> <span class='ocrx_word' id='word_1_653' title='bbox 3305 3218 3444 3274; x_wconf 87' lang='grc' dir='ltr'><strong>ἀλλά</strong></span> <span class='ocrx_word' id='word_1_654' title='bbox 3479 3217 3639 3287; x_wconf 71' lang='grc' dir='ltr'>κοινὴ</span> 
     </span>
    </p>
   </div>
   <div class='ocr_carea' id='block_1_92' title="bbox 2067 3311 3642 3384">
    <p class='ocr_par' dir='ltr' id='par_1_92' title="bbox 2067 3311 3642 3384">
     <span class='ocr_line' id='line_1_92' title="bbox 2067 3311 3642 3384; baseline -0.005 -15"><span class='ocrx_word' id='word_1_655' title='bbox 2067 3314 2279 3384; x_wconf 84' lang='grc' dir='ltr'>Πατρός</span> <span class='ocrx_word' id='word_1_656' title='bbox 2336 3315 2452 3367; x_wconf 70' lang='grc' dir='ltr'>ἑστι</span> <span class='ocrx_word' id='word_1_657' title='bbox 2514 3312 2610 3365; x_wconf 77' lang='grc' dir='ltr'><strong>καὶ</strong></span> <span class='ocrx_word' id='word_1_658' title='bbox 2661 3311 2816 3377; x_wconf 84' lang='grc' dir='ltr'>Υἱοῦ,</span> <span class='ocrx_word' id='word_1_659' title='bbox 2890 3314 2950 3365; x_wconf 80' lang='grc' dir='ltr'>ὲν</span> <span class='ocrx_word' id='word_1_660' title='bbox 3005 3315 3119 3376; x_wconf 77' lang='grc' dir='ltr'>τοῖς</span> <span class='ocrx_word' id='word_1_661' title='bbox 3177 3313 3410 3367; x_wconf 81' lang='grc' dir='ltr'>κατόπιν</span> <span class='ocrx_word' id='word_1_662' title='bbox 3482 3312 3642 3382; x_wconf 81' lang='grc' dir='ltr'>εἰρη-</span> 
     </span>
    </p>
   </div>
   <div class='ocr_carea' id='block_1_93' title="bbox 2063 3399 3636 3474">
    <p class='ocr_par' dir='ltr' id='par_1_93' title="bbox 2063 3399 3636 3474">
     <span class='ocr_line' id='line_1_93' title="bbox 2063 3399 3636 3474; baseline -0.004 -16"><span class='ocrx_word' id='word_1_663' title='bbox 2063 3421 2174 3460; x_wconf 83' lang='grc' dir='ltr'>ται.</span> <span class='ocrx_word' id='word_1_664' title='bbox 2202 3399 2372 3474; x_wconf 73' lang='grc' dir='ltr'>Οἶμαι</span> <span class='ocrx_word' id='word_1_665' title='bbox 2395 3402 2452 3456; x_wconf 78' lang='grc' dir='ltr'>δὲ</span> <span class='ocrx_word' id='word_1_666' title='bbox 2487 3403 2714 3458; x_wconf 81' lang='grc' dir='ltr'>κάκεῖνο</span> <span class='ocrx_word' id='word_1_667' title='bbox 2751 3401 3068 3474; x_wconf 85' lang='grc' dir='ltr'>ἀρκούντως</span> <span class='ocrx_word' id='word_1_668' title='bbox 3102 3402 3376 3473; x_wconf 83' lang='grc' dir='ltr'>εἰρῆσθαι,</span> <span class='ocrx_word' id='word_1_669' title='bbox 3429 3401 3510 3455; x_wconf 85' lang='grc' dir='ltr'><strong>ὁτι</strong></span> <span class='ocrx_word' id='word_1_670' title='bbox 3575 3401 3636 3452; x_wconf 86' lang='grc' dir='ltr'><strong>ού</strong></span> 
     </span>
    </p>
   </div>
   <div class='ocr_carea' id='block_1_94' title="bbox 2069 3494 3643 3568">
    <p class='ocr_par' dir='ltr' id='par_1_94' title="bbox 2069 3494 3643 3568">
     <span class='ocr_line' id='line_1_94' title="bbox 2069 3494 3643 3568; baseline -0.001 -19"><span class='ocrx_word' id='word_1_671' title='bbox 2069 3498 2232 3568; x_wconf 88' lang='grc' dir='ltr'>μόνον</span> <span class='ocrx_word' id='word_1_672' title='bbox 2287 3496 2389 3548; x_wconf 84' lang='grc' dir='ltr'><strong>οὑκ</strong></span> <span class='ocrx_word' id='word_1_673' title='bbox 2441 3496 2764 3567; x_wconf 77' lang='grc' dir='ltr'>ἀφαιρεῖται</span> <span class='ocrx_word' id='word_1_674' title='bbox 2808 3511 2863 3548; x_wconf 87' lang='grc' dir='ltr'><strong>τι</strong></span> <span class='ocrx_word' id='word_1_675' title='bbox 2919 3495 3020 3565; x_wconf 78' lang='grc' dir='ltr'>τῆς</span> <span class='ocrx_word' id='word_1_676' title='bbox 3057 3495 3215 3559; x_wconf 80' lang='grc' dir='ltr'>ἀξίας</span> <span class='ocrx_word' id='word_1_677' title='bbox 3258 3494 3352 3548; x_wconf 87' lang='grc' dir='ltr'><strong>τοῦ</strong></span> <span class='ocrx_word' id='word_1_678' title='bbox 3388 3494 3643 3563; x_wconf 80' lang='grc' dir='ltr'>Πνεῦμα-</span> 
     </span>
    </p>
   </div>
   <div class='ocr_carea' id='block_1_95' title="bbox 2065 3583 3644 3656">
    <p class='ocr_par' dir='ltr' id='par_1_95' title="bbox 2065 3583 3644 3656">
     <span class='ocr_line' id='line_1_95' title="bbox 2065 3583 3644 3656; baseline -0.004 -16"><span class='ocrx_word' id='word_1_679' title='bbox 2065 3603 2176 3652; x_wconf 85' lang='grc' dir='ltr'>τος,</span> <span class='ocrx_word' id='word_1_680' title='bbox 2204 3585 2342 3640; x_wconf 86' lang='grc' dir='ltr'><strong>ἀλλά</strong></span> <span class='ocrx_word' id='word_1_681' title='bbox 2372 3587 2467 3641; x_wconf 78' lang='grc' dir='ltr'><strong>καὶ</strong></span> <span class='ocrx_word' id='word_1_682' title='bbox 2506 3586 2643 3656; x_wconf 78' lang='grc' dir='ltr'>πρὸς</span> <span class='ocrx_word' id='word_1_683' title='bbox 2667 3588 2728 3640; x_wconf 74' lang='grc' dir='ltr'>τὸ</span> <span class='ocrx_word' id='word_1_684' title='bbox 2767 3588 3025 3655; x_wconf 82' lang='grc' dir='ltr'>μέγιστον</span> <span class='ocrx_word' id='word_1_685' title='bbox 3050 3584 3183 3655; x_wconf 79' lang='grc' dir='ltr'>ὕψος</span> <span class='ocrx_word' id='word_1_686' title='bbox 3219 3586 3327 3639; x_wconf 80' lang='grc' dir='ltr'><strong>τῶν</strong></span> <span class='ocrx_word' id='word_1_687' title='bbox 3358 3583 3438 3654; x_wconf 82' lang='grc' dir='ltr'>μὴ</span> <span class='ocrx_word' id='word_1_688' title='bbox 3461 3583 3644 3650; x_wconf 81' lang='grc' dir='ltr'>πάντη</span> 
     </span>
    </p>
   </div>
   <div class='ocr_carea' id='block_1_96' title="bbox 2065 3670 3649 3741">
    <p class='ocr_par' dir='ltr' id='par_1_96' title="bbox 2065 3670 3649 3741">
     <span class='ocr_line' id='line_1_96' title="bbox 2065 3670 3649 3741; baseline -0.003 -15"><span class='ocrx_word' id='word_1_689' title='bbox 2065 3673 2466 3741; x_wconf 80' lang='grc' dir='ltr'>ὲνδιαστρόφων</span> <span class='ocrx_word' id='word_1_690' title='bbox 2495 3673 2620 3734; x_wconf 80' lang='grc' dir='ltr'>τοὺς</span> <span class='ocrx_word' id='word_1_691' title='bbox 2655 3671 2947 3740; x_wconf 78' lang='grc' dir='ltr'>λογισμοὺς</span> <span class='ocrx_word' id='word_1_692' title='bbox 2991 3671 3274 3738; x_wconf 77' lang='grc' dir='ltr'>ἐπανάγει.</span> <span class='ocrx_word' id='word_1_693' title='bbox 3311 3670 3649 3738; x_wconf 83' lang='grc' dir='ltr'>Δειπὸμενον</span> 
     </span>
    </p>
   </div>
   <div class='ocr_carea' id='block_1_97' title="bbox 2067 3760 3650 3834">
    <p class='ocr_par' dir='ltr' id='par_1_97' title="bbox 2067 3760 3650 3834">
     <span class='ocr_line' id='line_1_97' title="bbox 2067 3760 3650 3834; baseline -0.003 -17"><span class='ocrx_word' id='word_1_694' title='bbox 2067 3765 2123 3817; x_wconf 80' lang='grc' dir='ltr'>δέ</span> <span class='ocrx_word' id='word_1_695' title='bbox 2150 3767 2264 3818; x_wconf 80' lang='grc' dir='ltr'>ἐστι</span> <span class='ocrx_word' id='word_1_696' title='bbox 2295 3763 2423 3834; x_wconf 73' lang='grc' dir='ltr'>περὶ</span> <span class='ocrx_word' id='word_1_697' title='bbox 2455 3763 2552 3833; x_wconf 83' lang='grc' dir='ltr'>τῆς</span> <span class='ocrx_word' id='word_1_698' title='bbox 2579 3765 2720 3829; x_wconf 86' lang='grc' dir='ltr'>σὺν,</span> <span class='ocrx_word' id='word_1_699' title='bbox 2767 3763 2963 3818; x_wconf 77' lang='grc' dir='ltr'>ὁπόθεν</span> <span class='ocrx_word' id='word_1_700' title='bbox 3008 3763 3230 3834; x_wconf 71' lang='grc' dir='ltr'>ἠρξατο,</span> <span class='ocrx_word' id='word_1_701' title='bbox 3270 3763 3365 3815; x_wconf 72' lang='grc' dir='ltr'>καὶ</span> <span class='ocrx_word' id='word_1_702' title='bbox 3402 3760 3522 3815; x_wconf 80' lang='grc' dir='ltr'>τινα</span> <span class='ocrx_word' id='word_1_703' title='bbox 3559 3761 3650 3815; x_wconf 81' lang='grc' dir='ltr'>δύ-</span> 
     </span>
    </p>
   </div>
   <div class='ocr_carea' id='block_1_98' title="bbox 2068 3854 3647 3926">
    <p class='ocr_par' dir='ltr' id='par_1_98' title="bbox 2068 3854 3647 3926">
     <span class='ocr_line' id='line_1_98' title="bbox 2068 3854 3647 3926; baseline 0.001 -19"><span class='ocrx_word' id='word_1_704' title='bbox 2068 3871 2233 3924; x_wconf 89' lang='grc' dir='ltr'>ναμιν</span> <span class='ocrx_word' id='word_1_705' title='bbox 2264 3855 2397 3924; x_wconf 74' lang='grc' dir='ltr'>ἔχει,</span> <span class='ocrx_word' id='word_1_706' title='bbox 2429 3855 2525 3909; x_wconf 73' lang='grc' dir='ltr'><strong>καὶ</strong></span> <span class='ocrx_word' id='word_1_707' title='bbox 2551 3856 2700 3919; x_wconf 82' lang='grc' dir='ltr'>ὅπως</span> <span class='ocrx_word' id='word_1_708' title='bbox 2874 3855 3163 3926; x_wconf 78' lang='grc' dir='ltr'>σύμφωνός</span> <span class='ocrx_word' id='word_1_709' title='bbox 3195 3854 3312 3906; x_wconf 76' lang='grc' dir='ltr'>ἐστι</span> <span class='ocrx_word' id='word_1_710' title='bbox 3335 3855 3402 3923; x_wconf 82' lang='grc' dir='ltr'>τῇ</span> <span class='ocrx_word' id='word_1_711' title='bbox 3432 3854 3647 3926; x_wconf 74' lang='grc' dir='ltr'>Γραφῇ,</span> 
     </span>
    </p>
   </div>
   <div class='ocr_carea' id='block_1_99' title="bbox 2067 3942 3139 4013">
    <p class='ocr_par' dir='ltr' id='par_1_99' title="bbox 2067 3942 3139 4013">
     <span class='ocr_line' id='line_1_99' title="bbox 2067 3942 3139 4013; baseline 0.003 -19"><span class='ocrx_word' id='word_1_712' title='bbox 2067 3942 2226 4013; x_wconf 87' lang='grc' dir='ltr'>διηγή</span> <span class='ocrx_word' id='word_1_713' title='bbox 2236 3944 2450 3998; x_wconf 88' lang='grc' dir='ltr'>σασθαι.</span> <span class='ocrx_word' id='word_1_714' title='bbox 3136 3971 3139 3974; x_wconf 93' lang='grc'><strong>-</strong></span> 
     </span>
    </p>
   </div>
   <div class='ocr_carea' id='block_1_100' title="bbox 2248 4034 3649 4107">
    <p class='ocr_par' dir='ltr' id='par_1_100' title="bbox 2248 4034 3649 4107">
     <span class='ocr_line' id='line_1_100' title="bbox 2248 4034 3649 4107; baseline 0.001 -21"><span class='ocrx_word' id='word_1_715' title='bbox 2248 4035 2369 4088; x_wconf 87' lang='grc' dir='ltr'>Τῶν</span> <span class='ocrx_word' id='word_1_716' title='bbox 2399 4037 2456 4089; x_wconf 82' lang='grc' dir='ltr'>ὲν</span> <span class='ocrx_word' id='word_1_717' title='bbox 2485 4038 2548 4107; x_wconf 81' lang='grc' dir='ltr'>τῇ</span> <span class='ocrx_word' id='word_1_718' title='bbox 2584 4034 2882 4106; x_wconf 78' lang='grc' dir='ltr'>Ἐκκλησία</span> <span class='ocrx_word' id='word_1_719' title='bbox 2903 4035 3336 4105; x_wconf 81' lang='grc' dir='ltr'>πεφυλαγμένων</span> <span class='ocrx_word' id='word_1_720' title='bbox 3363 4034 3649 4104; x_wconf 82' lang='grc' dir='ltr'>δογμάτων</span> 
     </span>
    </p>
   </div>
   <div class='ocr_carea' id='block_1_101' title="bbox 2067 4125 3651 4198">
    <p class='ocr_par' dir='ltr' id='par_1_101' title="bbox 2067 4125 3651 4198">
     <span class='ocr_line' id='line_1_101' title="bbox 2067 4125 3651 4198; baseline 0.001 -20"><span class='ocrx_word' id='word_1_721' title='bbox 2067 4125 2162 4178; x_wconf 73' lang='grc' dir='ltr'>καὶ</span> <span class='ocrx_word' id='word_1_722' title='bbox 2195 4128 2562 4197; x_wconf 84' lang='grc' dir='ltr'>κηρυγμάτων</span> <span class='ocrx_word' id='word_1_723' title='bbox 2605 4127 2672 4180; x_wconf 77' lang='grc' dir='ltr'>τὰ</span> <span class='ocrx_word' id='word_1_724' title='bbox 2711 4126 2812 4196; x_wconf 84' lang='grc' dir='ltr'>μὲν</span> <span class='ocrx_word' id='word_1_725' title='bbox 2854 4129 2917 4179; x_wconf 80' lang='grc' dir='ltr'>ὲκ</span> <span class='ocrx_word' id='word_1_726' title='bbox 2953 4127 3055 4196; x_wconf 77' lang='grc' dir='ltr'>τῆς</span> <span class='ocrx_word' id='word_1_727' title='bbox 3090 4127 3367 4198; x_wconf 71' lang='grc' dir='ltr'>ἐγγράφου</span> <span class='ocrx_word' id='word_1_728' title='bbox 3401 4127 3651 4182; x_wconf 85' lang='grc' dir='ltr'>διδασκα-</span> 
     </span>
    </p>
   </div>
   <div class='ocr_carea' id='block_1_102' title="bbox 2067 4216 3653 4291">
    <p class='ocr_par' dir='ltr' id='par_1_102' title="bbox 2067 4216 3653 4291">
     <span class='ocr_line' id='line_1_102' title="bbox 2067 4216 3653 4291; baseline 0.002 -22"><span class='ocrx_word' id='word_1_729' title='bbox 2067 4216 2186 4280; x_wconf 89' lang='grc' dir='ltr'>λίας</span> <span class='ocrx_word' id='word_1_730' title='bbox 2219 4217 2435 4287; x_wconf 82' lang='grc' dir='ltr'>ἔχομεν,</span> <span class='ocrx_word' id='word_1_731' title='bbox 2465 4217 2533 4271; x_wconf 90' lang='grc' dir='ltr'><strong>τά</strong></span> <span class='ocrx_word' id='word_1_732' title='bbox 2571 4219 2628 4272; x_wconf 83' lang='grc' dir='ltr'>δὲ</span> <span class='ocrx_word' id='word_1_733' title='bbox 2675 4219 2738 4270; x_wconf 81' lang='grc' dir='ltr'>ὲκ</span> <span class='ocrx_word' id='word_1_734' title='bbox 2774 4219 2873 4289; x_wconf 79' lang='grc' dir='ltr'><strong>τῆς</strong></span> <span class='ocrx_word' id='word_1_735' title='bbox 2910 4219 3020 4274; x_wconf 86' lang='grc' dir='ltr'><strong>τῶν</strong></span> <span class='ocrx_word' id='word_1_736' title='bbox 3059 4219 3371 4273; x_wconf 79' lang='grc' dir='ltr'>ἀποστόλων</span> <span class='ocrx_word' id='word_1_737' title='bbox 3415 4219 3653 4291; x_wconf 82' lang='grc' dir='ltr'>παραδό-</span> 
     </span>
    </p>
   </div>
   <div class='ocr_carea' id='block_1_103' title="bbox 2070 4309 3649 4384">
    <p class='ocr_par' dir='ltr' id='par_1_103' title="bbox 2070 4309 3649 4384">
     <span class='ocr_line' id='line_1_103' title="bbox 2070 4309 3649 4384; baseline 0.002 -21"><span class='ocrx_word' id='word_1_738' title='bbox 2070 4327 2206 4374; x_wconf 88' lang='grc' dir='ltr'>σεως</span> <span class='ocrx_word' id='word_1_739' title='bbox 2248 4309 2558 4364; x_wconf 80' lang='grc' dir='ltr'>διαδοθέντα</span> <span class='ocrx_word' id='word_1_740' title='bbox 2607 4313 2740 4381; x_wconf 84' lang='grc' dir='ltr'>ἡμῖν</span> <span class='ocrx_word' id='word_1_741' title='bbox 2791 4313 2849 4366; x_wconf 80' lang='grc' dir='ltr'>ὲν</span> <span class='ocrx_word' id='word_1_742' title='bbox 2881 4312 3165 4384; x_wconf 75' lang='grc' dir='ltr'>μυστηρίῳ</span> <span class='ocrx_word' id='word_1_743' title='bbox 3210 4312 3649 4384; x_wconf 75' lang='grc' dir='ltr'>παρεδεξάμεθαο</span> 
     </span>
    </p>
   </div>
   <div class='ocr_carea' id='block_1_104' title="bbox 2067 4402 3653 4476">
    <p class='ocr_par' dir='ltr' id='par_1_104' title="bbox 2067 4402 3653 4476">
     <span class='ocr_line' id='line_1_104' title="bbox 2067 4402 3653 4476; baseline 0 -19"><span class='ocrx_word' id='word_1_744' title='bbox 2067 4404 2210 4474; x_wconf 77' lang='grc' dir='ltr'>άπερ</span> <span class='ocrx_word' id='word_1_745' title='bbox 2237 4402 2524 4475; x_wconf 78' lang='grc' dir='ltr'>ἀμφότερα</span> <span class='ocrx_word' id='word_1_746' title='bbox 2565 4402 2662 4476; x_wconf 78' lang='grc' dir='ltr'><strong>τὴν</strong></span> <span class='ocrx_word' id='word_1_747' title='bbox 2696 4403 2863 4476; x_wconf 79' lang='grc' dir='ltr'>αὐτὴν</span> <span class='ocrx_word' id='word_1_748' title='bbox 2908 4404 3061 4474; x_wconf 78' lang='grc' dir='ltr'>ἰσχὺν</span> <span class='ocrx_word' id='word_1_749' title='bbox 3103 4404 3215 4474; x_wconf 80' lang='grc' dir='ltr'>ἔχει</span> <span class='ocrx_word' id='word_1_750' title='bbox 3258 4404 3393 4475; x_wconf 79' lang='grc' dir='ltr'>πρὸς</span> <span class='ocrx_word' id='word_1_751' title='bbox 3425 4403 3522 4476; x_wconf 82' lang='grc' dir='ltr'>τὴν</span> <span class='ocrx_word' id='word_1_752' title='bbox 3563 4405 3653 4458; x_wconf 86' lang='grc' dir='ltr'>εύ-</span> 
     </span>
    </p>
   </div>
   <div class='ocr_carea' id='block_1_105' title="bbox 2069 4495 3653 4566">
    <p class='ocr_par' dir='ltr' id='par_1_105' title="bbox 2069 4495 3653 4566">
     <span class='ocr_line' id='line_1_105' title="bbox 2069 4495 3653 4566; baseline 0 -18"><span class='ocrx_word' id='word_1_753' title='bbox 2069 4496 2305 4551; x_wconf 69' lang='grc' dir='ltr'>σέῦειαν.</span> <span class='ocrx_word' id='word_1_754' title='bbox 2326 4497 2437 4549; x_wconf 81' lang='grc' dir='ltr'>Καὶ</span> <span class='ocrx_word' id='word_1_755' title='bbox 2457 4495 2669 4560; x_wconf 86' lang='grc' dir='ltr'>τούτοις</span> <span class='ocrx_word' id='word_1_756' title='bbox 2684 4495 2859 4558; x_wconf 72' lang='grc' dir='ltr'>οὐδεὶς</span> <span class='ocrx_word' id='word_1_757' title='bbox 2882 4496 3118 4566; x_wconf 80' lang='grc' dir='ltr'>ἀντερεῖ,</span> <span class='ocrx_word' id='word_1_758' title='bbox 3147 4495 3344 4550; x_wconf 76' lang='grc' dir='ltr'>οὐκοῦν</span> <span class='ocrx_word' id='word_1_759' title='bbox 3505 4497 3653 4559; x_wconf 84' lang='grc' dir='ltr'>ὅστις</span> 
     </span>
    </p>
   </div>
   <div class='ocr_carea' id='block_1_106' title="bbox 2067 4587 3652 4660">
    <p class='ocr_par' dir='ltr' id='par_1_106' title="bbox 2067 4587 3652 4660">
     <span class='ocr_line' id='line_1_106' title="bbox 2067 4587 3652 4660; baseline -0.001 -19"><span class='ocrx_word' id='word_1_760' title='bbox 2067 4605 2127 4657; x_wconf 86' lang='grc' dir='ltr'><strong>γε</strong></span> <span class='ocrx_word' id='word_1_761' title='bbox 2175 4587 2318 4642; x_wconf 85' lang='grc' dir='ltr'><strong>κατά</strong></span> <span class='ocrx_word' id='word_1_762' title='bbox 2363 4588 2555 4659; x_wconf 83' lang='grc' dir='ltr'>μικρὸν</span> <span class='ocrx_word' id='word_1_763' title='bbox 2602 4587 2734 4657; x_wconf 87' lang='grc' dir='ltr'>γοῦν</span> <span class='ocrx_word' id='word_1_764' title='bbox 2782 4587 3000 4657; x_wconf 84' lang='grc' dir='ltr'>Θεσμῶν</span> <span class='ocrx_word' id='word_1_765' title='bbox 3049 4587 3516 4660; x_wconf 78' lang='grc' dir='ltr'>ἐκκλησιαστικῶν</span> <span class='ocrx_word' id='word_1_766' title='bbox 3555 4606 3652 4640; x_wconf 80' lang='grc' dir='ltr'>πε-</span> 
     </span>
    </p>
   </div>
   <div class='ocr_carea' id='block_1_107' title="bbox 2069 4679 3654 4753">
    <p class='ocr_par' dir='ltr' id='par_1_107' title="bbox 2069 4679 3654 4753">
     <span class='ocr_line' id='line_1_107' title="bbox 2069 4679 3654 4753; baseline 0 -19"><span class='ocrx_word' id='word_1_767' title='bbox 2069 4681 2344 4753; x_wconf 87' lang='grc' dir='ltr'>πείραται.</span> <span class='ocrx_word' id='word_1_768' title='bbox 2396 4681 2458 4734; x_wconf 88' lang='grc' dir='ltr'>Εἰ</span> <span class='ocrx_word' id='word_1_769' title='bbox 2510 4680 2616 4751; x_wconf 83' lang='grc' dir='ltr'><strong>γάρ</strong></span> <span class='ocrx_word' id='word_1_770' title='bbox 2666 4680 3119 4751; x_wconf 74' lang='grc' dir='ltr'>ἐπιχειρήσαιμεν</span> <span class='ocrx_word' id='word_1_771' title='bbox 3161 4681 3230 4733; x_wconf 87' lang='grc' dir='ltr'>τὰ</span> <span class='ocrx_word' id='word_1_772' title='bbox 3283 4679 3505 4753; x_wconf 80' lang='grc' dir='ltr'>ἄγραφα</span> <span class='ocrx_word' id='word_1_773' title='bbox 3544 4680 3654 4734; x_wconf 86' lang='grc' dir='ltr'><strong>τῶν</strong></span> 
     </span>
    </p>
   </div>
   <div class='ocr_carea' id='block_1_108' title="bbox 2069 4768 3654 4842">
    <p class='ocr_par' dir='ltr' id='par_1_108' title="bbox 2069 4768 3654 4842">
     <span class='ocr_line' id='line_1_108' title="bbox 2069 4768 3654 4842; baseline -0.001 -19"><span class='ocrx_word' id='word_1_774' title='bbox 2069 4771 2207 4823; x_wconf 80' lang='grc' dir='ltr'>ἐθῶν</span> <span class='ocrx_word' id='word_1_775' title='bbox 2234 4771 2308 4832; x_wconf 84' lang='grc' dir='ltr'>ὡς</span> <span class='ocrx_word' id='word_1_776' title='bbox 2347 4769 2420 4839; x_wconf 81' lang='grc' dir='ltr'>μὴ</span> <span class='ocrx_word' id='word_1_777' title='bbox 2454 4768 2694 4840; x_wconf 84' lang='grc' dir='ltr'>μεγάλην</span> <span class='ocrx_word' id='word_1_778' title='bbox 2740 4769 2930 4839; x_wconf 72' lang='grc' dir='ltr'>ἔχοντα</span> <span class='ocrx_word' id='word_1_779' title='bbox 2968 4769 3068 4839; x_wconf 82' lang='grc' dir='ltr'>τὴν</span> <span class='ocrx_word' id='word_1_780' title='bbox 3102 4769 3335 4842; x_wconf 90' lang='grc' dir='ltr'>δύναμιν</span> <span class='ocrx_word' id='word_1_781' title='bbox 3368 4772 3654 4841; x_wconf 86' lang='grc' dir='ltr'>παραιτεῖ-</span> 
     </span>
    </p>
   </div>
   <div class='ocr_carea' id='block_1_109' title="bbox 2071 4860 3651 4934">
    <p class='ocr_par' dir='ltr' id='par_1_109' title="bbox 2071 4860 3651 4934">
     <span class='ocr_line' id='line_1_109' title="bbox 2071 4860 3651 4934; baseline -0.001 -19"><span class='ocrx_word' id='word_1_782' title='bbox 2071 4862 2214 4926; x_wconf 87' lang='grc' dir='ltr'>σθαι,</span> <span class='ocrx_word' id='word_1_783' title='bbox 2240 4861 2496 4932; x_wconf 87' lang='grc' dir='ltr'>λάθοιμεν</span> <span class='ocrx_word' id='word_1_784' title='bbox 2521 4860 2586 4914; x_wconf 81' lang='grc' dir='ltr'><strong>ἀν</strong></span> <span class='ocrx_word' id='word_1_785' title='bbox 2620 4861 2700 4924; x_wconf 91' lang='grc' dir='ltr'><strong>εἰς</strong></span> <span class='ocrx_word' id='word_1_786' title='bbox 2741 4861 2878 4914; x_wconf 87' lang='grc' dir='ltr'><strong>αύτά</strong></span> <span class='ocrx_word' id='word_1_787' title='bbox 2907 4860 2977 4914; x_wconf 79' lang='grc' dir='ltr'>τὰ</span> <span class='ocrx_word' id='word_1_788' title='bbox 3019 4862 3207 4934; x_wconf 89' lang='grc' dir='ltr'>καίρια</span> <span class='ocrx_word' id='word_1_789' title='bbox 3238 4862 3563 4933; x_wconf 80' lang='grc' dir='ltr'>ζημιοῦντες</span> <span class='ocrx_word' id='word_1_790' title='bbox 3591 4861 3651 4914; x_wconf 82' lang='grc' dir='ltr'>τὸ</span> 
     </span>
    </p>
   </div>
   <div class='ocr_carea' id='block_1_110' title="bbox 2071 4952 3652 5023">
    <p class='ocr_par' dir='ltr' id='par_1_110' title="bbox 2071 4952 3652 5023">
     <span class='ocr_line' id='line_1_110' title="bbox 2071 4952 3652 5023; baseline -0.001 -17"><span class='ocrx_word' id='word_1_791' title='bbox 2071 4952 2400 5020; x_wconf 80' lang='grc' dir='ltr'>Εὐαγγέλιον</span> <span class='ocrx_word' id='word_1_792' title='bbox 2420 4967 2434 4980; x_wconf 87' lang='grc'><strong>·</strong></span> <span class='ocrx_word' id='word_1_793' title='bbox 2466 4952 2666 5023; x_wconf 77' lang='grc' dir='ltr'>μᾶλλον</span> <span class='ocrx_word' id='word_1_794' title='bbox 2689 4953 2746 5005; x_wconf 81' lang='grc' dir='ltr'>δὲ</span> <span class='ocrx_word' id='word_1_795' title='bbox 2783 4954 2862 5015; x_wconf 91' lang='grc' dir='ltr'><strong>εἰς</strong></span> <span class='ocrx_word' id='word_1_796' title='bbox 2887 4952 3057 5023; x_wconf 70' lang='grc' dir='ltr'>ὄνομα</span> <span class='ocrx_word' id='word_1_797' title='bbox 3083 4953 3237 5022; x_wconf 80' lang='grc' dir='ltr'>ψιλὸν</span> <span class='ocrx_word' id='word_1_798' title='bbox 3267 4953 3652 5023; x_wconf 88' lang='grc' dir='ltr'>περιιστῶντες</span> 
     </span>
    </p>
   </div>
   <div class='ocr_carea' id='block_1_111' title="bbox 2068 5038 3652 5115">
    <p class='ocr_par' dir='ltr' id='par_1_111' title="bbox 2068 5038 3652 5115">
     <span class='ocr_line' id='line_1_111' title="bbox 2068 5038 3652 5115; baseline -0.001 -19"><span class='ocrx_word' id='word_1_799' title='bbox 2068 5044 2127 5097; x_wconf 83' lang='grc' dir='ltr'><strong>τὸ</strong></span> <span class='ocrx_word' id='word_1_800' title='bbox 2159 5043 2436 5115; x_wconf 83' lang='grc' dir='ltr'>κήρυγμα.</span> <span class='ocrx_word' id='word_1_801' title='bbox 2481 5038 2630 5107; x_wconf 70' lang='grc' dir='ltr'><strong>Οἰον⁹</strong></span> <span class='ocrx_word' id='word_1_802' title='bbox 2677 5044 2764 5098; x_wconf 81' lang='grc' dir='ltr'>ἵνα</span> <span class='ocrx_word' id='word_1_803' title='bbox 2796 5042 2889 5097; x_wconf 88' lang='grc' dir='ltr'><strong>τοῦ</strong></span> <span class='ocrx_word' id='word_1_804' title='bbox 2934 5043 3151 5115; x_wconf 83' lang='grc' dir='ltr'>πρώτου</span> <span class='ocrx_word' id='word_1_805' title='bbox 3196 5043 3291 5097; x_wconf 72' lang='grc' dir='ltr'><strong>καὶ</strong></span> <span class='ocrx_word' id='word_1_806' title='bbox 3341 5045 3652 5098; x_wconf 85' lang='grc' dir='ltr'>κοινοτάτου</span> 
     </span>
    </p>
   </div>
   <div class='ocr_carea' id='block_1_112' title="bbox 2067 5134 3654 5207">
    <p class='ocr_par' dir='ltr' id='par_1_112' title="bbox 2067 5134 3654 5207">
     <span class='ocr_line' id='line_1_112' title="bbox 2067 5134 3654 5207; baseline -0.001 -19"><span class='ocrx_word' id='word_1_807' title='bbox 2067 5135 2280 5206; x_wconf 88' lang='grc' dir='ltr'>πρῶτον</span> <span class='ocrx_word' id='word_1_808' title='bbox 2311 5135 2550 5207; x_wconf 85' lang='grc' dir='ltr'>μνησθῶ,</span> <span class='ocrx_word' id='word_1_809' title='bbox 2725 5134 2802 5206; x_wconf 83' lang='grc' dir='ltr'>τῷ</span> <span class='ocrx_word' id='word_1_810' title='bbox 2829 5134 2985 5206; x_wconf 85' lang='grc' dir='ltr'>τύπῳ</span> <span class='ocrx_word' id='word_1_811' title='bbox 3028 5134 3122 5188; x_wconf 90' lang='grc' dir='ltr'><strong>τοῦ</strong></span> <span class='ocrx_word' id='word_1_812' title='bbox 3156 5135 3386 5202; x_wconf 83' lang='grc' dir='ltr'>σταυροῦ</span> <span class='ocrx_word' id='word_1_813' title='bbox 3417 5135 3543 5199; x_wconf 80' lang='grc' dir='ltr'>τοὺς</span> <span class='ocrx_word' id='word_1_814' title='bbox 3573 5135 3654 5198; x_wconf 88' lang='grc' dir='ltr'><strong>εἰς</strong></span> 
     </span>
    </p>
   </div>
   <div class='ocr_carea' id='block_1_113' title="bbox 2065 5228 3653 5303">
    <p class='ocr_par' dir='ltr' id='par_1_113' title="bbox 2065 5228 3653 5303">
     <span class='ocr_line' id='line_1_113' title="bbox 2065 5228 3653 5303; baseline -0.002 -21"><span class='ocrx_word' id='word_1_815' title='bbox 2065 5229 2124 5282; x_wconf 78' lang='grc' dir='ltr'><strong>τὸ</strong></span> <span class='ocrx_word' id='word_1_816' title='bbox 2148 5230 2316 5300; x_wconf 71' lang='grc' dir='ltr'>ὄνομα</span> <span class='ocrx_word' id='word_1_817' title='bbox 2346 5229 2439 5284; x_wconf 87' lang='grc' dir='ltr'><strong>τοῦ</strong></span> <span class='ocrx_word' id='word_1_818' title='bbox 2474 5231 2682 5303; x_wconf 87' lang='grc' dir='ltr'>Κυρίου</span> <span class='ocrx_word' id='word_1_819' title='bbox 2705 5233 2737 5300; x_wconf 74' lang='grc' dir='ltr'>ἡ</span> <span class='ocrx_word' id='word_1_820' title='bbox 2747 5230 2862 5301; x_wconf 89' lang='grc' dir='ltr'><strong>μῶν</strong></span> <span class='ocrx_word' id='word_1_821' title='bbox 2898 5229 3073 5300; x_wconf 85' lang='grc' dir='ltr'>Ἰησοῦ</span> <span class='ocrx_word' id='word_1_822' title='bbox 3095 5228 3334 5300; x_wconf 85' lang='grc' dir='ltr'>Χριστοῦ</span> <span class='ocrx_word' id='word_1_823' title='bbox 3355 5228 3653 5299; x_wconf 78' lang='grc' dir='ltr'>ὴλπικότας</span> 
     </span>
    </p>
   </div>
   <div class='ocr_carea' id='block_1_114' title="bbox 2067 5317 3653 5391">
    <p class='ocr_par' dir='ltr' id='par_1_114' title="bbox 2067 5317 3653 5391">
     <span class='ocr_line' id='line_1_114' title="bbox 2067 5317 3653 5391; baseline -0.001 -19"><span class='ocrx_word' id='word_1_824' title='bbox 2067 5321 2568 5391; x_wconf 81' lang='grc' dir='ltr'>κατασημαίνεσθαι</span> <span class='ocrx_word' id='word_1_825' title='bbox 2612 5321 2695 5384; x_wconf 85' lang='grc' dir='ltr'><strong>τίς</strong></span> <span class='ocrx_word' id='word_1_826' title='bbox 2741 5323 2769 5373; x_wconf 93' lang='grc' dir='ltr'><strong>ὁ</strong></span> <span class='ocrx_word' id='word_1_827' title='bbox 2799 5319 2887 5373; x_wconf 86' lang='grc' dir='ltr'>διὰ</span> <span class='ocrx_word' id='word_1_828' title='bbox 2929 5320 3256 5390; x_wconf 84' lang='grc' dir='ltr'>γράμματος</span> <span class='ocrx_word' id='word_1_829' title='bbox 3303 5317 3550 5384; x_wconf 82' lang='grc' dir='ltr'>διδάξας;</span> <span class='ocrx_word' id='word_1_830' title='bbox 3578 5317 3653 5370; x_wconf 84' lang='grc' dir='ltr'>Τὸ</span> 
     </span>
    </p>
   </div>
   <div class='ocr_carea' id='block_1_115' title="bbox 2066 5394 3651 5483">
    <p class='ocr_par' dir='ltr' id='par_1_115' title="bbox 2066 5407 3651 5483">
     <span class='ocr_line' id='line_1_115' title="bbox 2066 5407 3651 5483; baseline -0.002 -21"><span class='ocrx_word' id='word_1_831' title='bbox 2066 5411 2199 5481; x_wconf 66' lang='grc' dir='ltr'>πρὺς</span> <span class='ocrx_word' id='word_1_832' title='bbox 2229 5411 2487 5475; x_wconf 71' lang='grc' dir='ltr'>ἀνατολάς</span> <span class='ocrx_word' id='word_1_833' title='bbox 2521 5409 2820 5480; x_wconf 56' lang='grc' dir='ltr'>τετράφθαι</span> <span class='ocrx_word' id='word_1_834' title='bbox 2857 5408 3002 5464; x_wconf 80' lang='grc' dir='ltr'>κατὰ</span> <span class='ocrx_word' id='word_1_835' title='bbox 3026 5409 3126 5481; x_wconf 82' lang='grc' dir='ltr'>τὴν</span> <span class='ocrx_word' id='word_1_836' title='bbox 3163 5407 3471 5483; x_wconf 77' lang='grc' dir='ltr'>προσευχὴν</span> <span class='ocrx_word' id='word_1_837' title='bbox 3499 5409 3651 5461; x_wconf 79' lang='grc' dir='ltr'>ποῖον</span> 
     </span>
    </p>
   </div>
  </div>
