4082 6392
445 294 551 357 793

1368 293 1745 356 PANOPIJA
1789 296 2243 358 DL):‘..\I:\T[C:\.
2284 322 2351 337 -
2391 299 2541 359 TIT.
2586 301 2729 363 XII.

3600 308 3707 369 79L

438 439 677 504 ἐδίδαξεν
704 438 849 508 ἡμᾶς
880 434 1149 506 γράμμα;
1199 435 1279 488 Τά
1307 434 1404 504 τῆς
1440 429 1779 500 ἐπικλήσεως
1811 408 2033 500 ῥήματᾶ

2155 438 2311 491 ιοοιιίι
2341 436 2661 507 Scriptura?
2692 438 3062 495 lnvocationis
3085 439 3250 495 verba
3270 452 3395 494 cum
3417 438 3708 493 coniicitur

439 533 531 585 ἐπὶ
562 533 626 602 τῇ
656 528 925 594 ἀναδείξει
1092 528 1186 579 τοῦ
1226 526 1390 595 ἄρτου
1419 524 1516 595 τῆς
1538 523 1904 594 Εὐχάριστίας
1937 524 2029 575 καὶ

437 628 533 681 τοῦ
569 625 829 695 ποτηρίου
859 623 959 692 τῆς
1000 620 1250 689 εὐλογίας
1281 620 1365 683 τίς
1403 618 1509 671 τῶν
1542 618 1711 686 ἁγίων
1737 616 2031 687 ἐγγράφως

440 722 573 789 ἡμῖν
613 716 1035 779 καταλίλοιπεν;
1072 714 1145 767 Οὐ
1189 713 1299 784 γὰρ
1339 712 1402 783 δή
1436 710 1645 772 τούτοις
1689 706 2031 779 ἀρκούμεθα,

442 806 516 865 ὧν
553 811 581 862 ὁ
620 805 996 876 ’Λπόστολοςῆ
1035 804 1097 857 τὸ
1141 803 1471 872 Εὑαγγέλιον
1513 799 1855 871 ἐπεμνήσθη.
1899 798 2034 851 ἀλλά

441 901 534 955 καὶ
563 898 902 970 προλέγομεν
948 896 1041 948 καὶ
1083 894 1407 963 ὲπιλέγομεν
1443 893 1624 964 ἕτερα,
1669 892 1745 954 ὡς
1791 890 2034 961 μεγάλην

442 992 632 1062 ἔχοντα
661 989 797 1060 πρὸς
816 988 877 1040 τὸ
909 988 1206 1057 μυστήριον
1227 986 1323 1056 τὴν
1360 986 1533 1053 ἰσχὺν,
1567 985 1631 1037 ἐκ
1657 984 1756 1053 τῆς
1785 983 2032 1051 ἀγράφου

441 1080 788 1143 διδασκαλίας
814 1077 1239 1149 παραλαϐόντες.
1266 1074 1607 1145 Εύλογοῦμεν
1632 1074 1688 1127 δὲ
1718 1072 1778 1125 τό
1801 1089 1860 1124 τε
1891 1071 2035 1141 ὕδωρ

443 1172 537 1225 τοῦ
572 1171 971 1242 βαπτίσματος,
1022 1169 1118 1220 καὶ
1174 1168 1233 1220 τὸ
1270 1168 1446 1221 ἔλαιον
1494 1166 1593 1237 τῆς
1646 1164 1908 1236 χρίσεως,
1939 1162 2035 1217 καὶ

446 1264 671 1335 προσέτι
698 1263 858 1317 αὑτὸν
884 1261 975 1315 τὸν
1008 1260 1424 1331 βαπτιζόμενον.
1466 1257 1598 1311 Ἀπὸ
1628 1258 1797 1310 ποίων
1832 1254 2036 1328 ἐγγρά-

448 1374 602 1429 φων;
635 1357 749 1410 Οὐκ
783 1355 890 1409 ἀπὸ
915 1356 1014 1426 τῆς
1044 1352 1405 1425 σιωπωμένης
1439 1350 1534 1405 καί
1566 1349 1835 1422 μυστικῆς
1861 1356 2039 1420 παρα-

446 1451 679 1513 δόσεως;
710 1449 774 1501 Τί
801 1448 859 1502 δέ
883 1465 896 1512 ;
926 1445 1096 1519 αὐτὴν
1281 1442 1377 1498 τοῦ
1405 1442 1583 1497 ἐλαίου
1610 1441 1708 1512 τὴν
1747 1441 1928 1513 χρίσιν
1954 1442 2036 1505 τίς

446 1542 604 1609 λόγος
630 1540 1012 1613 γεγραμμένος
1042 1534 1243 1598 ἐδίδαξε
1272 1555 1285 1568 ·
1321 1535 1395 1590 Τὸ
1424 1536 1482 1589 δὲ
1521 1536 1641 1606 τρὶς
1680 1532 2035 1603 βαπτίζεσθαι

447 1633 537 1685 τὸν
561 1630 849 1701 ἄνθρωπον
880 1630 1043 1684 πόθεν
1064 1646 1079 1696 ;
1103 1629 1273 1680 Ἀλλά
1297 1627 1353 1681 δὲ
1377 1627 1476 1681 ὅσα
1501 1626 1627 1695 περὶ
1647 1625 1706 1677 τὸ
1733 1622 2034 1694 βάπτισμα,

449 1719 853 1776 άποτάσσεσθαι
876 1728 952 1789 τῳ
984 1719 1193 1789 Σατανᾷ
1227 1717 1320 1770 καὶ
1344 1720 1456 1780 τοῖς
1478 1715 1731 1785 ἀγγέλοις
1752 1713 1942 1777 αὐτοῦ,
1972 1714 2040 1769 ἐκ
2065 1753 2108 1808 Β

451 1812 611 1875 ποίας
644 1811 761 1864 ἐστὶ
787 1811 1000 1881 γραφῆς
1024 1826 1037 1872 ;
1072 1809 1186 1862 Οὐκ
1211 1808 1275 1861 ἐκ
1302 1810 1400 1880 τῆς
1417 1808 1810 1880 άδημοσιεύτου
1837 1807 2038 1877 ταύτης

452 1902 548 1956 καὶ
580 1903 893 1975 ἀπορρήτου
919 1900 1289 1966 διδασκαλίας,
1313 1903 1379 1973 ἢν
1403 1902 1461 1953 ἐν
1489 1901 2038 1971 ἀπολυπραγμονήτῳ

452 1996 547 2047 καὶ
577 1993 994 2065 ἁπεριεργάστῳ
1176 1994 1298 2064 σιγῇ
1349 1994 1398 2046 οἱ
1442 1992 1675 2063 πατέρες
1713 1992 1869 2062 ἡμῶν
1910 1989 2041 2059 ἐφύ-

453 2075 637 2139 λαξαν,
672 2075 852 2139 καλῶς
904 2078 1080 2130 ἐκεῖνο
1123 2076 1515 2147 δεδιδαγμένοι,
1564 2078 1672 2131 τῶν
1722 2079 2037 2150 μυστηρίων

450 2166 511 2221 τὸ
561 2167 758 2237 σεμνὸν
971 2171 1149 2240 σιωπῇ
1201 2167 1600 2235 διασώζεσθαι;
1643 2172 1711 2224 Ἀ
1762 2170 1873 2241 γάρ
1920 2170 2041 2223 οὐδὲ

338 2256 390 2299 -'
450 2258 775 2313 ἐποπτεύειν
805 2257 984 2324 ἔξεστι
1020 2263 1135 2323 τοῖς
1165 2261 1455 2333 ἀμυήτοις,
1491 2260 1696 2315 τούτων
1735 2262 1853 2325 πῶς
1881 2260 1947 2315 ἂν
1975 2256 2042 2332 ἧν

452 2349 602 2411 εἰκὸς
632 2348 732 2420 τήν
760 2349 1107 2405 διδασκαλίαν
1135 2351 1559 2423 ἐκθριαμὸεύειν
1593 2355 1652 2407 ἐν
1681 2353 2042 2425 γράμμασιν;

454 2436 700 2510 ἢτίποτε
742 2439 1065 2511 βουλόμενος
1089 2444 1118 2495 ό
1153 2442 1327 2513 μέγας
1370 2443 1635 2514 Μωῦσῆς,
1673 2445 1736 2497 οὐ
1771 2445 1906 2497 πᾶσι
1951 2442 2048 2513 βά-

458 2545 592 2603 σιμα
618 2525 757 2589 εἶναι
790 2530 860 2587 τά
892 2531 988 2587 τοῦ
1020 2533 1166 2607 ἱεροῦ
1198 2534 1375 2587 πάντα
1423 2534 1756 2605 πεποίηκεν,
1802 2534 1916 2588 ἀλλ’
1942 2531 2048 2599 ἐξω

457 2626 557 2698 μὲν
584 2626 755 2694 ἁγίων
788 2626 985 2698 ἔστησε
1031 2625 1335 2698 περιϐόλων
1361 2627 1488 2691 τοὺς
1538 2626 1820 2697 βεϐήλους,
1854 2625 1954 2689 τὰς
1992 2624 2050 2677 δὲ

455 2715 677 2787 πρώτας
698 2716 868 2780 αὐλάς
890 2720 1002 2781 τοῖς
1034 2718 1442 2789 καθαρωτέροις
1467 2719 1639 2784 ἀνεὶς,
1662 2720 1789 2781 τοὺς
1818 2719 2050 2781 Δευῖτας

461 2810 657 2881 μόνους
689 2810 874 2876 ἀξίους
902 2811 1083 2881 ἔκρινε
1119 2810 1213 2863 τοῦ
1245 2810 1390 2864 θείου
1429 2810 1773 2881 θεραπευτάς
1796 2827 1810 2840 ο
1845 2800 2053 2879 σφάγια

457 2902 546 2967 δὲ,
596 2902 689 2954 καὶ
740 2900 1155 2967 ὁλοκαυτώσεις,
1208 2902 1301 2954 καὶ
1355 2900 1453 2972 τὴν
1498 2902 1692 2971 λοιπὴν
1742 2903 2052 2974 ίερουργίαν

457 2996 572 3057 τοῖς
605 2992 844 3063 ἱερεῦσιν
878 2992 1300 3064 ἀποκληρώσας,
1332 2992 1427 3045 ἕνα
1456 2993 1566 3045 τῶν
1608 2993 1823 3047 πάντων
1866 2993 2054 3064 ἐκκρι-

460 3102 554 3139 τον

462 3180 552 3234 διά
586 3181 810 3245 παντὸς,
836 3179 973 3235 ἀλλά
1000 3179 1143 3234 κατά
1176 3179 1304 3250 μίαν
1329 3180 1496 3250 μόνην
1522 3179 1614 3232 τοῦ
1642 3179 1892 3235 ἐνιαυτοῦ
1921 3179 2057 3250 ἠμέ-

469 3290 591 3344 ραν,
623 3273 713 3326 καὶ
736 3274 940 3345 ταύτης
965 3272 1115 3344 ὥραν
1148 3273 1352 3343 τακτὴν
1394 3273 1664 3343 εἰσιτητὸν
1708 3272 1859 3344 αὐτῷ
1887 3290 2059 3327 κατα-

469 3367 694 3436 στήσας,
716 3366 858 3419 ὢστε
883 3366 970 3420 διὰ
986 3366 1048 3419 τὸ
1072 3365 1482 3435 ἀπεξενωμένον
1510 3366 1607 3419 καὶ
1630 3365 1795 3435 ἄηθες
1821 3363 2062 3435 θαμϐού-

474 3473 633 3525 μενον
668 3456 990 3509 ἐποπτεύειν
1024 3458 1094 3509 τὰ
1112 3456 1279 3524 Ἀγια
1310 3455 1418 3508 τῶν
1452 3456 1641 3523 ἀγίων⁶
1674 3452 1732 3509 εὖ
1768 3455 1924 3518 εἰδὼς
1958 3454 2063 3508 ὑπὸ

474 3548 666 3616 σοφίας
692 3546 769 3617 τῷ
805 3546 903 3616 μὲν
938 3546 1310 3616 πεπατημένῳ
1342 3546 1435 3598 καὶ
1459 3544 1684 3598 αὐτόθεν
1713 3544 1904 3615 ληπτῷ
1928 3544 2061 3616 πρό-

472 3653 656 3706 χειρον
670 3633 836 3689 οὖσαν
860 3637 960 3706 τὴν
982 3636 1411 3706 καταφρόνησιν,
1430 3634 1508 3703 τῷ
1529 3634 1585 3686 δὲ
1613 3633 2062 3704 άνακεχωρηκότι

474 3730 569 3782 καὶ
614 3729 826 3798 σπανίῳ
857 3726 1103 3797 φυσικῶς
1154 3743 1272 3790 πως
1322 3726 1767 3796 παρεζευγμένον
1806 3726 1868 3777 τὸ
1907 3741 2066 3795 περι-

476 3820 831 3874 σπούδαστον.
858 3819 1015 3872 Κατὰ
1037 3818 1130 3871 τὸν
1152 3817 1318 3871 αὑτὸν
1340 3818 1404 3888 δὴ
1429 3818 1631 3889 τρόπον
1656 3819 1751 3871 καὶ
1773 3819 1823 3869 οἱ
1848 3815 1917 3869 τά
1939 3815 2067 3886 περὶ

474 3913 576 3978 τὰς
600 3911 929 3984 Ἑκκλησίας
1077 3910 1315 3983 ἐξαρχῆς
1328 3910 1921 3981 διαθεσμοθετήσαντες
1941 3907 2070 3961 ἀπόο

481 4006 659 4059 στολοι
684 4005 780 4058 καὶ
798 4003 1043 4074 Πατέρες
1071 4005 1128 4056 ἐν
1154 4002 1233 4073 τῷ
1260 4003 1632 4073 κεκρυμμένῳ
1658 4001 1753 4054 καὶ
1775 3999 2068 4068 ἀφθέγκτῳ

478 4098 539 4150 τὸ
573 4096 768 4165 σεμνὸν
792 4096 906 4157 τοῖς
929 4092 1251 4164 μυστηρίοις
1276 4092 1599 4162 ἐφύλασσον.
1632 4092 1767 4144 Οὐδὲ
1796 4091 1904 4162 γὰρ
1932 4089 2069 4152 ὅλως

484 4188 777 4257 μυστήριον
807 4184 870 4237 τὸ
911 4188 988 4246 εἰς
1020 4183 1119 4255 τὴν
1148 4184 1370 4255 δημώδη
1408 4185 1501 4238 καὶ
1543 4184 1756 4237 εἰκαίαν
1788 4182 1956 4253 ἀκοὴν
1983 4180 2073 4233 ἐκ·

481 4295 665 4349 φορον.
706 4273 873 4339 Οὗτος
916 4278 944 4329 ὁ
986 4277 1142 4344 λόγος
1192 4276 1293 4343 τῆς
1344 4276 1452 4329 τῶν
1508 4276 1774 4347 ἀγράφων
1833 4273 2071 4344 παραδό-

482 4386 643 4432 σεως,
670 4369 745 4429 ὡς
777 4368 851 4439 μὴ
881 4368 1354 4439 καταμεληθεῖσαν
1528 4368 1637 4420 τῶν
1659 4367 1947 4437 δογμάτων
1973 4365 2073 4437 τὴν

484 4458 688 4529 γνῶσιν
736 4458 1213 4532 εὐκαταφρόνητον
1262 4462 1376 4522 τοῖς
1424 4458 1640 4522 πολλοῖς
1687 4457 1942 4526 γενέσθαι
1986 4457 2076 4513 διὰ

486 4554 797 4623 συνήθειαν.
838 4553 1000 4605 Ἀλλο
1023 4553 1132 4623 γὰρ
1156 4552 1355 4623 δόγμα,
1393 4552 1489 4604 καὶ
1519 4550 1649 4604 ἄλλο
1675 4551 1943 4621 κήρυγμα
2000 4549 2075 4602 Τδ

490 4644 592 4715 μὲν
623 4645 734 4715 γὰρ
768 4646 1037 4699 σιωπᾶται
1075 4682 1093 4710 ,
1238 4644 1307 4698 τὰ
1352 4644 1410 4698 δὲ
1448 4643 1779 4715 κηρύγματα
1978 4640 2075 4711 δη-

493 4736 820 4807 μοσιεύεται.
854 4738 1073 4806 Σιωπῆς
1104 4736 1160 4790 δὲ
1186 4732 1326 4800 εἶδος
1352 4737 1444 4790 καὶ
1469 4738 1503 4807 ή
1527 4736 1789 4805 ἀσάφεια,
1876 4731 2079 4802 κέχρη-

488 4844 583 4881 ται
627 4830 659 4897 ή
719 4828 947 4899 Γραφὴ,
996 4826 1371 4900 δυσθεώρητον
1420 4827 1913 4891 κατασκευάζουσα
1967 4824 2077 4878 τῶν

490 4919 777 4991 δογμάτων
809 4922 899 4975 τὸν
930 4920 1056 4976 νοῦν
1088 4921 1225 4993 πρὸς
1264 4921 1326 4973 τὸ
1371 4922 1481 4975 τῶν
1513 4921 1952 4992 ἐντυγχανόντων
1988 4919 2081 4971 λυ·-

495 5012 703 5076 σιτελές
758 5012 959 5065 Τούτου
991 5013 1149 5084 χάριν
1183 5013 1387 5075 πάντες
1423 5013 1524 5082 μὲν
1556 5012 1774 5085 ὁρῶμεν
1804 5012 1927 5066 κατ’
1953 5010 2082 5065 ἀνα-

496 5107 654 5170 τολὰς
684 5107 776 5159 ἐπὶ
802 5107 912 5159 τῶν
964 5106 1312 5179 προσευχῶνο
1344 5105 1515 5174 όνλίγοι
1553 5106 1611 5158 δέ
1658 5107 1837 5176 ἴσμεν,
1868 5105 1951 5158 ὅτι
1982 5102 2082 5173 τὴν

500 5210 740 5281 ἀρχαίαν
771 5202 1139 5273 ἐπιζητοῦμεν
1173 5198 1431 5270 πατρίδα,
1482 5196 1576 5249 τὸν
1610 5194 1970 5266 παράδεισον,
2017 5191 2079 5245 ὃν

502 5303 799 5369 ἐφύτευσεν
849 5300 879 5350 ὀ
910 5297 1043 5358 Θεὸς
1095 5297 1153 5348 ἐν
1175 5293 1340 5363 Ἐδέμ
1391 5292 1510 5343 κατ’
1558 5285 1844 5350 ἀνατολάς.
1887 5282 2076 5354 Ὀρθοὶ

506 5393 607 5460 μὲν
637 5388 957 5457 πληροῦμεν
985 5386 1083 5450 τὰς
1118 5385 1282 5455 εὐχάς
1314 5385 1369 5435 ἐν
1398 5383 1466 5451 τῇ
1505 5380 1606 5451 μιᾷ
1632 5377 1730 5431 τοῦ
1761 5376 2072 5430 Σαϐὁάτουο

506 5484 600 5536 τὸν
628 5482 687 5533 δέ
717 5480 875 5547 λόγον
912 5479 976 5531 οὐ
1003 5464 1207 5539 πάντες
1260 5473 1509 5542 οἴδαμεν.
1553 5472 1629 5524 Οὐ
1660 5469 1767 5539 γὰρ
1814 5468 1976 5538 μόνον
2005 5466 2081 5529 ὼς

508 5570 941 5634 συναναστάντες
956 5566 1195 5639 Χριστῷ,
1218 5566 1308 5619 καὶ
1328 5565 1398 5618 τὰ
1414 5564 1527 5619 ἀνω
1548 5564 1733 5633 ζητεῖν
1752 5561 2085 5632 ὀφείλοντες,

2128 531 2287 601 panis
2459 530 2821 586 Eucliaristia:
2866 539 2922 585 et
2979 530 3238 600 poculum
3280 529 3704 593 benedictionis,

2128 622 2251 692 quis
2266 629 2597 676 'sanctorum
2631 623 2685 675 in
2717 622 2925 691 scripto
2957 623 3115 678 nobis
3136 622 3388 692 reliquit?
3424 621 3533 678 Nec
3559 623 3704 677 enim

2128 713 2214 768 his
2259 713 2504 767 contenti
2540 728 2755 779 sumus,
2792 729 2915 783 qua:
2967 723 3363 769 commemorat
3404 716 3705 783 Apostolus

2126 816 2220 859 aut
2257 805 2633 877 Evangelium,
2665 822 2853 861 verum
2884 807 2991 860 alia
3022 822 3241 876 quoque
3263 816 3316 861 et
3343 817 3471 862 ante
3500 818 3552 862 ct
3584 816 3709 877 post

2126 896 2386 961 dicimus,
2440 904 2703 967 tanquam
2751 899 2984 951 multum
3022 898 3277 951 habentia
3329 899 3594 952 momenti
3638 896 3709 950 ad

2127 986 2477 1058 mysterium,
2510 1002 2633 1056 qua:
2658 1003 2726 1042 ex
2758 988 3056 1041 traditione
3099 1003 3209 1041 non
3248 988 3455 1057 scripta
3490 986 3710 1057 accepi-

2128 1094 2272 1135 mus.
2307 1078 2695 1135 Benedicimus
2728 1088 2911 1136 autem
2942 1090 2996 1135 et
3031 1096 3227 1151 aquam
3261 1081 3627 1150 baptismatis,
3653 1088 3709 1135 et

2128 1169 2309 1225 oleum
2352 1170 2651 1233 unctionis,
2692 1171 2802 1226 imo
2829 1172 3008 1242 ipsum
3037 1174 3203 1226 etiam
3244 1172 3335 1241 qui
3375 1171 3707 1241 baptismum

2131 1261 2349 1329 accipit.
2385 1259 2463 1314 Ex
2492 1261 2702 1330 quibus
2731 1262 2992 1332 scriptis?
3028 1260 3222 1316 Nonne
3260 1277 3290 1314 a
3319 1263 3484 1315 tacita
3526 1277 3711 1318 secre-

2132 1360 2295 1421 taque
2329 1353 2665 1409 traditione?
2702 1353 2878 1424 Ipsam
2915 1368 3042 1407 vero
3071 1352 3175 1408 olei
3206 1352 3548 1416 unctionem,
3582 1354 3710 1423 quis

2131 1458 2314 1500 sermo
2365 1446 2571 1515 scripto
2602 1445 2851 1515 proditus
2899 1444 3128 1499 docuit?
3159 1441 3279 1497 Jam
3331 1450 3414 1498 ter
3462 1442 3711 1512 immergi

2134 1534 2433 1600 hominem,
2466 1536 2611 1591 unde
2642 1536 2937 1591 haustum?
2970 1534 3198 1605 Reliqua
3228 1544 3408 1589 autem
3433 1550 3554 1603 quae
3579 1535 3715 1588 ﬁunt

2135 1627 2191 1683 in
2237 1626 2534 1697 baptismo,
2568 1626 2734 1681 veluti
2782 1626 3101 1682 renuntiare
3147 1624 3365 1679 Satanae
3416 1634 3471 1680 et
3505 1624 3717 1695 angelis

2133 1718 2274 1788 ejus,
2307 1734 2373 1772 ex
2398 1734 2507 1787 qua
2532 1719 2807 1787 scripturi
2836 1715 3147 1772 habemus?
3177 1714 3370 1771 Nonne
3402 1732 3467 1770 ex
3492 1716 3717 1769 minime

2135 1810 2416 1880 publicata
2446 1817 2501 1863 et
2528 1824 2731 1864 arcana
2754 1816 2858 1864 hac
2889 1808 3166 1871 doctrina,
3200 1823 3365 1878 quam
3404 1815 3589 1878 patres
3618 1822 3720 1862 no-

2135 1900 2236 1956 stri
2275 1901 2492 1956 silentio
2522 1900 2711 1970 quieto
2748 1900 3081 1970 minimeque
3112 1901 3336 1955 curioso
3391 1898 3721 1956 servarunt?

2136 1992 2350 2061 Quippe
2387 1993 2523 2048 illud
2557 1993 2726 2063 probe
2763 1992 3089 2057 didicerant,
3142 1994 3529 2064 mysteriorum
3565 2007 3716 2046 reve-

2144 2082 2377 2135 rentiam
2408 2082 2630 2139 silentio
2671 2084 3012 2138 conservari.
3041 2082 3178 2137 Nam
3209 2098 3334 2152 quae
3383 2097 3485 2138 nec
3521 2081 3720 2135 intueri

2142 2168 2226 2226 fas
2257 2180 2342 2228 est
2386 2188 2495 2228 non
2551 2173 2930 2245 initiatis,.qui
2981 2174 3340 2230 conveniebat
3386 2172 3585 2228 borum
3628 2170 3726 2226 do-

2142 2265 2383 2321 ctrinam
2415 2265 2640 2335 scriptis
2666 2266 2923 2337 vulgari?
2946 2275 3041 2321 aut
3070 2266 3205 2336 quid
3238 2264 3459 2321 tandem
3492 2263 3599 2320 sibi
3631 2279 3728 2319 vc-

2143 2358 2247 2412 luit
2277 2372 2511 2428 magnus
2546 2359 2637 2413 ille
2677 2357 2910 2429 Moyses,
2944 2360 3036 2429 qui
3073 2372 3182 2413 non
3206 2357 3391 2413 omnia
3416 2372 3538 2426 qua:
3569 2366 3728 2411 erant

2145 2450 2201 2505 in
2265 2450 2473 2519 templo
2535 2464 2731 2519 passus
2779 2450 2853 2506 sit
2921 2450 3181 2506 omnibus
3248 2464 3373 2505 esse
3434 2449 3619 2518 pervia
3667 2448 3731 2501 ‘?

2146 2539 2244 2595 sed
2290 2538 2551 2608 profanos
2599 2550 2757 2594 extra
2808 2553 3003 2593 sacros
3051 2538 3327 2593 cancellos
3382 2538 3614 2596 statuit;
3665 2550 3732 2589 ac

2148 2630 2331 2699 priora
2366 2629 2586 2699 quidem
2617 2630 2759 2682 atria
2790 2627 3108 2699 purioribus
3130 2627 3480 2697 permittens,
3512 2623 3731 2679 Levitas

2149 2722 2300 2777 solos
2327 2720 2523 2791 dignos
2548 2721 2764 2775 censuit
2795 2719 3042 2775 numinis
3083 2718 3390 2774 ministerio
3426 2722 3445 2750 ²
3482 2735 3495 2772 :
3523 2720 3734 2770 macta-

2151 2811 2333 2866 tiones
2380 2818 2564 2864 autem
2622 2810 3238 2877 holocautomatumque
3286 2806 3629 2870 oblationes,
3679 2810 3734 2858 et

2153 2903 2365 2973 reliqua
2396 2917 2519 2972 qua!
2551 2901 2620 2956 ad
2651 2916 2764 2957 rem
2800 2914 3013 2957 sacram
3049 2900 3323 2969 pertinent
3352 2896 3736 2954 sacerdotibus

2154 2994 2460 3066 assignavit
2500 2998 2521 3029 ³
2549 3011 2566 3061 ;
2604 3001 2770 3064 atque
2792 3007 2963 3047 unum
2996 3006 3062 3045 ex
3092 2990 3351 3046 omnibus
3386 2989 3651 3045 selectum
3682 2986 3739 3039 in

736 3088 817 3150 είς
846 3086 915 3140 τά
946 3087 1116 3141 ἄδυτα
1148 3086 1515 3159 παραδέχεται
1534 3101 1548 3114 °
1596 3088 1689 3139 καὶ
1714 3085 1836 3140 οὐδὲ
1866 3086 2055 3141 τοῦτον

2156 3082 2318 3154 adyta
2362 3081 2589 3138 admisit
2625 3083 2767 3148 κει
2814 3095 2883 3136 ne
2914 3080 3063 3135 hunc
3102 3077 3323 3149 quidem
3356 3092 3594 3147 semper,
3639 3073 3739 3129 sed

2158 3190 2270 3229 uno
2312 3181 2525 3230 tantum
2572 3173 2661 3230 die
2711 3173 3052 3244 quotannis:
3105 3172 3240 3243 quin
3293 3178 3348 3226 et
3424 3169 3590 3238 bujus
3633 3166 3743 3222 diei

2159 3275 2368 3324 certam
2421 3267 2615 3323 horam
2665 3283 2774 3338 qua
2822 3266 2904 3321 l'as
2955 3274 3103 3321 esset
3137 3263 3371 3335 ingredi,
3421 3260 3742 3333 praestituit,

2161 3376 2273 3431 quo
2320 3367 2546 3430 propter
2583 3360 2884 3414 novitatem
2934 3363 2989 3412 et
3018 3355 3396 3423 insolentiam,
3444 3369 3569 3409 cum
3619 3360 3742 3414 stu-

2163 3466 2295 3520 pore
2322 3452 2632 3506 intueretur
2667 3450 2869 3506 Saucta
2900 3456 3220 3506 sanctorum
3262 3455 3282 3487 ι
3318 3446 3528 3517 :probe
3563 3444 3749 3500 sciens

2165 3558 2266 3613 pro
2305 3557 2404 3597 sua
2448 3543 2741 3613 sapientia,
2779 3557 2870 3597 res
2914 3556 3020 3595 usu
3054 3541 3214 3594 tritas
3244 3548 3297 3593 et
3327 3554 3393 3593 ex
3441 3552 3503 3592 se
3534 3534 3750 3595 obvias,

2163 3633 2448 3703 expositas
2478 3648 2601 3690 esse
2637 3632 2980 3701 contemptui
3010 3649 3023 3685 :
3060 3632 3226 3686 rebus
3268 3643 3402 3685 vero
3435 3642 3559 3697 qua:
3593 3640 3755 3693 sepo—

2166 3726 2284 3778 sita:
2323 3732 2453 3780 sunt
2493 3738 2557 3777 ac
2604 3737 2742 3777 rarae
2799 3722 3206 3791 quodammodo
3257 3719 3585 3773 naturaliter
3628 3730 3761 3771 con-

2160 3817 2411 3886 junctam
2441 3830 2564 3871 esse
2610 3828 2883 3871 summam
2935 3812 3353 3868 admirationem
3389 3825 3453 3863 ac
3482 3807 3752 3863 studium.

2172 3909 2251 3962 Ad
2291 3907 2544 3961 eumdem
2577 3905 2827 3976 profecto
2857 3906 3104 3968 modum,
3144 3911 3197 3959 et
3231 3901 3325 3971 qui
3377 3899 3535 3954 initio
3568 3906 3756 3952 certos

2170 4001 2611 4058 Ecclesiae.ritus
2652 3998 3118 4070 praescripserunt
3163 3992 3400 4063 apostoli
3451 3999 3505 4045 et
3541 3990 3756 4051 Patres,

2171 4096 2225 4149 in
2281 4093 2503 4149 occulto
2552 4091 2885 4160 silentioque
2936 4087 3217 4155 mysteriis
3261 4099 3417 4138 suam
3468 4094 3761 4136 servavere

2171 4188 2517 4258 dignitatem.
2572 4182 2759 4254 Neque
2811 4182 2958 4237 enim
3006 4180 3234 4235 omnino
3288 4174 3611 4247 mysterium
3654 4179 3760 4235 est,

2172 4279 2321 4351 quod
2388 4278 2455 4334 ad
2518 4279 2815 4348 populares
2870 4289 2934 4328 ac
2990 4274 3248 4344 vulgares
3296 4283 3457 4323 aures
3515 4264 3761 4321 effertur.

2175 4372 2300 4427 llazc
2346 4376 2433 4425 est
2460 4370 2622 4432 ratio,
2676 4383 2778 4423 cur
2806 4366 3058 4438 quaedam
3111 4364 3250 4419 citra
3292 4360 3558 4429 scriptum
3593 4352 3769 4408 tradi-

2175 4473 2231 4520 ta
2270 4464 2422 4524 sint.
2468 4477 2538 4517 ne
2581 4461 2903 4532 dogmatum
2958 4456 3154 4512 notitia
3200 4454 3448 4524 neglecta
3476 4488 3492 4514 ,
3544 4452 3769 4517 pr0pter

2175 4553 2589 4613 assuetudinem
2634 4554 2799 4622 vulgo
2829 4550 3043 4605 veniret
3083 4548 3137 4601 in
3172 4550 3571 4613 contemptum.
3603 4534 3769 4592 Aliud

2177 4646 2373 4717 utique
2398 4652 2482 4700 est
2526 4642 2747 4713 dogma,
2783 4640 2933 4695 aliud
2964 4636 3302 4709 praedicatio.
3340 4633 3476 4687 Nam
3510 4631 3769 4699 dogmata

2180 4737 2438 4797 silentur,
2488 4731 2912 4804 praedicationes
2956 4742 3088 4783 vero
3138 4724 3511 4795 publicantur.
3549 4718 3647 4774 Est
3678 4731 3775 4769 au-

2183 4836 2292 4883 tem
2323 4825 2529 4881 silentii
2576 4823 2791 4900 species
2846 4822 3013 4877 etiam
3064 4817 3382 4873 obscuritas
3434 4830 3545 4885 qua
3595 4811 3773 4868 utitur

2188 4918 2495 4989 Scriptura,
2657 4913 2939 4968 intellectu
2972 4910 3247 4966 diﬂicilem
3274 4905 3508 4964 reddens
3539 4904 3773 4973 dogma-

2188 5022 2302 5066 tum
2355 5005 2709 5071 sententiam,
2770 5004 2937 5075 idque
2995 5002 3064 5058 ad
3117 5001 3410 5073 legentium
3459 4998 3773 5053 utilitatem.

2192 5101 2345 5155 Hanc
2378 5096 2450 5153 ob
2486 5109 2711 5151 causam
2759 5108 2953 5149 omnes
3005 5099 3325 5163 spectamus
3356 5087 3423 5144 ad
3484 5085 3776 5144 orientem,

2190 5204 2316 5245 cum
2381 5200 2689 5257 precamur,
2726 5181 2886 5254 pauci
2942 5192 3123 5239 tamen
3182 5182 3457 5246 novimus,
3513 5178 3663 5250 quod
3712 5177 3767 5233 id

2190 5282 2456 5339 facientes
2511 5280 2792 5350 antiquam
2831 5275 3160 5347 requirimus
3190 5275 3422 5345 patriam
3447 5312 3462 5337 ,
3509 5269 3765 5325 videlicet

2188 5375 2701 5446 paradisum,un
2735 5372 2997 5441 plantavit
3026 5371 3169 5427 Deus
3208 5371 3263 5423 in
3293 5368 3441 5422 Edeu
3473 5366 3541 5420 ad
3582 5363 3767 5419 orien-

2189 5477 2300 5521 tem
2334 5469 2370 5518 ⁸.
2431 5465 2613 5521 Erecti
2669 5465 2854 5519 itidem
2895 5464 3207 5533 perﬁcitnus
3247 5457 3664 5529 deprecatioaes
3709 5455 3764 5507 in

2194 5574 2302 5613 una
2357 5557 2604 5621 Sabbati,
2658 5557 2753 5612 sed
2809 5556 3077 5609 rationem
3111 5566 3220 5606 non
3256 5564 3448 5605 omnes
3493 5547 3769 5601 novimus.

578 5764 591 5793 '
624 5761 782 5816 Num.
820 5776 888 5823 ir,
927 5758 1016 5811 20.
1092 5760 1111 5789 ¹
1144 5755 1306 5812 Num.
1351 5767 1505 5817 xvut,
1554 5750 1646 5817 2|,
1677 5747 1766 5804 22.
1850 5751 1866 5779 ³
1908 5748 2037 5805 ibid.
2074 5748 2122 5802 7.
2205 5748 2223 5777 ³
2260 5746 2431 5803 Exod.
2480 5704 2622 5813 Ixxx,
2675 5744 2776 5833 .10.
2851 5744 2872 5776 ⁸
2906 5740 3219 5810 Levit.xvt,
3248 5740 3302 5795 2.
3383 5740 3403 5773 '
3434 5738 3570 5797 Gen.
3609 5748 3671 5805 tt,
3704 5734 3762 5794 8.
