4082 6424
321 313 429 378 795

1563 313 1878 376 EUTIIYM
1891 314 1945 373 ll
1990 314 2161 374 ΖΠΗ
2177 307 2352 375 BEN!

3489 321 3595 386 7T6

330 455 452 511 Non
483 456 630 512 enim
673 458 851 513 solum
895 456 1040 527 quod
1095 456 1257 510 veluti
1309 455 1473 511 simul
1521 469 1645 510 cum
1685 455 1901 510 Christo

2006 458 2064 510 ἐν
2092 461 2158 528 τῇ
2193 457 2546 528 ἀναστασίμῳ
2585 460 2767 532 ἡμέρᾳ
2795 459 2894 531 τῆς
2936 459 3226 530 δεδομένης
3255 463 3386 533 ἡμῖν
3432 463 3583 535 χάρι·

331 550 670 615 resuscitati,
701 566 822 620 quae
864 565 1081 605 sursum
1127 556 1257 603 sunt
1301 563 1546 618 quaerere
1589 547 1904 612 debeamus,

333 640 389 693 in
453 639 542 695 die
600 642 1020 696 resurrectionis
1071 639 1212 693 datae
1265 639 1424 696 nobis
1476 639 1665 709 gratiae
1707 639 1906 694 stando

334 743 623 802 precantes
655 733 1020 802 nosmetipsos
1062 732 1606 798 commonefacimus,
1638 731 1733 787 sed
1761 733 1905 802 quod

334 823 382 876 is
411 823 529 877 dies
561 824 810 877 rideatur
837 823 1019 893 aliquo
1048 824 1210 878 modo
1236 824 1413 895 imago
1446 823 1660 879 venturi
1693 825 1902 878 smeuli.

333 915 517 985 quue.
549 932 672 970 cum
723 917 794 970 sit
837 917 1167 986 principium
1212 915 1445 983 dierum,
1491 933 1601 972 non
1633 918 1845 986 primus
1874 931 1903 969 a

333 1008 536 1078 Moyse,
561 1009 656 1063 sed
687 1025 828 1064 unus
853 1011 1159 1079 appellatus
1182 1019 1287 1065 est.
1318 1007 1492 1062 Facta
1521 1016 1599 1063 est
1631 1010 1792 1072 enim,
1819 1009 1905 1063 in-

329 1099 469 1168 quit,
523 1114 752 1167 vespera,
786 1109 836 1152 et
875 1099 1077 1168 factum
1111 1111 1188 1154 est
1228 1116 1414 1164 mane,
1469 1099 1580 1154 dies
1633 1115 1770 1184 unus
1822 1108 1836 1138 ¹
1882 1116 1898 1152 :

328 1201 588 1262 tanquam
633 1192 727 1262 qui
771 1208 912 1262 saepe
956 1201 1220 1247 recurrat.
1249 1192 1422 1262 Igitur
1457 1208 1602 1248 unus
1643 1197 1729 1247 est
1759 1190 1903 1246 idem

327 1290 384 1337 et
435 1291 700 1346 octavus,
753 1299 922 1336 unum
975 1283 1126 1338 illum
1199 1283 1530 1354 singularem
1584 1298 1649 1339 ac
1708 1299 1900 1339 verum

327 1384 605 1438 octavum,
636 1375 797 1445 cujus
826 1383 879 1429 et
904 1374 1195 1430 Psalmista
1225 1375 1280 1430 in
1311 1375 1638 1446 quibusdam
1664 1375 1906 1431 Psalmo-

327 1481 450 1520 rum
487 1453 940 1538 inscriptionibus
983 1467 1233 1522 meminit
1263 1473 1309 1532 ³,
1343 1483 1441 1539 per
1472 1483 1532 1523 se
1563 1468 1902 1539 significans,

327 1567 532 1614 statum
605 1559 857 1614 videlicet
908 1560 1014 1614 hoc
1071 1569 1287 1628 tempus
1349 1567 1701 1623 secuturum,
1761 1558 1905 1613 diem

329 1666 440 1704 non
467 1649 795 1715 desiturum,
832 1666 1070 1719 vesperae
1117 1651 1388 1714 nescium,
1435 1650 1775 1705 successoris
1811 1665 1907 1705 ex-

2005 564 2094 612 τος
2137 548 2224 601 διὰ
2267 547 2546 618 τῆςηκατά
2582 549 2680 618 τὴν
2719 551 3026 621 προσευχήν
3067 553 3308 616 στάσεως
3356 555 3580 618 ἑαυτοὺς

2005 639 2529 710 ὑπομιμνήσκομενο
2567 640 2681 693 ἀλλ’
2714 641 2797 694 ὅτι
2846 640 2993 694 δοκεῖ
3038 659 3154 706 πως
3204 643 3298 696 τοῦ
3352 644 3582 715 προσδο-

2004 731 2250 801 κωμένου
2281 731 2475 795 αἰῶνος
2502 727 2637 784 εἶναι
2663 731 2844 788 εἰκών.
2881 733 2972 785 Διὸ
2999 735 3094 786 καὶ
3117 733 3258 805 ἀρχὴ
3284 731 3418 787 οὖσα
3449 736 3582 805 ὴμεο

2008 822 2138 895 ρῶν,
2169 823 2290 893 οὐχὶ
2323 824 2514 895 πρώτη
2553 823 2704 894 παρά
2732 824 3034 887 Μωῦσέως,
3070 825 3206 877 ἀλλά
3234 827 3331 894 μία
3363 825 3578 895 ὠνόμα-

2008 931 2148 967 σται.
2213 913 2474 982 Ἐγένετο
2519 915 2661 984 γὰρ,
2698 914 2884 984 φησιν,
2917 915 3164 982 ἑσπέρα,
3200 915 3299 968 καί
3343 915 3579 984 ἐγένετο

2006 1007 2156 1074 πρωϊ
2176 1045 2191 1070 ,
2241 1005 2429 1075 ἡμέρα
2452 1007 2562 1075 μία
2583 1023 2598 1037 ο
2634 1007 2708 1070 ὡς
2741 1006 2839 1076 τῆς
2883 1007 3051 1077 αὐτῆς
3099 1008 3579 1080 ἀνακυκλουμένης

2005 1095 2285 1158 πολλάκις.
2321 1096 2431 1148 Καὶ
2471 1094 2568 1165 μία
2616 1096 2794 1150 τοίνυν
2836 1096 2870 1168 ή
2914 1096 3052 1167 αὐτὴ
3076 1136 3090 1159 ,
3121 1099 3214 1150 καὶ
3250 1097 3412 1167 ὀγδόη
3436 1137 3450 1160 ,
3483 1097 3579 1168 τὴν

2007 1186 2138 1257 μίαν
2179 1187 2346 1252 ὅντως
2391 1187 2608 1260 ἐκείνην
2637 1189 2728 1241 καὶ
2771 1188 3030 1260 ἀληθινὴν
3060 1189 3275 1261 ὀγδόην,
3304 1185 3372 1259 ἦς
3416 1191 3511 1243 καὶ
3549 1190 3578 1242 ὁ

2000 1277 2305 1351 ’Ψαλμῳδὸς
2336 1281 2393 1335 ἐν
2430 1299 2571 1334 τισιν
2595 1283 2928 1352 ἐπιγραφαῖς
2947 1282 3055 1336 τῶν
3076 1283 3302 1354 ψαλμῶν
3339 1284 3581 1352 ἐπεμνη-

2009 1371 2132 1440 σθη,
2159 1371 2226 1426 δι’
2269 1373 2469 1443 ἐαυτῆς
2510 1375 2882 1444 ἐμφανίζουσα
2904 1413 2918 1438 ,
2947 1374 3045 1446 τὴν
3089 1374 3227 1445 μετά
3264 1374 3355 1427 τὸν
3390 1375 3578 1445 χρόνον

2003 1465 2192 1518 τοῦτον
2233 1465 2586 1531 κατάστασιν,
2622 1467 2721 1539 τὴν
2766 1467 3043 1521 ἄπαυστον
3085 1467 3320 1538 ἡμέραν,
3349 1466 3446 1538 τὴν
3484 1469 3578 1522 dv-

2005 1558 2270 1628 έσπερον,
2325 1558 2424 1630 τὴν
2474 1559 2788 1628 ἀδιάδοχον,
2836 1559 2928 1612 τὸν
2969 1557 3200 1629 ἄληκτον
3243 1560 3450 1612 ἐκεῖνον
3484 1559 3578 1610 καὶ

2005 1647 2197 1718 ἀγήρω
2217 1647 2404 1701 αἰῶνα.
2445 1649 2784 1717 Ἀναγκαίως
2803 1643 2893 1701 οὖν
2914 1649 3012 1712 τὰς
3031 1650 3087 1701 ἐν
3109 1649 3243 1719 αὐτῇ
3269 1649 3579 1719 προσευχὰς

327 1751 562 1812 pertem.
593 1759 765 1796 arvum
823 1742 955 1796 illud
998 1758 1278 1811 nunquam
1327 1742 1623 1797 finiendum
1659 1757 1761 1796 nec
1803 1759 1901 1796 un-

2005 1736 2246 1799 ἑστῶτας
2284 1737 2634 1808 ἀποπληροῦν
2657 1739 2782 1801 τοὺς
2816 1738 3013 1808 ἑαυτῆς
3041 1739 3343 1808 τροφίμους
3375 1739 3407 1808 ή
3457 1738 3578 1790 Ἑκ-

328 1850 494 1905 quam
537 1848 847 1889 senescens.
887 1833 1213 1887 Necessario
1243 1833 1412 1905 igitur
1451 1833 1504 1887 in
1551 1834 1655 1889 hoc
1694 1834 1781 1889 die
1813 1834 1905 1890 Ec-

325 1927 498 1982 clesia
539 1942 668 1980 suos
709 1927 959 1981 alumnos
1013 1925 1212 1990 docet,
1264 1940 1459 1994 preces
1519 1941 1649 1980 suas
1706 1925 1904 1981 stando

327 2017 652 2078 absolvere,
697 2024 758 2070 ut
812 2017 1036 2071 assidua
1084 2017 1516 2072 commonitione
1567 2018 1690 2072 vitae
1751 2017 1902 2072 illius

328 2117 610 2171 nunquam
645 2102 923 2166 desiturte,
959 2118 1070 2158 non
1101 2103 1442 2174 negligamus
1477 2105 1542 2159 ad
1573 2121 1694 2160 eam
1735 2106 1904 2162 demi-

327 2196 629 2265 grationem
681 2209 879 2265 parare
914 2195 1197 2250 viaticum.
1250 2195 1393 2262 Quin
1443 2204 1500 2252 et
1546 2204 1721 2253 totum
1767 2198 1903 2254 illud

327 2285 727 2356 quinquaginta
778 2285 990 2341 dierum
1031 2295 1248 2357 tempus
1272 2289 1575 2344 admonitio
1603 2299 1688 2345 est
1718 2305 1900 2346 resur-

325 2378 626 2443 rectionis,
679 2393 841 2447 quam
907 2377 963 2433 in
1014 2381 1188 2435 altero
1229 2381 1428 2435 saeculo
1495 2389 1898 2452 exspectamus.

325 2467 462 2522 Nam
495 2486 640 2525 unus
668 2471 760 2526 ille
790 2479 844 2525 et
870 2470 1080 2540 primus
1106 2471 1224 2527 dies
1251 2472 1454 2541 septies
1484 2473 1900 2544 multiplicatus,

324 2567 533 2630 septem
580 2575 750 2615 sacrae
805 2559 1158 2616 Pentecostes
1217 2561 1592 2618 hebdomadas
1643 2564 1897 2620 absolvit.

323 2651 369 2705 A
415 2653 590 2721 primo
625 2652 768 2706 enim
812 2653 1099 2721 incipiens,
1138 2651 1194 2705 in
1242 2651 1492 2707 eumdem
1535 2653 1757 2716 desinit,
1799 2670 1897 2724 per

325 2742 554 2804 similes,
587 2741 678 2810 qui
729 2741 782 2794 in
832 2741 1010 2796 medio
1055 2741 1423 2802 intercedunt,
1471 2741 1588 2796 dies
1636 2743 1900 2812 quinqua-

325 2834 442 2903 gies
483 2833 754 2887 evolutus.
833 2829 986 2886 Unde
1029 2839 1085 2886 et
1135 2831 1499 2886 aeternitatem
1542 2831 1903 2890 similitudine

327 2925 519 2988 refert,
555 2923 684 2978 dum
715 2922 864 2977 velut
907 2924 962 2977 in
997 2933 1145 2976 motu
1178 2923 1460 2987 circulari,
1491 2923 1559 2978 ab
1585 2924 1780 2980 iisdem
1810 2942 1904 2981 or-

327 3031 424 3070 sus
457 3014 628 3084 signis
678 3015 734 3066 in
769 3012 957 3067 eadem
987 3012 1211 3068 desinit.
1247 3012 1370 3080 Quo
1411 3014 1466 3068 in
1510 3014 1620 3081 die,
1651 3018 1902 3089 corporis

2002 1827 2202 1898 κλησία
2227 1827 2490 1893 παιδεύει,
2524 1829 2609 1882 ἵνα
2641 1830 2706 1898 τῇ
2750 1831 2960 1897 συνεχεῖ
2991 1828 3294 1900 ὑπομνήσει
3323 1829 3422 1899 τῆς
3453 1831 3577 1882 ἀτε-

2001 1918 2259 1990 λευτήτου
2305 1917 2454 1988 ζωῆς
2499 1918 2605 1971 τῶν
2658 1917 2796 1988 πρὸς
2836 1918 2935 1990 τήν
2985 1919 3315 1989 μετάστασιν
3359 1919 3576 1989 ἐκείνην

1999 2011 2228 2080 ἐφοδίων
2276 2011 2351 2081 μὴ
2397 2009 2708 2081 ἀμελῶμεν.
2744 2009 2855 2064 Καὶ
2897 2010 3044 2062 πᾶσα
3075 2009 3132 2063 δὲ
3167 2010 3200 2081 ή
3234 2009 3576 2082 πεντηκοστὴ

2000 2100 2101 2171 τῆς
2145 2101 2202 2153 ἐν
2243 2100 2320 2171 τῷ
2358 2099 2514 2155 αἰῶνι
2720 2098 3178 2171 προσδοκωμένης
3229 2100 3577 2164 ἀναστάσεὼς

2001 2191 2150 2246 ἐστιν
2203 2192 2518 2264 ὑπόμνημα.
2571 2193 2636 2246 Ἦ
2691 2191 2800 2264 γὰρ
2858 2191 2958 2261 μία
3001 2190 3183 2263 ἐκείνη
3235 2192 3330 2245 καὶ
3383 2192 3575 2263 πρώτη

2001 2284 2217 2356 ήμέρα,
2260 2283 2488 2348 ἑπτάκις
2528 2282 3100 2348 ἐπταπλασιασθεῖσα,
3149 2283 3247 2346 τὰς
3295 2283 3434 2336 ἑπτὰ
3478 2283 3577 2356 τῆς
3655 2283 3664 2291 ’

2004 2379 2154 2450 ἱερᾶς
2189 2379 2559 2450 πεντηκοστῆς
2589 2378 2887 2448 ἑϐδομάδας
2916 2376 3185 2431 ἀποτελεῖ.
3231 2377 3325 2430 Ἐκ
3354 2375 3576 2447 πρώτης

2002 2468 2110 2539 γὰρ
2142 2469 2439 2540 ἀρχομένη,
2475 2470 2555 2532 είς
2587 2467 2685 2539 τὴν
2715 2468 2884 2538 αὐτὴν
2917 2468 3242 2539 καταλήγει,
3278 2468 3345 2521 δι’
3376 2468 3578 2539 ὁμοίων

2001 2559 2110 2612 τῶν
2151 2561 2208 2612 ἐν
2253 2559 2332 2630 τῷ
2380 2559 2530 2630 μέσῳ
2563 2557 2939 2629 ἐξελιττομένη
2990 2558 3435 2628 πεντηκοντάκις.
3485 2557 3578 2610 Διὸ

2003 2655 2098 2706 καὶ
2125 2653 2296 2707 αἰῶνα
2472 2654 2718 2723 μιμεῖται
2745 2655 2812 2722 τῇ
2840 2651 3140 2722 ὁμοιότητι,
3177 2651 3364 2724 ὥσπερ
3397 2652 3454 2704 ὲν
3482 2667 3575 2704 κυ-

2003 2753 2163 2823 κλικῇ
2207 2752 2418 2823 κινήσει
2467 2751 2574 2804 ἀπὸ
2617 2749 2726 2802 τῶν
2764 2750 2944 2802 αὐτῶν
2989 2748 3266 2820 ἀρχομένη
3313 2746 3574 2819 σημείων,

2002 2847 2097 2901 καί
2125 2849 2204 2909 είς
2233 2846 2301 2898 τά
2327 2845 2466 2899 αὐτά
2494 2843 2896 2914 καταλήγουσα.
2942 2843 3029 2895 Ἐν
3103 2843 3163 2896 τὸ
3187 2841 3370 2913 ὄρθιον
3396 2843 3580 2913 σχῆμα

2000 2937 2099 3008 τῆς
2134 2935 2443 3008 προσευχῆς
2488 2936 2758 3005 προτιμᾷν
2787 2936 2834 2986 οἱ
2869 2933 3062 3003 θεσμοὶ
3097 2934 3197 3003 τῆς
3255 2931 3579 3002 Ἐκκλησίας

2002 3029 2148 3097 ἡμᾶς
2190 3027 2609 3093 ἐξεπαίδευσαν,
2657 3027 2719 3078 ἐκ
2763 3025 2863 3094 τῆς
2902 3023 3166 3094 ἐναργοῦς
3217 3023 3576 3091 ὑπομνήσεως

325 3113 511 3160 erecto
560 3106 748 3160 habitu
794 3104 1006 3176 precari
1059 3105 1243 3174 potius
1291 3120 1394 3160 nos
1448 3105 1708 3162 Ecclesiae
1760 3109 1901 3167 ritus

2001 3121 2161 3173 οἱονεὶ
2203 3120 2596 3190 μετοικίζοντες
2620 3117 2776 3190 ἡμῶν
2813 3117 2902 3170 τὸν
2935 3116 3059 3169 νοῦν
3093 3114 3202 3168 ἀπὸ
3228 3113 3338 3166 τῶν
3375 3111 3578 3182 παρόν-

326 3201 650 3260 docuerunt,
699 3198 955 3252 nimirum
1007 3212 1105 3267 per
1154 3197 1464 3252 evidentem
1511 3202 1901 3255 commonitio-

327 3306 450 3344 nem
475 3291 638 3360 quasi
662 3289 1057 3344 transferentes
1075 3298 1310 3345 mentem
1334 3300 1580 3346 nostram
1605 3307 1635 3346 a
1670 3308 1903 3362 prtesen-

327 3383 474 3436 tihus
506 3381 571 3435 ad
614 3381 816 3435 futura.
835 3380 1063 3452 Insuper
1088 3391 1142 3437 et
1170 3383 1386 3452 quoties
1412 3398 1589 3453 genua
1610 3383 1898 3450 flectimus,

325 3483 382 3527 et
431 3489 624 3528 rursus
667 3474 951 3544 erigimur,
997 3475 1114 3542 ipso
1157 3473 1304 3529 facto
1352 3474 1717 3539 ostendimus,
1756 3475 1900 3545 quod

328 3565 399 3618 oh
423 3573 705 3633 peceatum
757 3564 810 3617 in
841 3571 1046 3618 terram
1085 3564 1292 3635 delapsi
1340 3579 1552 3630 sumus,
1577 3573 1631 3620 et
1662 3582 1760 3637 per
1797 3569 1903 3622 bu-

331 3652 644 3706 manitatem
676 3652 797 3722 ejus
829 3653 921 3723 qui
965 3655 1171 3708 creavit
1209 3668 1310 3708 nos
1347 3654 1403 3708 in
1431 3655 1632 3709 cmlum
1664 3657 1902 3711 revocati

327 3754 542 3797 BlllllllS.

536 3833 758 3889 Deﬁciet
803 3849 888 3888 me
929 3833 1067 3902 dies,
1109 3833 1157 3890 si
1204 3829 1468 3890 Ecclesiae
1517 3836 1779 3904 mysteria
1824 3837 1906 3891 ci-

333 3932 419 3980 tra
476 3929 745 3998 scriptum
800 3928 999 3981 tradita
1060 3943 1284 3998 pergam
1338 3942 1650 3982 recensere.
1705 3923 1909 3979 Omitto

320 4024 512 4068 cetera
591 4036 604 4072 ζ

321 4112 378 4160 et
428 4102 624 4159 Filium
677 4115 730 4160 et
765 4105 1030 4175 Spiritum
1079 4118 1353 4169 sanctum,
1406 4123 1437 4162 e
1487 4109 1688 4178 quibus
1735 4108 1904 4162 habe-

323 4209 447 4248 mus
500 4195 767 4263 scriptis?
833 4194 1048 4249 Etenim
1105 4197 1150 4250 si
1211 4197 1473 4266 quoniam
1525 4213 1592 4252 ex
1641 4197 1902 4266 baptismi

321 4283 640 4349 traditione,
665 4286 822 4354 juxta
859 4287 1082 4354 pietatis
1109 4288 1591 4352 consecutionem,
1624 4295 1683 4342 ut
1727 4289 1906 4359 bapti—

321 4389 534 4437 zamur,
565 4376 637 4428 ita
682 4385 736 4431 et
779 4379 1002 4432 credere
1047 4377 1331 4443 debemus,
1365 4380 1598 4434 similem
1633 4381 1905 4450 baptismo

320 4465 718 4533 professionem
748 4469 1073 4524 exhibemus
1122 4485 1134 4521 :
1179 4471 1485 4526 concedant
1511 4471 1679 4526 etiam
1719 4472 1899 4538 nobis,

320 4565 381 4608 ut
423 4555 578 4624 juxta
623 4559 869 4614 eamdem
922 4563 1375 4632 consequentiam
1445 4563 1901 4633 glorificationem

319 4647 441 4700 fidei
472 4650 817 4706 consimilem
861 4654 1257 4721 persolvamns.
1292 4655 1449 4722 Quod
1481 4656 1526 4711 si
1559 4658 1900 4727 glorificandi

318 4741 538 4794 modum
573 4743 735 4796 veluti
785 4746 994 4815 scripto
1024 4763 1132 4802 non
1165 4749 1430 4821 traditum.
1456 4750 1738 4819 rejiciunt,
1771 4767 1900 4821 pro-

316 4829 497 4884 ferant
543 4833 707 4887 nobis
769 4843 824 4888 et
873 4837 1240 4904 professionis
1293 4839 1417 4896 fidei
1472 4848 1528 4896 et
1576 4852 1899 4900 caeterorum

314 4935 436 4988 quae
479 4924 1029 4980 commemoravimus
1077 4928 1454 4995 probationem
1499 4945 1531 4985 e
1574 4930 1896 5003 Scripturis.

289 5008 516 5062 .Adhazc
555 5024 686 5065 cum
733 5018 844 5064 tam
894 5016 1066 5068 multa
1108 5017 1221 5071 sint
1253 5034 1376 5088 quae
1424 5020 1632 5088 scripto
1682 5023 1899 5090 prodita

315 5117 426 5156 non
474 5109 624 5168 sunt,
652 5110 709 5157 et
754 5109 966 5159 tantum
1015 5107 1217 5162 habent
1261 5111 1522 5166 momenti
1567 5111 1635 5165 ad
1681 5112 1901 5183 pietatis

315 5193 643 5265 mysterium
677 5233 693 5258 ,
746 5195 967 5250 unicam
1021 5189 1416 5255 dictiunculam
1475 5218 1598 5272 quae
1645 5220 1676 5258 a
1725 5206 1900 5277 majo-

314 5284 469 5338 ribus
499 5283 565 5338 ad
594 5298 695 5338 nos
726 5282 966 5349 devenit,
1002 5303 1108 5341 non
1137 5292 1466 5354 concedent,
1500 5309 1665 5362 quam
1695 5313 1797 5352 nos
1825 5314 1894 5354 ex

315 5376 628 5432 inaffectata
680 5379 1081 5434 consuetudine
1147 5381 1203 5435 in
1261 5381 1556 5449 Ecclesiis,
1605 5403 1727 5458 qua:
1772 5405 1894 5458 per—

313 5485 487 5526 versae
511 5478 567 5526 et
599 5477 874 5541 corrupta:
917 5487 1029 5527 non
1057 5484 1208 5538 sunt,
1238 5487 1650 5544 permanentem
1681 5481 1894 5537 inveni-

313 5569 459 5620 mus,
497 5557 643 5611 haud
690 5558 1026 5616 mediocrem
1057 5562 1326 5618 rationem
1358 5563 1672 5632 habentem,
1711 5585 1893 5640 neque

313 5644 589 5701 mediocre
621 5649 996 5716 adjumentum
1030 5650 1096 5707 ad
1125 5653 1368 5722 mystcrii
1397 5655 1504 5710 vim
1533 5656 1893 5715 atlereutcm?

409 5741 584 5797 'Gcn.
627 5761 664 5812 ι,
697 5748 748 5804 5.
826 5749 847 5779 ³
874 5747 1021 5806 Psal.
1056 5765 1106 5804 vr
1145 5757 1198 5805 et
1237 5767 1355 5836 ιιι..

755 4017 927 4086 ipsam
970 4019 1091 4072 fidei
1139 4017 1544 4088 professionem
1585 4021 1638 4071 in
1688 4017 1901 4072 Patrem

2001 4026 2094 4098 τὴν
2123 4027 2179 4079 δὲ
2224 4027 2324 4098 τὴν
2365 4026 2655 4096 ὁμολογίαν
2697 4024 2797 4094 τῆς
2826 4023 3066 4085 πίστεως

1999 3229 2108 3266 των
2137 3213 2230 3265 ἐπὶ
2252 3213 2320 3265 τὰ
2349 3211 2630 3282 μέλλοντα.
2675 3212 2785 3262 Καὶ
2816 3210 2939 3263 καθ’
2974 3207 3211 3278 ἑκάστην
3236 3207 3293 3260 δὲ
3323 3205 3577 3275 γονυκλι-

2005 3305 2124 3358 σίαν
2165 3303 2258 3356 καὶ
2301 3304 2646 3356 διανάστασιν
2679 3301 2822 3371 ἔργῳ
2873 3301 3184 3370 δείκνυμεν,
3216 3299 3298 3352 ὅτι
3346 3297 3433 3351 διὰ
3489 3292 3576 3348 διὰ

2001 3396 2098 3467 τῆς
2128 3395 2400 3466 ἁμαρτίας
2433 3396 2512 3458 είς
2536 3393 2639 3463 γῆν
2665 3391 2942 3464 κατερρύη
2953 3409 3070 3462 μεν,
3099 3391 3191 3444 καὶ
3211 3390 3297 3442 διὰ
3329 3389 3428 3459 τῆς
3459 3387 3579 3456 φιλ-

2002 3487 2318 3556 ανθρωπίας
2349 3485 2444 3539 τοῦ
2483 3487 2767 3550 κτίσαντος
2797 3486 2944 3556 ἡμᾶς
2973 3485 3052 3548 είς
3077 3482 3306 3553 οὐρανὸν
3345 3480 3577 3550 ἀνεκλή-

2003 3578 2198 3648 θημεν.

2215 3839 2510 3908 Ἐπιλείψει
2549 3855 2614 3908 με
2655 3838 2689 3907 ἠ
2739 3835 2942 3907 ἡμέρα,
2973 3833 3043 3886 τά
3081 3833 3304 3904 ἄγραφα
3479 3829 3582 3902 τῆς

2009 3935 2333 4006 Ἐκκλησίας
2365 3936 2640 4007 μυστήρια
2667 3932 3042 4004 διηγούμενον.
3102 3929 3206 3984 Ἐῶ
3234 3930 3403 3982 τᾶλλα
3422 3945 3436 3959 ο
3487 3930 3578 3982 αὑ⁹

3247 4023 3326 4084 είς
3354 4019 3576 4090 Πατέρα

1996 4119 2090 4170 καὶ
2133 4118 2260 4170 Υίὸν
2303 4119 2397 4171 καὶ
2439 4117 2592 4184 ἅγιον
2638 4113 2861 4183 Πνεῦμα
2903 4115 2967 4165 ἐκ
3010 4112 3179 4166 ποίων
3230 4112 3576 4182 γραμμάτων

1998 4207 2232 4277 ἐχομεν;
2278 4207 2341 4259 Ei
2388 4207 2487 4275 μέν
2516 4206 2625 4276 γάρ
2666 4206 2733 4258 ἐκ
2769 4203 2872 4273 τῆς
2905 4201 3001 4256 τοῦ
3053 4201 3428 4271 βαπτίσματος
3473 4217 3578 4252 πα-

1999 4297 2292 4367 ραδόσεως,
2327 4296 2468 4350 κατά
2499 4296 2562 4348 τὸ
2585 4295 2687 4366 τῆς
2720 4291 3002 4357 εὐσεϐείας
3031 4293 3343 4355 ἀκόλουθον,
3375 4293 3448 4354 ὡς
3483 4291 3576 4360 βα-

1999 4387 2302 4458 πιζόμεθα
2331 4386 2472 4439 οὕτω
2502 4387 2596 4440 καὶ
2624 4384 2902 4441 πιστεύειν
2933 4383 3259 4455 ὀφείλοντες,
3288 4383 3473 4436 οὐσίαν
3499 4379 3577 4450 τῷ

2000 4479 2334 4550 βαπτίσματι
2517 4477 2614 4550 τὴν
2643 4477 2932 4548 ὁμολογίαν
2977 4475 3402 4546 κατατιθέμεθα,
3441 4490 3575 4542 συγ-

1997 4574 2407 4644 χωρησάτωσαν
2455 4572 2549 4624 καὶ
2601 4573 2732 4641 ήμῖν
2785 4571 2848 4623 ἐκ
2893 4569 2992 4640 τῆς
3040 4569 3214 4638 αὐτῆς
3257 4565 3575 4628 ἀκολουθίας

1996 4663 2188 4732 ὁμοίαν
2229 4665 2295 4733 τῇ
2348 4662 2528 4716 πίστει
2568 4661 2669 4730 τὴν
2711 4659 2868 4726 δόξαν
2903 4659 3242 4712 ἀποδιδόναιο
3288 4660 3336 4710 εί
3386 4657 3443 4710 δὲ
3484 4655 3576 4708 τὸν

1995 4753 2193 4824 τρόπον
2230 4753 2330 4821 τῆς
2377 4749 2686 4818 δοξολογίας
2736 4749 2812 4812 ὼς
2853 4747 3100 4818 ἄγραφον
3148 4745 3573 4818 παραιτοῦνται,

1995 4844 2232 4897 δότωσαν
2259 4843 2391 4912 ἡμῖν
2425 4840 2527 4910 τῆς
2555 4855 2614 4893 τε
2643 4839 2787 4893 κατά
2816 4840 2916 4910 τὴν
2945 4838 3129 4891 πίστιν
3157 4839 3449 4908 ὁμολογίας
3482 4838 3573 4892 καὶ

1996 4933 2103 4986 τῶν
2153 4931 2375 4996 λοιπῶν,
2412 4926 2487 4984 ὧν
2525 4929 3069 5001 ἀπῃριθμησάμεθα,
3120 4931 3434 5000 ἐγγράφους
3476 4928 3573 4989 τὰς

1996 5021 2317 5088 ἀποδείξεις.
2358 5016 2491 5074 Εἶτα
2520 5019 2790 5073 τοσούτων
2815 5019 2988 5072 ὄντων
3019 5019 3303 5091 ἀγράφων,
3345 5019 3440 5071 καὶ
3487 5034 3576 5070 το-

1998 5113 2200 5181 σαύτην
2225 5111 2458 5181 ὲχόντων
2493 5109 2591 5181 τὴν
2624 5111 2777 5178 ἰσχὺν
2811 5110 2892 5173 είς
2923 5107 2987 5162 τὺ
3012 5109 3114 5178 τῆς
3151 5107 3434 5170 εὐσεϐείας
3475 5124 3576 5175 μυ-

1996 5205 2234 5274 στήριον,
2268 5203 2396 5275 μίαν
2421 5202 2563 5267 λέξιν
2591 5205 2724 5274 ἡμῖν
2753 5204 2818 5254 ἐκ
2843 5201 3095 5269 πατέρων
3120 5200 3199 5262 εἰς
3223 5200 3372 5269 ἡμᾶς
3397 5196 3574 5250 ἐλθοῦ-

1997 5312 2096 5348 σαν
2140 5294 2201 5347 οὐ
2249 5293 2718 5364 συγχωρήσουσιν,
2769 5293 2838 5362 ἢν
2886 5293 3048 5360 ἡμεῖς
3093 5291 3158 5341 ἐκ
3187 5292 3285 5358 τῆς
3315 5289 3575 5354 ἀνεπιτη-

1994 5387 2181 5441 δεύτου
2215 5385 2501 5456 συνηθείας
2534 5385 2653 5445 ταῖς
2686 5381 3064 5452 ἀδιαστρόφοις
3097 5379 3206 5432 τῶν
3244 5377 3578 5446 Ἐκκλησιῶν

1997 5479 2432 5550 ὲναπομείνασαν
2457 5476 2710 5547 εὕρομεν,
2735 5472 2797 5525 οὑ
2826 5472 3020 5543 μικρὸν
3039 5471 3127 5525 τὸν
3148 5471 3304 5539 λόγον
3324 5471 3574 5548 ἔχουσαν.

1994 5573 2116 5626 οὺδέ
2169 5571 2425 5643 βραχεῖαν
2484 5565 2799 5620 συντέλειαν
2851 5566 2932 5627 είς
2983 5565 3084 5636 τὴν
3130 5563 3226 5617 τοῦ
3273 5559 3577 5634 μυστηρίου

1995 5665 2227 5736 δύναμιν
2257 5659 2654 5732 εἰσφερομένην
2686 5681 2699 5730 ς
