4082 6448
454 339 563 403 797

1415 329 1797 393 PANOPLI’A
1839 328 2306 392 DOGMATICA.
2338 353 2411 370 --
2439 331 2591 398 ΤΙΤ.
2632 326 2774 396 ΧΗ.

3621 345 3729 412 798

529 452 762 521 Εἴρηται
785 446 883 517 μὲν
912 439 1025 509 οὖν,
1048 442 1133 497 δτι
1156 441 1349 496 ταυτόν
1379 443 1495 494 ἐστι
1528 441 1665 510 προς
1697 440 1941 493 διᾶνοιαν
1960 440 2029 491 εί-

2221 443 2436 498 Dictum
2491 451 2578 499 est
2630 445 2853 515 quidem
2882 446 3017 503 nihil
3069 448 3280 508 referre
3343 451 3412 506 ad
3466 465 3714 521 sensum,

456 548 602 608 πεῖν,
635 542 774 608 Δόξα
803 541 978 609 lla.th
998 538 1091 591 καὶ
1121 537 1236 607 Υίῷ
1289 537 1382 589 καὶ
1410 536 1551 605 ἁγίῳ
1586 535 1891 603 Πνεύματι·
1947 533 2042 585 καὶ

458 614 596 701 Δόξα
633 634 803 702 Πατρὶ
826 630 922 683 καὶ
940 629 1057 698 Υίῷ
1086 630 1184 682 σὺν
1202 629 1277 697 τῷ
1293 627 1435 698 ἁγίῳ
1458 627 1757 696 Πνεύματι.
1784 624 1920 679 Οῦτε
1948 624 2043 678 οῦν

456 729 557 796 τὴν
588 725 684 779 καί
719 722 993 791 συλλαϐὴν
1024 721 1083 785 ἐξ
1105 720 1278 789 αὐτῆς
1294 721 1389 773 τοῦ
1409 721 1620 787 Κυρίου
1639 719 1823 788 φωνῆς
1846 717 2043 788 προελ-

466 818 668 871 θοῦσαν
695 814 967 883 ἀθετῆσαι
995 830 1103 865 τινι
1146 811 1526 881 ἦδιαγράφειν
1568 807 1681 862 οἷον
1712 827 1793 875 τε,
1822 812 1915 864 καί¹
1943 810 2043 879 τὴν

464 905 893 976 ίσοδυναμοῦσαν
968 905 1106 973 αὐτῇ
1164 904 1320 956 οὐδὲν
1353 904 1415 954 τὸ
1463 902 1673 955 κωλύον
1707 904 2042 975 καταδεχθῆ-

463 1015 579 1053 ναι·
635 998 703 1068 ἢν
757 998 906 1059 ὅπως
952 995 1066 1065 ἔχει
1123 993 1258 1061 πρὸς
1296 994 1515 1062 ἐκείνην
1569 994 1834 1063 διαφορᾶς
1864 997 2038 1050 τεκαὶ

460 1091 806 1161 ὁμοιότητος,
851 1088 928 1154 ἐν]
950 1088 1065 1148 τοῖς
1095 1084 1328 1136 κατόπιν
1374 1083 1681 1154 ἐδείξαμεν.
1731 1085 1954 1140 Βεϐαιοῖ
1979 1087 2038 1140 δέ

458 1185 596 1255 ἡμῖν
642 1183 735 1234 τὸν
760 1180 919 1247 λόγον
944 1179 1039 1231 καὶ
1082 1181 1110 1231 ὁ
1128 1162 1451 1240 Ἀπόστολος
1476 1177 1785 1246 ἀδιαφόρως
1806 1179 2046 1251 ἑκατέρᾳ

457 1278 526 1346 τῇ
548 1276 704 1343 φωνῇ
725 1269 1089 1343 κεχρημένος,
1113 1270 1209 1321 νῦν
1230 1268 1330 1338 μὲν
1347 1267 1541 1336 λέγων,
1561 1268 1669 1322 Ἐν
1692 1268 1771 1334 τῷ
1794 1268 2040 1339 ὀνόματι

458 1368 569 1422 τοῦ
596 1366 816 1432 Κυρίου
855 1362 1054 1430 Ἰησοῦ
1094 1361 1376 1428 Χριστοῦ,
1426 1362 1523 1414 καί
1547 1360 1618 1414 ἐν
1638 1356 1720 1426 τῷ
1744 1363 2045 1431 Πνεύματι

462 1458 573 1512 τοῦ
597 1456 747 1510 Θεοῦ
767 1452 957 1523 ἡμῶν
990 1451 1150 1506 πάλιν
1183 1452 1262 1517 δὲ,
1299 1451 1734 1520 Συνακθέντων
1755 1451 1926 1522 ὑμῶν
1946 1453 2044 1507 καί

456 1549 566 1602 τοῦ
587 1547 737 1615 ἐμοῦ
765 1546 1114 1613 Πνεύματος
1133 1543 1258 1597 σὺν
1283 1542 1634 1614 τῇίδυνάμει
1665 1545 1773 1599 τοῦ
1824 1546 2045 1614 Κυρίου

471 1637 700 1705 Ἰησοῦ·
745 1636 901 1690 οὐδὲν
960 1636 1245 1705 διαφέρειν
1282 1634 1610 1706 ἡγούμενος,
1647 1638 1725 1706 τῷ
1757 1639 2044 1707 συνδέσμῳ

2151 538 2266 592 sive
2282 537 2453 602 dicas,
2492 536 2674 591 Gloria
2705 536 2849 592 Patri
2874 550 2930 594 et
2960 539 3099 597 Filio
3126 552 3180 597 et
3216 543 3450 612 Spiritui
3506 556 3721 614 sancto,

2148 630 2264 684 sive
2289 630 2463 696 dicas,
2503 629 2689 685 Gloria
2723 631 2869 685 Patri
2905 641 2958 687 et
2993 633 3133 689 Filio
3176 649 3301 691 cum
3351 645 3545 693 sancto
3599 640 3724 709 Spi-

2148 724 2281 778 ritu.
2334 720 2450 775 Non
2488 723 2654 792 igitur
2677 722 2761 778 ias
2811 725 3182 793 estcuiquam
3231 726 3491 797 syllabam
3531 739 3602 795 et,
3657 744 3725 785 ex

2147 830 2243 870 ore
2290 816 2507 871 Domini
2563 814 2885 885 proiectam,
2939 819 3168 888 rejicere
3218 828 3313 873 aut
3365 835 3678 892 expungere
3707 841 3726 880 :

2148 922 2250 962 nec
2275 907 2573 977 quidquam
2601 915 2746 963 vetat
2772 906 2999 963 alteram
3038 923 3161 978 quae
3187 908 3331 965 idem
3363 913 3550 981 pollet,
3586 915 3728 970 reci-

2147 1016 2312 1071 pere;
2369 1014 2491 1069 quae
2541 1001 2819 1070 quomodo
2846 1015 2969 1055 cum
3023 1000 3113 1056 illa
3161 1004 3245 1056 vel
3299 1006 3594 1061 conveniat
3638 1008 3725 1063 vel

2147 1095 2437 1164 discrepet,
2499 1094 2754 1164 superius
2839 1094 3357 1152 demonstravimus.
3416 1097 3721 1154 Conﬁrmat

2148 1192 2329 1238 autem
2395 1184 2721 1238 sententiam
2798 1182 2959 1236 nobis
3010 1189 3065 1237 et
3128 1182 3445 1252 Apostolus,
3497 1182 3725 1238 indiﬂ‘eo

2149 1282 2333 1327 renter
2357 1284 2592 1339 utraque
2634 1287 2769 1329 voce
2803 1281 2960 1328 utens
3005 1272 3279 1327 interdum
3333 1272 3408 1327 ita
3454 1273 3725 1342 loquens:

2147 1360 2216 1417 1η
2242 1364 2448 1418 nomine
2478 1362 2693 1416 Domini
2720 1360 2853 1415 Jesu
2914 1358 3142 1428 Christi,
3196 1373 3243 1416 et
3306 1363 3361 1416 in
3391 1361 3596 1431 Spiritu
3632 1359 3729 1415 Dei

2146 1456 2314 1510 nostri
2342 1457 2396 1523 ¹;
2424 1470 2490 1511 ac
2528 1472 2745 1518 rursus,
2785 1454 3131 1526 Congregatis
3167 1454 3311 1509 vobis
3356 1462 3406 1509 et
3443 1469 3554 1508 meo
3582 1450 3714 1521 Spi-

2146 1549 2253 1600 ritu
2297 1563 2417 1601 cum
2464 1548 2656 1600 virtute
2708 1547 2922 1600 Domini
2967 1544 3097 1599 Jesu
3133 1546 3193 1612 ’;
3257 1544 3391 1598 nihil
3448 1545 3719 1598 interesse

2149 1621 2337 1703 ratus:
2357 1637 2470 1690 sive
2490 1634 2901 1703 conjunctione,
2934 1636 3048 1689 sive
3082 1633 3467 1703 praepositione
3519 1635 3586 1688 ad
3627 1648 3723 1689 uo-

460 1733 495 1802 ἢ
527 1734 595 1802 τῇ
633 1729 932 1800 προσθέσει
961 1730 1102 1799 πρὸς
1135 1730 1236 1800 τὴν
1272 1728 1381 1782 τῶν
1407 1728 1693 1798 ὀνομάτων
1718 1731 2029 1802 συμπλοκὴι

2155 1731 2365 1783 minum
2405 1729 2855 1797 conjunctionem
2886 1726 3083 1782 utaris.

454 1820 911 1891 ἀποφρήσασθαι.

463 1912 573 1970 Τοῦ
605 1912 828 1984 αὑτοῦ,
850 1913 976 1966 Ὅτι
999 1911 1039 1966 d
1076 1911 1209 1981 περί
1243 1911 1363 1966 τῶν
1414 1914 1951 1984 ἀνθρώπωνίλέγει
1998 1918 2036 1984 ἡ

530 1982 744 2053 Γραφὴ
800 1983 880 2049 ὠς
924 1984 1509 2053 σκυμόασιλευόντων
1555 1982 2038 2052 Χριστῷ,τταῦτα

543 2052 803 2120 περὶτοῦ
822 2052 1168 2122 Πνεύμοτος
1183 2055 1255 2122 οὐ
1299 2055 1728 2122 συγχωροῦσιν
1768 2057 1821 2109 oi
1873 2056 2034 2109 ἀντι-

531 2119 835 2191 λέγοντες.
871 2119 1099 2190 mea.
1126 2119 1234 2174 φιϐ’.

533 2215 764 2285 Ἵδωμεν
804 2213 863 2267 δὲ
896 2214 992 2265 καὶ
1053 2213 1107 2265 εί
1136 2230 1256 2268 τινα
1300 2215 1603 2286 ἀπολογίαν
1654 2218 1765 2280 τοῖς
1810 2216 2030 2288 πατράο

453 2319 542 2355 σιν
562 2302 723 2372 ἡμῶν
749 2303 849 2372 τῆς
883 2305 1130 2376 χρήσεως
1154 2307 1357 2379 ταύτης
1407 2310 1785 2381 ἐπινοήσομεν.
1820 2314 1883 2366 Οί
1924 2312 2034 2386 γὰρ

449 2390 552 2461 τὴν
586 2391 760 2463 ἀρχὴν
785 2396 1157 2465 παρασχόντες
1188 2396 1265 2465 τῷ
1303 2398 1445 2468 λόγῳ
1475 2400 1673 2469 μᾶλλον
1713 2403 1870 2472 ἡμῶν
1898 2404 2031 2457 ὑπό-

452 2500 665 2537 κεινται
696 2486 807 2547 τοῖς
842 2484 1167 2556 ἐγκλήμασι.
1209 2486 1419 2551 Παῦλος
1451 2491 1631 2543 τοίνυν
1661 2493 2030 2548 Κολοσσαεῦσι

449 2576 701 2647 γράφων·
723 2577 834 2630 Καὶ
863 2574 1044 2645 ὑμᾶς,
1088 2578 1244 2647 φησὶ,
1284 2580 1533 2648 νεκροὺς
1562 2581 1740 2649 ὄντας
1766 2584 1891 2651 τοῖς
1922 2602 2032 2639 πα-

395 2705 405 2718 .
441 2664 801 2734 ραπτώμασι
818 2667 918 2721 καὶ
947 2667 1019 2735 τῇ
1045 2669 1431 2737 ἀκροϐυστίᾳ,
1453 2672 1930 2743 συνεζωοποίησε
1952 2677 2031 2742 τῷ

448 2756 707 2824 Χριστῷ.
877 2755 1023 2830 Ἀρα
1061 2757 1158 2814 οῦν
1185 2760 1300 2831 λαῷ
1333 2762 1431 2833 μὲν
1472 2764 1578 2835 ὅλῳ
1604 2767 1696 2819 καὶ
1738 2767 2032 2840 Ἐκκλησία

448 2850 746 2919 ἐχαρίσατο
774 2851 802 2905 ὁ
826 2850 959 2914 Θεὸς
991 2852 1089 2923 τὴν
1131 2853 1227 2906 σὺν
1260 2854 1482 2925 Χριστῷ
1507 2856 1670 2929 ζωὴν,
1703 2858 1779 2928 τῷ
1808 2859 1865 2913 δὲ
1892 2860 2030 2932 ἁγίῳ

452 2941 730 3011 Πνεύματι
780 2943 902 3013 οὐχὶ
949 2945 1045 2997 σὺν
1102 2945 1401 3019 Χριστῷνιή
1457 2946 1603 3019 {toi};
1653 2950 1716 3001 Εί
1768 2951 1824 3003 δὲ
1872 2952 2030 3007 τοῦτο

448 3030 544 3084 καὶ
727 3030 938 3102 διανοίᾳ
983 3033 1167 3086 Ααὸεῖν
1196 3033 1412 3096 ἀσεϐὲς,
1452 3033 1569 3098 πῶς
1599 3036 1697 3106 οὐχ
1737 3036 1903 3101 ὅσιον,
1952 3037 2028 3101 ὡς

446 3120 561 3190 ἔχει
602 3120 835 3191 φύσεως,
878 3121 1021 3175 οὕτω
1065 3124 1159 3177 καὶ
1195 3124 1294 3195 τὴν
1331 3124 1619 3197 ὁμολογίαν
1667 3112 2091 3197 συνημμένωςβ

443 3213 788 3277 ἀποδιδόναι;
840 3210 975 3266 Εἶτα
996 3253 1010 3277 ,
1043 3214 1161 3275 πῶς
1194 3215 1254 3267 οὐ
1296 3217 1396 3285 τῆς
1425 3217 1660 3289 ἐσχάτης
1694 3217 2026 3288 ἀναλγησίας

444 3305 573 3367 τοὺς
617 3305 714 3375 μὲν
736 3304 927 3372 ἁγίους
966 3305 1247 3375 ὁμολογεῖν
1289 3307 1385 3361 σὺν
1414 3308 1636 3379 Χριστῷ
1661 3304 1800 3363 εἶναι
1826 3308 2024 3382 (εἴπερ

441 3394 507 3464 δὴ
537 3396 742 3459 Παῦλος
767 3396 1081 3467 ἐκδημήσας
1107 3398 1215 3449 ἀπὸ
1242 3396 1337 3450 τοῦ
1381 3398 1632 3469 σώματος
1805 3401 1925 3470 ἐνδη
1936 3403 2025 3469 μεῖ

442 3487 581 3556 πρὸς
596 3487 687 3539 τὸν
704 3487 930 3559 Κύριον,
950 3490 1044 3541 καὶ
1061 3489 1335 3553 ἀναλύσας
1353 3490 1449 3543 σὺν
1469 3490 1688 3561 Χριστῷ
1709 3492 1855 3544 ἐστιν
1874 3491 2021 3562 ἢδη),

437 3575 520 3644 τῷ
551 3575 608 3629 δὲ
635 3575 910 3647 Πνεύματι
944 3577 1168 3641 τούτους
1199 3579 1332 3649 μηδὲ
1365 3582 1477 3641 τοῖς
1506 3580 1813 3651 ἀνθρώποις
1839 3581 2021 3649 ἐξίσου

441 3669 582 3740 μετά
621 3665 858 3737 Χριστοῦ
894 3663 1053 3733 εἶναι,
1106 3669 1229 3737 τόγε
1265 3671 1346 3731 είς
1382 3671 1579 3735 αὐτοὺς
1616 3667 1771 3744 ἧκον,
1805 3673 2018 3742 μεταδιο

435 3754 620 3821 δόναι;
647 3758 756 3811 Καὶ
787 3759 997 3823 Παῦλος
1040 3759 1174 3813 Θεοῦ
1213 3761 1310 3832 μὲν
1350 3761 1604 3832 συνεργὸν
1636 3763 1824 3816 ἑαυτὸν
1864 3767 1922 3819 ἐν
1951 3767 2018 3836 τῇ

433 3848 717 3919 οἰκονομίᾳ
747 3849 840 3905 τοῦ
885 3850 1217 3921 Εὐαγγελίου
1262 3851 1444 3905 καλεῖο
1486 3852 1548 3904 τὺ
1591 3852 1647 3906 δὲ
1697 3854 1921 3926 Πνεῦμα
1959 3842 2019 3908 τὸ

438 3937 612 4005 ᾶγιον,
639 3940 706 3991 δι’
737 3932 797 3992 οῦ
830 3942 888 3993 ἐν
921 3940 1072 4018 πάσῃ
1093 3942 1266 3995 κτίσει
1293 3945 1358 4017 τῇ
1378 3943 1483 3996 ὑπὸ
1504 3944 1593 3997 τὸν
1622 3946 1851 4017 ούρανὺν
1886 3964 2018 4020 καρ-

437 4031 754 4098 ποφορεῖται
792 4030 854 4082 τὸ
900 4031 1258 4099 Εύαγγέλιον,
1310 4032 1406 4086 ἐὰν
1451 4035 1710 4105 συνεργὸν
1751 4037 2015 4107 εἴπωμεν,

436 4119 716 4173 κάνταῦθα
890 4122 1142 4185 ἀσεϐείας
1170 4122 1387 4193 γραφὴν
1423 4124 1546 4176 καθ’
1591 4125 1748 4197 ἡμῶν
1784 4129 2016 4198 ἀπενέγ-

433 4229 652 4277 xuii/ro;
699 4213 807 4266 Καὶ
839 4213 915 4276 ὡς
966 4212 1160 4278 ἔοικεν,
1208 4217 1241 4285 ή
1291 4217 1387 4287 μὲν
1417 4216 1528 4287 ζωὴ
1556 4219 1664 4271 τῶν
1710 4218 2014 4288 ἡλπικότων

434 4302 527 4353 ἐπὶ
552 4302 752 4373 Κύριον
773 4304 1078 4375 κέκρυπται
1110 4308 1204 4359 σὺν
1227 4306 1303 4378 τῷ
1330 4308 1549 4379 Χριστῷ
1570 4311 1627 4363 ἐν
1642 4310 1719 4380 τῷ
1738 4310 1854 4381 Θεῷ
1870 4327 1882 4339 ·
1919 4312 2013 4366 καὶ

2148 1908 2424 1972 Eiusdem.
2464 1906 2620 1974 Quod
2664 1922 2784 1975 qua:
2834 1908 2897 1960 de
2948 1907 3247 1961 hominibus
3285 1907 3412 1959 dicit
3446 1905 3727 1975 Scriptura

2218 1994 2470 2048 tanquam
2536 1993 2643 2030 una
2700 1993 2818 2030 cum
2868 1977 3074 2031 Christo
3133 1978 3492 2047 regnantibus,
3550 1978 3723 2048 eaﬂde

2217 2045 2422 2121 Spiritu
2476 2049 2583 2103 dici
2652 2063 2756 2102 non
2828 2050 3114 2102 concedunt
3193 2045 3512 2100 adversarii.
3607 2045 3721 2100 Ca-

2208 2120 2300 2191 put
2334 2120 2428 2176 28.

2214 2212 2509 2268 Videamus
2587 2226 2753 2282 porro
2839 2226 2908 2265 an
3004 2210 3379 2266 defensionem
3472 2210 3711 2279 aliquam

2124 2304 2381 2376 patribus
2432 2304 2641 2359 nostris
2686 2318 2853 2372 super
2901 2302 3220 2373 huiusmodi
3271 2318 3374 2356 usu
3427 2304 3708 2372 possimus

2123 2398 2455 2464 excogitare.
2512 2393 2645 2448 Nam
2697 2394 2790 2463 qui
2836 2394 2994 2448 nobis
3043 2387 3129 2447 ita
3179 2394 3439 2464 loquendi
3488 2393 3709 2449 fuerunt

2126 2495 2401 2552 auctores,
2466 2486 2641 2556 magis
2698 2500 2861 2554 quam
2920 2499 3023 2540 nos
3076 2485 3289 2539 haerent
3341 2485 3397 2539 in
3452 2487 3703 2540 crimine.

2123 2577 2328 2634 Paulus
2384 2578 2552 2647 igitur
2607 2576 3034 2633 Colossensibus
3085 2576 3336 2631 scribens
3397 2599 3408 2630 :
3470 2576 3537 2629 Et
3584 2594 3702 2640 vos,

2125 2668 2324 2738 inquit,
2384 2683 2504 2721 cum
2557 2669 2740 2721 essetis
2805 2667 3004 2720 mortui
3052 2664 3261 2718 delictis
3308 2681 3370 2718 ac
3417 2670 3702 2734 pra'putio,

2124 2758 2409 2827 viviﬁcavit
2457 2757 2617 2811 simul
2665 2773 2784 2810 cum
2836 2756 3050 2811 Christo
3112 2763 3155 2809 ³.
3204 2754 3343 2809 Num
3390 2758 3557 2827 igitur
3605 2758 3703 2811 toti

2125 2849 2328 2920 populo
2371 2856 2426 2903 et
2467 2847 2727 2903 Ecclesiae
2774 2848 3000 2903 donavit
3053 2846 3198 2902 Deus
3239 2850 3408 2902 vitam
3455 2864 3575 2917 qua:
3620 2859 3707 2904 est

2127 2954 2253 2994 cum
2294 2940 2535 3003 Christo,
2583 2946 2775 2993 sancto
2817 2946 3000 2993 autem
3040 2938 3267 3008 Spiritui
3310 2955 3421 2995 non
3464 2948 3548 2995 est
3595 2942 3707 2994 vita

2128 3046 2256 3086 cum
2296 3031 2558 3087 Christo?
2593 3031 2751 3097 Quod
2775 3032 2821 3086 si
2874 3031 3019 3086 istud
3068 3032 3153 3086 vel
3195 3032 3379 3086 animo
3419 3033 3709 3101 concipere

2125 3122 2352 3193 impium
2400 3132 2524 3190 est,
2576 3137 2759 3177 annon
2834 3124 2985 3194 pium
3049 3122 3236 3189 fuerit,
3284 3130 3343 3175 ut
3394 3124 3555 3177 habet
3612 3136 3708 3176 na-

2125 3222 2271 3279 tura,
2323 3214 2398 3269 ita
2448 3216 2612 3269 etiam
2653 3214 3055 3284 professionem
3109 3214 3446 3283 conjunctim
3503 3212 3710 3282 persol-

2123 3305 2287 3360 vere?
2338 3304 2541 3359 Adhzec
2579 3345 2594 3371 ,
2653 3319 2836 3360 annon
2899 3304 3127 3361 extremi
3188 3305 3431 3375 stuporis
3478 3312 3584 3369 est,
3635 3303 3711 3357 fa-

2124 3396 2228 3451 teri
2285 3405 2509 3452 sanctos
2561 3411 2686 3452 esse
2732 3412 2857 3451 cum
2898 3396 3120 3469 Christo
3170 3396 3461 3467 (siquidem
3501 3394 3708 3450 Paulus

2123 3488 2482 3558 peregrinam
2546 3501 2578 3541 a
2630 3501 2863 3556 corpore
2922 3503 3166 3557 presens
3208 3496 3295 3543 est
3333 3488 3475 3558 apud
3530 3486 3710 3541 Domi-

2125 3590 2257 3629 num
2293 3580 2356 3640 ‘;
2390 3583 2446 3630 et
2497 3574 2591 3629 ubi
2626 3574 2935 3645 emigravit,
2961 3576 3075 3645 jam
3123 3592 3248 3631 cum
3279 3574 3501 3630 Christo
3543 3577 3651 3644 est)
3690 3593 3705 3629 :

2128 3665 2232 3720 hos
2258 3679 2386 3719 vero
2413 3662 2662 3735 Spiritui,
2685 3675 2948 3734 quantum
2978 3666 3197 3735 quidem
3232 3667 3287 3721 in
3319 3668 3454 3736 ipsis
3480 3675 3585 3731 est,
3613 3683 3713 3722 ne-

2125 3770 2232 3825 que
2270 3756 2374 3809 hoc
2407 3754 2682 3819 tribuere,
2719 3766 2778 3809 ut
2814 3771 2971 3825 aeque
3014 3757 3208 3811 saltem
3246 3765 3410 3827 atque
3458 3758 3709 3813 homines

2123 3863 2247 3903 cum
2283 3847 2506 3903 Christo
2541 3846 2808 3913 sit?Quin
2838 3856 2892 3903 et
2935 3848 3137 3903 Paulus
3168 3850 3409 3919 seipsum
3444 3849 3535 3904 Dei
3574 3865 3708 3904 coo-

2126 3946 2430 4011 peratorem
2460 3940 2700 4010 appellat
2749 3940 2806 3993 in
2840 3940 3321 3996 administratione
3364 3939 3645 4011 Evangelii
3689 3960 3704 3996 :

2124 4029 2219 4085 sed
2248 4028 2513 4099 Spiritum
2544 4038 2823 4094 sanctum,
2855 4046 2953 4100 per
2980 4042 3142 4101 quem
3182 4032 3237 4085 in
3272 4032 3420 4085 omni
3454 4040 3705 4086 creatura

2124 4137 2247 4192 qua:
2278 4122 2382 4177 sub
2404 4123 2544 4177 caelo
2575 4130 2683 4188 est,
2709 4123 3005 4179 fructiﬁcat
3033 4123 3408 4194 Evangelium.
3439 4125 3483 4179 si
3514 4140 3706 4194 coope-

2122 4223 2359 4269 ratorem
2387 4215 2745 4283 appellemus,
2776 4216 2864 4270 hic
2894 4230 3112 4285 quoque
3133 4216 3427 4285 impietatis
3450 4232 3549 4269 nos
3580 4231 3703 4270 reos

2122 4304 2418 4375 peragent?
2446 4303 2511 4358 Et
2530 4315 2590 4360 ut
2617 4306 2852 4370 videtur,
2888 4308 2993 4361 vita
3025 4310 3362 4378 sperantium
3390 4308 3443 4361 in
3473 4306 3701 4361 Domino

430 4394 570 4492 ὅταν.
605 4394 633 4445 ὁ
672 4395 907 4464 Χριστὸς
945 4398 1271 4469 φανερωθῇ,
1301 4399 1334 4468 ἡ
1385 4399 1498 4471 ζωὴ
1546 4402 1723 4471 ἡμῶν,
1759 4402 1879 4455 τότε
1918 4403 2011 4457 καὶ

2130 4394 2447 4449 abscondita
2472 4406 2558 4451 est
2590 4411 2714 4451 cum
2749 4397 2970 4453 Christo
2996 4400 3055 4454 in
3090 4398 3229 4464 Deo,
3271 4415 3507 4469 cumque
3539 4397 3703 4453 Chri-

430 4481 581 4534 αύτοὶ
615 4484 711 4536 σὺν
738 4485 887 4554 αὐτῷ
909 4486 1385 4557 φανερωθήσονται
1416 4489 1473 4542 ἐν
1502 4489 1631 4561 δόξῃ
1653 4506 1668 4521 ο
1695 4490 1827 4543 αὐτὸ
1863 4491 1931 4547 δὲ.
1949 4491 2011 4545 τὺ

2130 4494 2245 4540 stus
2273 4485 2592 4555 apparuerit
2613 4486 2724 4541 vita
2752 4496 2964 4551 nostra,
2997 4495 3111 4542 tum
3135 4496 3189 4544 et
3215 4490 3318 4559 ipsi
3351 4505 3477 4544 cum
3507 4504 3573 4544 eo
3605 4502 3704 4558 ap-

426 4570 654 4642 Πνεῦμα
675 4573 774 4642 τῆς
808 4574 973 4644 ζωῆς,
1000 4575 1060 4627 τὸ
1093 4576 1465 4647 ἐλευθερῶσαν
1492 4580 1637 4648 ἡμᾶς
1669 4579 1775 4633 ἀπὸ
1799 4581 1894 4634 τοῦ
1922 4582 2009 4636 νό-

427 4682 531 4732 μου
559 4664 660 4733 τῆς
701 4666 998 4735 ἁμαρτίας,
1038 4666 1289 4737 οὐδαμῶς
1330 4670 1446 4722 ἐστι
1482 4670 1578 4722 σὺν
1612 4667 1851 4740 Χριστῷ,
1884 4669 2008 4724 οὕτε

428 4769 491 4829 ἐν
515 4764 856 4838 λανθανούσῃ
886 4767 982 4820 καὶ
1006 4765 1365 4838 κεκρυμμένῃ
1406 4767 1502 4820 σὺν
1542 4766 1691 4838 αὐτῷ
1726 4763 1862 4836 ζωῇ,
1896 4763 2021 4817 οὔτε

430 4861 487 4912 ἐν
517 4860 584 4929 τῇ
614 4855 923 4928 φανερώσει
950 4859 1050 4927 τῆς
1086 4857 1265 4927 δόξης,
1298 4858 1363 4928 ἣν
1391 4859 1555 4928 ἡμεῖς
1583 4856 1677 4909 ἐπὶ
1695 4858 1808 4919 τοῖς
1844 4854 2022 4924 ἁγίοις

429 4945 842 5019 ἐκφανήσεσθαι
896 4945 1316 5017 προσδοκῶμενς
1356 4944 1698 5018 κληρονόμοι
1733 4946 1889 5011 Θεοῦ,
1925 4947 2021 4999 καὶ

431 5037 865 5110 συγκληρονόμοι
900 5037 1137 5109 Χριστοῦ
1183 5040 1378 5109 ἡμεῖς·
1414 5037 1475 5090 τὸ
1519 5039 1577 5092 δὲ
1614 5036 1837 5109 Πνεῦμα
1870 5038 2021 5092 ἀπό-

429 5130 634 5202 κληρον
668 5132 764 5184 καὶ
794 5131 1024 5200 ἄμοιρον
1064 5129 1164 5200 τῆς
1190 5129 1475 5194 κοινωνίας
1514 5130 1606 5184 τοῦ
1636 5128 1772 5184 Θεοῦ
1800 5131 1894 5184 καὶ
1923 5128 2016 5182 τοῦ

427 5221 666 5292 Χριστοῦ
698 5220 891 5286 αὐτοῦ;
921 5220 1033 5275 Καὶ⁴
1079 5222 1210 5275 αὐτὸ
1264 5221 1366 5293 μὲν
1394 5221 1455 5275 τὸ
1486 5222 1713 5292 Πνεῦμα
1763 5239 2019 5295 συμμαρ-

425 5316 585 5385 τυρεῖ
617 5312 695 5384 τῷ
737 5313 1009 5385 πνεύματι
1057 5312 1235 5384 ἡμῶν,
1288 5314 1371 5366 ὅτι
1426 5312 1594 5384 ἐσμὲν
1634 5313 1800 5366 τέκνα
1846 5313 2013 5367 Θεοῦ·

427 5406 593 5473 ἡμεῖς
622 5403 679 5457 δὲ
707 5402 785 5474 τῷ
815 5402 1097 5475 Πνεύματι
1125 5403 1244 5457 οὐδὲ
1282 5403 1351 5477 ἢν
1380 5402 1533 5476 παρὰ
1563 5402 1656 5457 τοῦ
1683 5404 1889 5475 Κυρίου
1919 5420 2017 5475 με·-

2124 4574 2395 4645 parebunt
2426 4575 2481 4630 in
2513 4577 2685 4646 gloria
2716 4581 2738 4613 ³
2770 4595 2783 4632 :
2808 4576 2926 4647 ipse
2956 4578 3412 4650 autem'Spiritus
3440 4580 3581 4642 vitae,
3610 4580 3703 4649 qui

2123 4666 2373 4722 liberavit
2401 4680 2504 4720 nos
2534 4682 2563 4719 a
2595 4667 2711 4736 lege
2732 4668 2942 4737 peccati
2979 4676 3031 4733 ⁸,
3068 4684 3413 4740 nequaquam
3453 4681 3539 4726 est
3575 4686 3703 4725 cum

2119 4762 2374 4828 Christo,
2416 4779 2593 4834 neque
2622 4763 2677 4817 in
2715 4764 2826 4817 vita
2866 4763 3071 4818 latente
3107 4770 3164 4817 et
3210 4764 3533 4819 abscondita
3575 4779 3703 4821 cum

2121 4853 2235 4917 illo,
2271 4870 2448 4925 neque
2482 4855 2537 4908 in
2567 4852 3006 4910 manifestatione
3034 4854 3243 4924 gloriae,
3288 4870 3453 4925 quam
3497 4869 3598 4912 nos
3645 4858 3703 4912 in

2120 4947 2327 5000 sanctis
2361 4944 2793 5017 patefaciendam
2829 4960 2955 5005 esse
2987 4947 3402 5016 exspectamus?
3439 4946 3701 5006 Haeredes

2118 5034 2214 5090 Dei
2248 5043 2303 5091 et
2351 5035 2666 5091 cohaeredes
2701 5035 2913 5092 Christi
2953 5051 3056 5091 nos
3092 5050 3286 5093 sumus
3329 5044 3349 5076 '
3398 5056 3412 5093 :
3461 5036 3703 5109 Spiritus

2116 5141 2249 5182 vero
2282 5127 2530 5183 exheres
2573 5136 2692 5196 est,
2741 5136 2797 5183 et
2837 5142 3031 5184 exsors
3075 5129 3483 5187 communionis
3512 5130 3609 5187 Dei
3645 5141 3703 5187 et

2116 5217 2322 5274 Christi
2358 5220 2517 5291 ejus?
2540 5219 2607 5274 Et
2640 5220 2760 5291 ipse
2789 5220 3010 5292 quidem
3044 5220 3287 5292 Spiritus
3320 5224 3695 5279 testimonium

2116 5313 2362 5383 perhibet
2412 5313 2632 5384 spiritui
2662 5324 2873 5382 nostro,
2907 5316 3066 5386 ‘quod
3107 5316 3280 5373 simus
3313 5316 3407 5370 ﬁlii
3456 5314 3548 5370 Dei
3595 5321 3617 5352 ⁸
3672 5328 3693 5373 :

2115 5418 2219 5460 nos
2242 5419 2371 5461 vero
2404 5403 2655 5474 Spiritui.
2683 5421 2752 5461 ne
2783 5406 2906 5476 ejus
2935 5407 3156 5477 quidem
3192 5407 3496 5472 societatis,
3529 5422 3693 5476 quam

498 5681 676 5762 [ϐοΐ.
718 5700 793 5747 vi,
839 5684 923 5762 l1.
1001 5685 1021 5762 ξ
1057 5683 1321 5762 _l_Cor._v,
1360 5689 1411 5746 4.
1488 5693 1510 5724 ¹
1543 5691 1757 5750 Coloss.
1799 5710 1862 5762 tt,
1898 5694 1987 5752 15.

2130 5695 2153 5751 .l
2182 5694 2312 5752 Cor.
2340 5711 2393 5761 ν,
2445 5694 2502 5750 8.
2577 5688 3113 5755 ‘Coloss.m,3,l.
3184 5686 3396 5744 'Rom.
3449 5701 3572 5755 vui,
3626 5686 3684 5744 2.

424 5752 450 5792 ⁵
490 5752 651 5809 Rom.
681 5770 797 5822 vui,
836 5755 923 5810 i7.
1001 5756 1021 5787 ⁷
1056 5757 1196 5814 ibid.
1234 5757 1321 5813 16.
