4082 6442
2352 190 2422 217 ει.

380 282 488 348 799
1618 293 1953 354 EUTHYM;

2054 294 2416 355 ZIGABENI
3537 295 3645 356 800

372 433 450 484 illi
476 443 601 484 cum
633 426 745 483 Deo
763 441 885 483 esse
913 441 942 479 a
965 403 1198 480 Domino
1229 423 1543 486 didicimus,
1576 424 1952 477 testimonium

2064 426 2393 498 μαθήκαμεν
2424 426 2524 496 τῆς
2565 427 2697 499 πρὸς
2724 423 2859 482 Θεδν
2889 428 3175 494 κοινωνίας
3201 426 3305 500 τὴν
3339 432 3647 502 μαρτυρίαν

373 519 721 590 praebemus?
751 518 922 572 Porro
947 517 1090 588 quod
1117 524 1198 570 est
1228 517 1480 570 amentia:
1508 522 1694 585 caput,
1727 530 1828 570 nos
1860 531 1953 585 per

2059 517 2498 588 κατατιθέμεθα;
2539 518 2614 569 Τὸ
2653 517 2708 570 δὲ
2753 519 3050 588 κεφάλαιον
3097 522 3194 591 τῆς
3235 520 3440 584 ἀνοίας,
3487 523 3646 592 ἡμεῖς

373 614 534 666 ﬁdem
561 613 618 666 in
642 611 917 666 Christum
943 623 1063 678 quae
1089 619 1170 662 est
1205 608 1258 660 in
1293 605 1522 677 Spiritu,
1544 615 1954 662 resurrecturos

375 719 498 756 cum
532 704 624 755 illo
655 711 708 756 et
730 701 891 756 simul
929 715 1053 752 cum
1087 700 1183 751 illo
1212 713 1466 752 sessuros
1494 714 1617 752 esse
1658 698 1715 751 in
1755 713 1951 766 super-

377 795 694 848 etelestibus
733 806 1039 861 speramus,
1071 806 1194 844 cum
1225 791 1702 846 transformaverit
1751 807 1954 860 corpus

378 886 693 938 humilitatis
719 892 920 938 nostra:
945 883 1012 936 ab
1039 883 1260 936 animali
1281 882 1346 935 ad
1379 883 1684 951 spirituale;
1725 882 1953 951 Spiritui

375 991 504 1028 vero
531 991 636 1028 non
669 989 1023 1040 consessum,
1060 988 1168 1026 non
1193 973 1446 1043 gloriam,
1467 988 1576 1026 non
1611 973 1758 1027 aliud
1792 973 1954 1041 quid-

377 1082 538 1136 quam
559 1081 746 1120 eorum
772 1081 894 1134 quae
921 1067 992 1121 ab
1021 1066 1139 1134 ipso
1163 1066 1446 1128 habemus,
1472 1065 1840 1134 impertimus?
1859 1066 1955 1120 sed

376 1159 579 1228 quibus
614 1172 714 1212 nos
892 1158 1042 1226 ipsos
1070 1170 1190 1210 esse
1213 1155 1428 1227 dignos,
1461 1172 1528 1211 ex
1551 1156 1672 1224 ejus
1705 1157 1798 1226 qui
1829 1171 1954 1226 pro-

375 1249 524 1302 misit
563 1263 670 1302 non
723 1247 976 1303 mendaci
1019 1261 1268 1310 munere,
1298 1247 1598 1310 credimus,
1631 1247 1827 1301 horum
1868 1247 1956 1300 ni-

375 1339 452 1393 hil
493 1338 722 1409 Spiritui
754 1349 965 1401 sancto,
988 1339 1146 1408 quasi
1170 1347 1431 1407 superent
1461 1339 1608 1393 illius
1638 1337 1956 1407 dignitatem

375 1430 758 1484 concedimus?
783 1428 847 1482 Et
879 1429 975 1482 tibi
1002 1427 1220 1497 quidem
1249 1442 1350 1497 pro
1371 1428 1563 1482 merito
1591 1429 1718 1482 licet
1743 1442 1958 1496 semper

376 1535 500 1574 esse
526 1535 651 1573 cum
687 1519 918 1572 Domino
952 1537 965 1571 :
1001 1526 1056 1572 et
1089 1526 1402 1586 exspectas,
1440 1525 1724 1586 utraptus
1771 1518 1824 1570 in
1854 1533 1957 1570 nu-

378 1614 540 1668 bibus
566 1613 618 1666 in
651 1627 945 1666 occursum
987 1614 1041 1666 in
1073 1627 1288 1675 aerem,
1324 1627 1541 1681 semper
1571 1613 1650 1667 sis
1688 1587 1811 1667 c.um
1849 1611 1956 1666 Do—

379 1706 526 1758 mino
556 1705 571 1734 ¹
634 1721 648 1756 :
691 1702 955 1771 Spiritum
1005 1710 1188 1758 autem
1231 1717 1378 1756 nunc
1408 1717 1532 1758 esse
1565 1717 1690 1756 cum
1735 1703 1957 1759 Christo

378 1794 579 1863 negas?
617 1793 718 1859 Qui
759 1795 968 1849 scilicet
1001 1810 1147 1858 eum,
1181 1795 1276 1864 qui
1305 1794 1486 1864 ipsum
1531 1809 1656 1848 cum
1689 1794 1849 1850 Patre
1893 1810 1959 1852 ac

377 1881 518 1936 Filio
549 1891 797 1938 numerat
819 1899 881 1938 ac
910 1887 1075 1948 locat,
1114 1885 1344 1954 expellis
1371 1894 1425 1938 et
1454 1884 1634 1954 ejicis,
1677 1886 1823 1940 velut
1858 1887 1955 1956 qui

375 1974 708 2044 impietatem
739 1990 847 2028 non
881 1975 1154 2030 ferendam
1191 1974 1494 2031 admiserit.
1741 2039 1750 2046 ε

533 2063 733 2118 'Pudet
762 2065 970 2134 reliqua
1005 2065 1326 2134 adiungere;
1357 2067 1502 2136 quod
1537 2073 1593 2120 tu
1619 2065 1837 2137 quidem
1867 2082 1955 2123 ex-

376 2163 594 2222 spectas
623 2152 759 2217 lore,
790 2164 848 2208 ut
873 2169 997 2208 cum
1027 2153 1250 2208 Christo
1275 2154 1596 2223 gloriﬁceris
1636 2173 1650 2209 :
1681 2153 1952 2226 siquidem

376 2245 540 2300 simul
572 2244 882 2315 alliigimur,
913 2253 972 2298 ut
995 2245 1160 2299 simul
1191 2259 1412 2315 quoque
1441 2245 1815 2314 gloriﬁcemur
1875 2252 1896 2283 ³
1935 2267 1950 2304 :

378 2335 644 2406 Spiritum
666 2345 845 2391 autem
872 2335 1327 2391 sanctiﬁcationis
1357 2351 1464 2389 non
1495 2336 1771 2406 gloriﬁcas
1789 2339 1953 2395 simul

369 2445 494 2484 cun
534 2431 774 2496 Christo,
812 2432 970 2501 quasi
1002 2446 1069 2486 ne
1111 2431 1229 2500 pari
1265 2430 1484 2501 quidem
1533 2439 1714 2486 tecum
1749 2433 1956 2490 honore

369 2522 614 2592 dignum.
648 2522 712 2576 Et
744 2537 799 2578 tu
828 2525 1050 2592 quidem
1089 2539 1279 2593 speras
1314 2531 1366 2580 te
1414 2539 1539 2580 cum
1587 2540 1654 2579 eo
1698 2535 1954 2597 regnatu-

368 2629 512 2676 rum,
555 2602 818 2683 Spiritum
850 2630 979 2670 vero
1006 2616 1197 2684 gratiae
1222 2615 1396 2671 allicis
1418 2618 1776 2684 contumelia,
1809 2621 1952 2674 servi

369 2703 670 2773 famulique
717 2706 896 2758 locum
945 2707 1024 2759 illi
1066 2707 1375 2776 assignans.
1420 2709 1598 2778 Atque
1645 2709 1760 2764 haec
1793 2710 1951 2776 dico,

370 2809 480 2847 non
517 2802 576 2847 ut
609 2794 875 2848 duntaxat
905 2796 1194 2850 ostendam
1227 2798 1562 2853 tantumdem
1603 2799 1830 2854 honoris
1860 2801 1957 2855 de-

370 2879 487 2937 beri
515 2883 739 2952 Spiritui
773 2885 827 2938 in
845 2885 1263 2955 gloriticatione,
1297 2888 1392 2944 sed
1413 2898 1470 2944 ut
1504 2890 1954 2948 illorumdemcn—

371 2975 501 3026 tiam
538 2974 884 3046 redarguam,
915 2978 1008 3046 qui
1041 2993 1112 3032 ne
1135 2979 1241 3033 hoc
1263 2981 1484 3049 quidem
1513 2981 1591 3035 illi
1617 2983 1950 3051 concedunt,

2061 610 2158 678 μὲν
2188 609 2275 661 διὰ
2321 610 2419 678 τῆς
2467 610 2549 672 είς
2576 611 2810 680 Χριστὸν
2849 611 3085 674 πίστεως
3124 613 3222 682 τῆς
3275 615 3332 664 ἐν
3370 613 3646 683 Πνεύματι

2060 701 2557 771 συνεγέρθήσεσθαι
2611 703 2758 773 αὐτῷ
2805 705 2898 756 καὶ
2948 704 3393 770 ωγκαθεδεῖσθαι
3586 709 3646 759 ἐν

2055 795 2169 854 τοῖς
2199 794 2542 864 ἐπουρανίοις
2571 794 2882 864 ἐλπίζομεν,
2927 796 3056 848 ὅταν
3104 797 3556 866 μετασχηματίσῃ
3585 798 3648 850 τὸ

2060 884 2223 953 σῶμα
2248 884 2349 954 τῆς
2383 884 2768 945 ταπεινώσεως
2807 885 2963 955 ἡμῶν
2986 886 3093 938 ἀπὸ
3118 886 3213 939 τοῦ
3243 887 3474 957 ψυχικοῦ
3510 891 3646 962 πρὸς

2053 975 2115 1026 τὸ
2158 976 2567 1051 πνευματικόν·
2602 975 2680 1045 τῷ
2716 975 2774 1028 δὲ
2826 976 3108 1047 Πνεύματι
3144 978 3204 1031 οὑ
3236 980 3538 1050 συνεδρίας,
3581 981 3643 1033 οὐ

2054 1063 2234 1134 δόξης,
2261 1065 2359 1118 οὐκ
2389 1065 2547 1118 ἄλλου
2576 1065 2742 1129 τινὸς,
2769 1059 2844 1120 ὧν
2872 1067 3069 1137 ἔχομεν
3099 1069 3229 1139 παρ’
3251 1069 3440 1132 αὐτοῦ,
3474 1088 3642 1140 μετα-

2053 1154 2308 1224 δίδομεν;
2345 1155 2460 1208 ἀλλ’
2509 1149 2584 1208 ὧν
2630 1156 2857 1220 ἑαυτοὺς
2910 1157 3096 1223 ἀξίους
3153 1155 3312 1223 εἶναι,
3353 1160 3494 1212 κατὰ
3543 1153 3669 1231 τὴν

2051 1245 2257 1317 ἀψευδῆ
2278 1247 2371 1300 τοῦ
2408 1247 2876 1318 ἐπαγγειλαμένου
2910 1248 3142 1320 δωρεὰν,
3169 1252 3639 1322 πεπιστεύκαμεν,

2054 1335 2258 1390 τούτων
2285 1338 2497 1401 οὐδενὸς
2533 1339 2612 1409 τῷ
2658 1338 2934 1408 Πνεύματι
2980 1339 3057 1409 τῷ
3105 1341 3244 1411 ἁγίῳ
3271 1340 3346 1402 ὡς
3376 1342 3642 1412 ὑπερϐαί-

2055 1443 2236 1489 νοντος
2261 1428 2427 1481 αὑτοῦ
2449 1429 2547 1500 τὴν
2577 1428 2735 1492 ἀξίαν
2763 1430 3201 1501 παραχωροῦμεν
3225 1447 3239 1495 ;
3283 1432 3390 1483 Kal
3429 1431 3512 1484 σοὶ
3543 1433 3641 1502 μὲν

2055 1519 2198 1573 κατά
2226 1520 2326 1591 τὴν
2356 1517 2512 1585 ἀξίαν
2558 1522 2675 1574 ἐστὶ
2717 1521 2946 1574 πάντοτε
2984 1517 3121 1574 εἶναι
3157 1522 3253 1574 σὺν
3302 1521 3379 1591 τῷ
3429 1523 3639 1593 Κυρίῳ,

2056 1609 2152 1663 καὶ
2186 1609 2510 1681 προσδοκᾷς,
2545 1611 2816 1681 ἀρπαγεὶς
2852 1612 2910 1664 ἐν
2937 1611 3187 1680 νεφέλαις
3213 1613 3294 1675 εἰς
3339 1613 3643 1683 ἀπάντησιν

2058 1701 2140 1764 εἰς
2157 1703 2314 1772 ἀέρα,
2339 1703 2568 1754 πάντοτε
2594 1701 2908 1755 συνέσεσθαι
2937 1701 3015 1772 τῷ
3039 1703 3258 1774 Κυρίῳ·
3289 1704 3350 1756 τὸ
3384 1705 3441 1757 δὲ
3475 1705 3643 1757 Πνεῦο

2060 1807 2136 1862 μα
2163 1791 2258 1844 νῦν
2291 1791 2592 1859 ἀντιλέγεις
2787 1789 2924 1845 εἶναι
2977 1794 3070 1845 σὺν
3102 1792 3180 1862 τῷ
3214 1794 3468 1865 Χριστῷς
3499 1797 3560 1859 ὃς
3576 1813 3642 1864 γε

2053 1882 2145 1935 τὸν
2173 1882 2612 1952 συναριθμοῦντα
2641 1881 2773 1936 αὐτὸ
2806 1882 2899 1936 καὶ
2942 1882 3306 1937 συντάσσοντα
3344 1885 3519 1956 Πατρὶ
3547 1887 3642 1938 καὶ

2056 1973 2170 2044 Υίῷ
2217 1973 2491 2045 ἐξόριστον
2539 1974 2771 2039 τίθεσαι,
2816 1973 2892 2036 ὡς
2938 1974 3186 2046 ἀφόρητα
3239 1975 3628 2031 δυσσεϐοῦντα.

2251 2064 2584 2134 Αἰσχύνομαι
2637 2066 2934 2134 ἐπαγαγεῖν
2968 2066 3035 2119 τὰ
3085 2064 3400 2136 λειπόμενα,
3446 2067 3527 2120 ὃτι
3573 2068 3638 2120 σὺ

2055 2153 2155 2225 μὲν
2191 2154 2718 2226 συνδοξασθήσεσθαι
2752 2156 2974 2227 Χριστῷ
2999 2156 3300 2227 προσδοκᾷς
3321 2157 3500 2227 (εἴπερ
3531 2158 3638 2230 γὰρ

2055 2244 2452 2316 συμπάσχομεν
2487 2247 2573 2299 ἵνα
2602 2247 2696 2300 καὶ
2723 2246 3210 2315 συνδοξασθῶμενΥ
3241 2248 3300 2300 τὸ
3331 2247 3387 2300 δὲ
3420 2246 3641 2317 Πνεῦμα

2051 2336 2152 2405 τῆς
2185 2337 2498 2407 ἁγιωσύνης
2519 2338 2594 2389 ὀὐ
2635 2337 2973 2404 συνδοξάζεις
3013 2337 3257 2409 Χριστῷ,
3292 2338 3366 2401 ὠς
3401 2339 3520 2392 οὐδὲ
3556 2342 3637 2392 σοὶ

2051 2426 2160 2479 τῶν
2190 2427 2319 2480 ἴσων
2347 2428 2635 2497 τυγχάνειν
2661 2428 2832 2494 ἀξιον.
3019 2429 3128 2481 Καὶ
3158 2429 3222 2480 σὺ
3262 2427 3360 2498 μὲν
3393 2427 3634 2492 ἐλπίζεις

2054 2518 2476 2587 συμϐασιλεύειν
2497 2535 2508 2548 '
2533 2519 2664 2571 τὸδὲ
2694 2518 2917 2588 Πνεῦμα
2942 2503 3042 2588 τῆς
3063 2519 3283 2588 χάριτος
3307 2518 3630 2590 ἐνυϐρίζεις,

2051 2607 2148 2678 τὴν
2173 2609 2358 2662 δούλου
2382 2609 2531 2679 αὐτῷ
2558 2611 2647 2662 καὶ
2681 2610 2954 2680 ὑπηρέτου
2984 2610 3135 2675 τάξιν
3156 2609 3499 2680 ἀποκληρῶν.
3527 2611 3634 2662 Kal.

2050 2697 2222 2752 ταῦτα
2278 2699 2442 2767 λέγω,
2496 2701 2595 2770 οὐχ
2652 2701 2738 2753 ἵνα
2790 2700 3040 2754 τοσοῦτον
3089 2702 3244 2767 δείξω
3291 2701 3634 2772 ὀφειλόμενον

2053 2786 2192 2842 εἶναι
2224 2793 2304 2853 είς
2328 2791 2635 2859 δοξολογίαν
2662 2790 2741 2862 τῷ
2761 2791 3038 2862 Πνεύματι
3064 2809 3077 2823 ο
3101 2792 3214 2845 ἀλλ’
3239 2793 3324 2844 ἵνα
3342 2791 3439 2862 τὴν
3461 2794 3636 2860 ἀγνω-

2055 2882 2293 2954 μοσύνην
2327 2882 2531 2952 ἐλέγξω
2569 2882 2677 2935 τῶν
2726 2884 2860 2954 μηδέ
2891 2883 3146 2936 τοσοῦτον
3196 2883 3464 2946 διδόντων,
3521 2883 3634 2936 ἀλλ’

2049 2971 2124 3035 ὡς
2176 2973 2428 3029 ἀσέϐειαν
2480 2973 2790 3042 φευγόντων
2835 2973 2933 3045 τὴν
2987 2972 3081 3026 τοῦ
3133 2973 3450 3043 Πνεύματος
3501 2974 3638 3045 πρὸς

371 3065 467 3120 sed
500 3066 642 3120 velut
670 3067 1002 3136 impietatem
1045 3069 1304 3136 horrent,
1355 3069 1592 3140 Spiritus
1633 3089 1759 3129 cum
1789 3074 1952 3132 Patre

2054 3062 2180 3115 Υίὸν
2213 3064 2305 3116 καὶ⁸
2341 3063 2564 3134 Πατέρα
2605 3063 2900 3121 κοινωνίαν,
2935 3063 3036 3132 τῆς
3078 3062 3254 3132 δόξης.
3296 3064 3391 3126 Τίς
3416 3063 3636 3118 δύναται

371 3165 426 3211 et
459 3155 598 3211 Filio
620 3158 675 3212 in
706 3157 882 3228 gloria
911 3161 1276 3216 consortium.
1302 3162 1436 3228 Quis
1473 3173 1653 3234 potest
1685 3167 1799 3222 haec
1826 3169 1954 3225 abs-

371 3262 478 3315 que
508 3248 708 3316 gemitu
746 3252 1213 3305 commemorare?
1236 3251 1433 3306 Annon
1474 3254 1822 3310 manifestunt
1845 3266 1948 3322 est,

373 3336 449 3388 ita
485 3347 543 3390 ut
573 3337 654 3392 vel
689 3353 826 3406 puer
856 3340 1146 3410 intelligat,
1178 3357 1241 3397 ea
1275 3358 1398 3412 quae
1422 3359 1572 3398 nunc
1603 3345 1738 3399 ﬁunt
1769 3363 1952 3415 prow-

374 3427 483 3478 mia
508 3442 631 3482 esse
665 3428 996 3488 defectionis
1027 3433 1149 3487 lidei
1171 3472 1186 3498 ,
1219 3449 1386 3503 quam
1427 3436 1671 3491 minatus
1715 3447 1798 3494 est
1843 3441 1950 3494 Do-

372 3517 594 3572 minus?
643 3518 852 3584 Quibus
881 3523 1184 3577 contradici
1228 3522 1313 3578 fas
1350 3539 1459 3579 non
1503 3533 1657 3590 erat,
1708 3541 1772 3581 ea
1807 3527 1952 3584 facta

375 3616 506 3660 sunt
547 3608 821 3678 ambigua.
867 3611 1155 3666 Credimus
1205 3612 1260 3666 in
1307 3611 1610 3682 Spiritum,
1653 3623 1708 3669 et
1746 3617 1952 3672 nostris

375 3699 615 3764 ipsorum
664 3699 1101 3767 professionibus
1141 3717 1535 3773 repugnamus.
1576 3703 1949 3774 Baptizamur,

371 3795 427 3839 et
456 3802 676 3842 rursum
707 3805 1036 3859 pugnamus.
1069 3789 1140 3846 Ut
1164 3793 1288 3846 vitae
1306 3801 1584 3848 auctorem
1605 3796 1949 3858 invocamus,

373 3885 428 3931 et
475 3888 532 3933 ut
564 3895 891 3936 conservum
933 3883 1288 3952 despicimus.
1336 3884 1472 3938 Cum
1524 3884 1688 3940 Patre
1722 3896 1776 3940 et
1813 3886 1951 3942 Filio

376 3967 640 4037 Spiritutn
680 3973 1024 4042 accepimus,
1070 3981 1125 4028 et
1161 3991 1286 4029 eum
1329 3982 1389 4029 ut
1432 3986 1698 4031 creatura:
1738 3987 1946 4046 partem

372 4063 708 4128 contemptui
755 4063 1041 4118 habemus.
1090 4065 1183 4119 Isti
1215 4073 1395 4118 autem
1422 4106 1436 4126 ,
1477 4066 1608 4136 quid
1651 4081 1811 4121 orare
1857 4068 1951 4120 de—

364 4145 528 4197 beant
558 4143 867 4197 nescientes
925 4151 970 4208 ³,
1004 4145 1050 4198 si
1092 4160 1158 4199 eo
1201 4145 1591 4210 adducuntur,
1636 4156 1695 4200 ut
1743 4148 1950 4216 aliquid

361 4235 527 4289 etiam
557 4233 842 4302 magniﬁce
873 4234 1170 4303 loquantur
1190 4237 1257 4290 de
1275 4235 1506 4306 Spiritu,
1539 4237 1764 4306 perinde
1795 4239 1951 4305 quasi

2052 3152 2224 3207 ταῦτα
2257 3154 2550 3207 ἀστενακτὶ
2575 3153 2865 3223 παρελθεῖν
2891 3169 2906 3218 ;
2933 3155 3002 3204 Ἢ
3044 3153 3152 3223 γὰρ
3178 3154 3298 3222 οὐχὶ
3353 3153 3637 3224 προδήλως

2053 3241 2194 3295 ὥστε
2383 3243 2488 3295 κᾶν
2529 3242 2680 3295 παιδὶ
2711 3241 2964 3310 γενέσθαι
3005 3239 3299 3311 γνώριμον,
3345 3243 3443 3312 τὴν
3477 3243 3637 3295 ἀπει-

2051 3334 2306 3403 ληθεῖσαν
2323 3333 2420 3403 τῆς
2438 3333 2672 3395 πίστεως
2691 3331 2931 3399 ἔκλειψιν
2949 3331 3390 3401 προοιμιάζονται
3410 3330 3476 3384 τὰ
3498 3349 3639 3402 παρ-

2053 3424 2208 3491 όντα;
2250 3423 2548 3495 Ἀμφίϐολα
2571 3423 2762 3492 γέγονε
2798 3421 2866 3475 τὰ
2895 3420 3283 3492 ἀναντίρῤητα.
3306 3421 3638 3492 Πιστεύομεν

2054 3517 2135 3580 είς
2165 3517 2225 3569 τὸ
2247 3514 2472 3586 Πνεῦμα
2491 3531 2505 3545 ·
2534 3515 2628 3567 καὶ
2647 3517 2762 3578 ταῖς
2781 3513 3076 3583 ἡμετέραις
3103 3513 3281 3566 αὐτῶν
3326 3513 3642 3584 ὁμολογίαις

2054 3605 2492 3678 ζυγομαχοῦμεν.
2535 3603 2952 3674 Βαπτιζόμεθα·
3008 3603 3101 3656 καὶ
3133 3603 3294 3656 πάλιν
3329 3603 3636 3674 μαχόμεθα.

2067 3699 2154 3762 Ὠς
2197 3696 2441 3769 ἀρχηγὸν
2473 3697 2573 3766 τῆς
2614 3695 2757 3765 ζωῆς
2784 3692 3218 3764 ἐπικαλώμεθαο
3257 3693 3351 3745 καὶ
3383 3692 3458 3756 ὡς
3511 3697 3640 3764 ὁμο-

2053 3789 2239 3843 δούλου
2275 3786 2741 3857 καταφρονοῦμεν.
2775 3784 2931 3839 Μετά
2973 3784 3186 3854 Πατρὸς
3217 3785 3310 3837 καὶ
3340 3782 3465 3836 Υἰοῦ
3498 3802 3640 3856 παρ-

2054 3877 2336 3945 ελάϐομεψ
2377 3875 2469 3928 καὶ
2498 3876 2574 3940 ὼς
2605 3874 2770 3946 μέρος
2800 3875 2896 3943 τῆς
2927 3873 3155 3936 κτίσεως
3193 3872 3548 3943 ἀτιμάζομεν.
3577 3875 3652 3940 Οἱ,

2055 3967 2132 4029 δέ,
2157 3967 2208 4019 τί
2236 3965 2624 4036 προσεύξονται
2653 3965 2726 4034 μὴ
2750 3963 2966 4028 εἰδότες,
2986 3963 3083 4017 ἐάν
3108 3981 3160 4017 τι
3185 3962 3278 4016 καὶ
3308 3962 3637 4031 φθέγξασθαι

2057 4056 2250 4124 σεμνὸν
2300 4056 2425 4124 περὶ
2477 4054 2570 4107 τοῦ
2626 4053 2942 4123 Πνεύματος
3149 4052 3515 4122 προαχθῶσιν,
3562 4051 3641 4116 ὡς

2051 4148 2429 4219 ἐφικνούμενοι
2452 4150 2552 4218 τῆς
2573 4147 2748 4214 ἀξίας,
2781 4147 3068 4211 κολάζουσι
3097 4147 3190 4199 τοῦ
3217 4146 3377 4214 λόγου
3399 4145 3460 4197 τὸ
3482 4146 3650 4217 ὑπερ-

2057 4242 2252 4291 πῖπτον
2296 4238 2394 4310 τὴν
2441 4239 2804 4309 συμμετρίαν.
2856 4237 2964 4301 Οὓς
3019 4237 3184 4308 ἐχρῆν
3215 4236 3504 4308 ὀδύρεσθαι
3542 4237 3647 4307 τὴν

367 4324 690 4394 dignitatern
720 4325 896 4393 ipsius
928 4339 1332 4395 assequamur;
1362 4328 1506 4398 quod
1552 4329 1608 4382 in
1645 4329 1809 4383 dictis
1833 4345 1949 4382 tuo-

2057 4331 2340 4385 ἀσθένειαν
2361 4348 2374 4361 ·
2417 4332 2500 4385 ὅτι
2529 4325 2604 4385 ὧν
2637 4330 2784 4402 ἔργῳ
2829 4332 3130 4401 πάσχομεν,
3159 4329 3339 4398 λόγοις
3371 4329 3648 4399 ἀντιπλη-

323 4453 325 4455 ι
365 4414 496 4471 dum
532 4417 748 4472 excedit
773 4456 787 4482 ,
836 4418 1162 4486 reprimunt.
1199 4419 1350 4485 Quos
1385 4436 1541 4474 suam
1579 4420 1950 4476 inﬁrmitatem

365 4505 647 4575 deplorare
693 4508 980 4578 oportebat
1032 4527 1044 4562 :
1083 4510 1342 4579 quoniam
1375 4510 1559 4565 idonei
1590 4527 1698 4565 non
1736 4527 1950 4576 sumus,

364 4597 462 4666 qui
501 4613 601 4668 pro
635 4598 938 4664 beneﬁciis,
973 4601 1176 4669 quibus
1214 4602 1395 4671 reipsa
1424 4602 1722 4667 aﬁicimur,
1768 4604 1954 4658 verbis

362 4691 569 4760 gratias
599 4705 847 4760 agamus.
897 4691 1133 4761 Superat
1181 4693 1327 4746 enim
1371 4710 1588 4749 omnem
1619 4695 1954 4750 intellectum

366 4795 432 4834 ac
469 4783 742 4837 sermonis
779 4790 1032 4836 naturam
1072 4784 1383 4855 redarguit,
1419 4801 1546 4840 cum
1587 4800 1650 4839 ea
1692 4802 1760 4840 ne
1798 4788 1959 4840 mini-

367 4885 510 4926 mam
543 4874 762 4941 quidem
786 4875 1069 4944 dignitatis
1098 4875 1245 4930 illius
1278 4884 1486 4946 partem
1507 4878 1778 4949 adaequet,
1800 4878 1956 4947 juxta

366 4959 533 5012 verba
590 4959 712 5012 libri
763 4962 856 5030 qui
921 4962 1245 5018 inscribitur
1291 4964 1573 5036 Sapientia
1637 4985 1651 5022 :
1703 4965 1958 5020 Exaltate

370 5049 513 5103 enim
539 5087 554 5111 ,
588 5048 766 5118 inquit
796 5089 811 5113 ,
843 5061 1302 5123 quantumcunque
1344 5055 1624 5122 potueritis
1670 5071 1689 5108 :
1740 5065 1954 5124 superat

366 5137 506 5192 enim
533 5147 581 5190 et
611 5139 804 5201 adhuc;
826 5151 874 5194 et
901 5142 1196 5197 exultantes
1220 5159 1338 5197 eum
1366 5144 1736 5214 multiplicate.
1769 5144 1951 5200 Nolite

368 5229 612 5295 laborare
643 5247 660 5282 :
693 5247 797 5283 non
832 5233 970 5284 enim
998 5235 1350 5302 assequemt'm'
1411 5241 1450 5290 ⁸.
1483 5235 1741 5290 Profecto
1785 5238 1948 5291 terri—

2059 4423 2185 4496 ροῦν
2207 4425 2304 4496 τὴν
2326 4425 2485 4496 χάριν
2509 4425 2608 4477 ούκ
2635 4423 2994 4495 ἐξαρκοῦμεν.
3029 4423 3314 4493 ’Υπερέχει
3339 4421 3446 4492 γὰρ
3464 4421 3646 4476 πάντα

2057 4493 2203 4581 νδῦν,
2235 4493 2337 4569 atat
2352 4493 2520 4584 λόγου
2569 4493 2992 4585 φύσινήέλέγχει,
3023 4513 3142 4566 οὐδὲ
3176 4511 3453 4582 πολλοστῷ
3487 4512 3645 4584 μέρει

2056 4605 2157 4676 τῆς
2191 4606 2347 4671 ἀξίας
2390 4606 2800 4676 παρισουμένην
3027 4604 3167 4658 κατά
3202 4605 3295 4658 τὸν
3338 4603 3495 4671 λόγον
3545 4601 3648 4671 τῆς

2057 4698 2503 4770 ἐπιγραφομένης
2528 4697 2746 4768 Σοφίας·
2794 4694 3092 4764 Ὑψώσατε
3133 4695 3264 4764 γὰρ,
3311 4693 3465 4764 φησὶ,
3506 4695 3648 4745 καθ-

2057 4785 2208 4844 ὅσον
2249 4788 2326 4842 ἂν
2375 4788 2675 4856 δύνησθεσ
2747 4786 3024 4856 ὑπερέχει
3064 4787 3176 4856 γὰρ
3215 4786 3313 4840 καὶ
3359 4784 3486 4838 ἔτι·
3543 4781 3642 4836 καὶ

2058 4881 2362 4948 ὑψοῦντες
2390 4878 2579 4933 αὐτὸν
2605 4880 2973 4948 πληθύνατε.
2994 4876 3090 4944 Μὴ
3117 4874 3387 4931 κοπιᾶτεο
3430 4877 3501 4929 οὐ
3535 4873 3642 4944 γὰρ

2051 4971 2138 5039 μὴ
2186 4971 2496 5039 ἑφίκησθε.
2547 4965 2623 5024 Ἦ
2657 4989 2758 5024 που
2813 4970 3044 5041 φοϐεραὶ
3081 4970 3209 5040 ὑμῖν
3239 4969 3295 5022 αἱ
3349 4968 3488 5038 ὑπὲρ
3534 4964 3642 5018 τῶν

2057 5078 2312 5114 τοιουτων
2359 5060 2533 5130 λόγων
2583 5061 2807 5116 εὐθῦναι
2865 5063 2976 5124 τοῖς
3031 5060 3182 5131 παρά
3237 5057 3332 5113 τοῦ
3379 5054 3648 5128 ἀψευδοῦς

2058 5153 2320 5222 ἀκηκοόσι
2343 5153 2476 5206 Θεοῦ
2501 5153 2889 5226 ἀσυγχώρητον
2920 5148 3060 5207 εἶναι
3096 5151 3195 5222 τὴν
3222 5153 3303 5217 είς
3330 5152 3391 5204 τὺ
3416 5149 3646 5221 Πνεῦμα

2057 5243 2114 5296 τὸ
2138 5244 2290 5312 ἆγιον
2327 5245 2696 5318 βλασφημίαν.

367 5326 507 5382 biles
530 5324 685 5380 vobis
719 5326 1032 5380 istiusmodi
1095 5343 1409 5384 sermonum
1468 5329 1757 5386 reddenda:
1789 5334 2027 5389 rationes
2064 5339 2157 5408 qui
2196 5355 2224 5394 a
2276 5339 2387 5396 Deo
2425 5342 2645 5398 mentiri
2689 5341 2878 5397 nescio
2910 5338 3170 5408 audtstis,
3209 5335 3642 5394 irremissibilem

367 5431 491 5473 esse
512 5418 908 5488 blasphemiam
932 5419 986 5472 in
1021 5419 1285 5473 Spiritum
1319 5431 1570 5477 sanctum
1633 5428 1677 5476 ⁸.

463 5508 606 5565 Sane
649 5525 836 5569 contra
891 5513 945 5569 id
1009 5514 1156 5586 quod
1215 5514 1446 5581 dicunt,
1497 5516 1946 5586 gloriﬁcationem

2134 5517 2279 5590 Πρός
2325 5533 2388 5587 γε
2436 5515 2545 5589 μὴν
2583 5518 2643 5570 τὸ
2664 5515 2986 5587 ἀμάρτυρον
3045 5516 3139 5572 καὶ
3209 5517 3463 5587 ἄγραφον
3502 5507 3648 5567 εἶναι

459 5713 476 5743 ⁸
511 5712 528 5766 l
559 5713 751 5772 Thess.
784 5731 856 5783 tv,
896 5715 981 5774 16.
1060 5717 1079 5748 ⁸
1117 5715 1274 5772 liom.
1310 5732 1425 5781 vnt,
1460 5717 1543 5770 l7.
1627 5717 1827 5773 ³1ὶοιιι.
1880 5734 1947 5774 vtt

2054 5720 2126 5775 BG.
2207 5719 2224 5749 ⁵
2269 5717 2434 5773 Eccli.
2480 5732 2614 5782 XLII,
2653 5716 2743 5784 35,
2777 5718 2864 5773 δι.
2943 5719 2964 5752 ³
2998 5717 3130 5773 Luc.
3167 5732 3264 5785 xu,
3294 5715 3382 5774 l0.
