4082 6426
355 359 458 427 861

1320 364 1695 426 PANOPLIA
1736 362 2193 424 DOGMATICA.
2228 387 2296 396 --
2335 364 2485 422 ΤΙΤ.
2527 362 2665 421 .\ll.

3510 369 3617 434 802

348 511 448 583 τὴν
476 508 601 565 σὺν
652 507 732 575 τῷ
772 510 1068 577 Πνεύματι
1112 504 1417 572 δοξολογίαν
1465 507 1639 557 ἐκεῖνο
1674 504 1935 575 λέγομενο

2042 525 2151 561 cuni
2202 507 2405 578 Spiritu
2447 526 2635 566 carere
2683 510 2998 565 testimonio
3024 554 3037 579 ,
3069 528 3173 569 nec
3215 515 3268 569 in
3318 512 3621 588 Scripturis

352 605 457 666 ὃτι,
486 602 536 656 εἰ
574 599 673 672 μὲν
705 599 870 670 μηδὲν
894 598 1079 669 ἓτερον
1105 596 1369 668 ἄγραφον,
1407 594 1539 665 μηδὲ
1572 595 1729 647 τοῦτο
1762 611 1939 665 παρα-

352 694 598 765 δεχθήτω
619 709 631 722 ·
685 692 734 744 εἰ
762 691 819 744 δὲ
851 688 920 743 τὰ
954 689 1179 741 πλεῖστα
1219 687 1329 739 τῶν
1372 684 1647 756 μυστικῶν
1681 685 1942 754 ἀγράφως

354 789 486 857 ἡμῖν
520 781 955 854 ὲμπολιτεύεται,
1009 779 1147 852 μετὰ
1191 777 1400 831 πολλῶν
1444 776 1552 829 τῶν
1608 776 1810 846 ἐτέρων
1848 775 1940 827 καὶ

354 877 514 929 τοῦτο
549 870 984 946 παραδεξόμεθα.
1170 866 1547 922 Ἀποστολικδν
1581 867 1636 918 δὲ
1659 862 1811 935 οἶμαι
1847 862 1942 915 καὶ

354 968 415 1021 τὸ
440 970 559 1030 ταῖς
608 965 879 1038 ἀγράφοις
913 961 1245 1034 παραδόσεσι
1288 960 1642 1031 παραμένειν.
1687 952 1943 1010 Ἐπαινῶ

356 1058 488 1127 γὰρ,
527 1057 715 1127 φησιν,
744 1054 920 1125 ὑμᾶς,
956 1054 1044 1106 ὅτι
1076 1052 1273 1105 πάντα
1306 1070 1426 1119 μου
1470 1045 1942 1121 μέμνησθεηκαὶ

356 1149 555 1214 καθὼς
588 1146 901 1214 παρέδωκα
920 1144 1083 1213 ὑμῖν,
1111 1145 1217 1207 τὰς
1246 1140 1608 1210 παραδόσεις
1628 1140 1905 1205 κατέχετε
1924 1151 1942 1168 ⁶

358 1242 454 1294 καὶ
486 1240 567 1303 τὸ,
619 1237 896 1306 Κρατεῖτε
929 1235 1035 1301 τὰς·
1068 1233 1430 1302 παραδόσεις
1477 1231 1550 1296 ἇς
1583 1229 1945 1299 παρελάϐετε

357 1333 479 1385 εἴτε
509 1330 609 1384 διὰ
648 1330 858 1396 λόγου,
890 1326 1012 1379 εἴτε
1056 1325 1131 1378 δι’
1170 1322 1540 1390 ἐπιστολῆςο
1576 1317 1653 1376 ὧν
1850 1319 1943 1386 μία

358 1425 474 1477 ἐστὶ
503 1424 597 1477 καὶ
627 1424 662 1492 ἡ
701 1420 948 1491 παροῦσα
987 1417 1148 1488 αὕτη,
1176 1417 1243 1487 ἣν
1284 1418 1333 1469 οἱ
1371 1416 1430 1480 ἐξ
1475 1416 1653 1487 ἀρχῆς
1691 1414 1947 1482 διαταξςῑι⁹

360 1530 511 1582 μενοι
543 1510 929 1582 παραδιδόντες
983 1510 1092 1570 τοῖς
1143 1505 1362 1575 ἐφεξῆς,
1413 1506 1820 1576 συμπροῖούσης
1858 1502 1946 1558 ἀεὶ

356 1605 431 1674 τῷ
459 1605 636 1675 χρόνῳ
678 1604 777 1674 τῆς
823 1604 1093 1672 χρήσεως,
1134 1600 1222 1653 διὰ
1258 1599 1475 1669 μακρᾶς
1525 1597 1626 1667 τῆς
1661 1597 1940 1669 συνηθείας

354 1700 473 1759 ταῖς
503 1694 850 1765 Ἐκκλησίαις
881 1690 1376 1762 ὲγκατερρίζωσαν.
1397 1684 1523 1758 Ἆρ’
1550 1684 1642 1742 οὖν
1675 1690 1743 1750 εἰ,
1780 1686 1854 1750 ὡς
1885 1687 1945 1741 ὲν

2032 612 2273 667 exstare,
2308 602 2440 655 illud
2464 602 2700 657 dicimus
2730 622 2741 655 :
2777 602 2821 656 si
2979 605 3115 658 nihil
3156 606 3303 661 aliud
3335 617 3421 664 est
3467 625 3622 666 rece-

2035 700 2189 762 ptum
2214 694 2421 764 absque
2447 694 2769 764 Scripturis,
2800 710 2865 748 ne
2894 694 2994 749 hoc
3020 697 3243 763 quidem
3276 700 3574 768 recipiatur
3602 719 3617 767 ;

2035 790 2122 845 sin
2164 791 2397 860 plurima
2426 803 2623 841 arcana
2654 787 2793 842 citra
2821 787 3084 856 scriptum
3115 798 3335 859 recepta
3365 800 3494 847 sunt
3524 808 3622 846 no-

2036 881 2143 944 bis,
2172 897 2297 935 cum
2326 879 2449 933 aliis
2480 878 2730 948 pluribus
2755 884 2809 931 et
2835 878 2939 932 hoc
2971 880 3321 949 recipiemus.
3362 882 3620 937 Arbitror

2036 979 2217 1026 autem
2249 970 2608 1040 apostolicum
2639 985 2780 1031 esse,
2812 970 2975 1022 etiam
3007 986 3115 1023 non
3168 973 3393 1041 scriptis
3447 975 3621 1028 tradi-

2035 1047 2274 1116 tionibus
2308 1061 2595 1114 inhwrere.
2636 1056 2824 1111 Laudo
2862 1061 3022 1122 enim,
3054 1060 3271 1129 inquit,
3315 1078 3436 1125 vos,
3479 1065 3619 1133 quod

2034 1154 2213 1208 omnia
2239 1169 2353 1206 mea
2385 1151 2719 1213 meministis,
2756 1160 2803 1203 et
2833 1150 3274 1219 quemadmodum
3308 1154 3511 1207 tradidi
3531 1173 3619 1209 vo-

2035 1243 2143 1303 bis,
2180 1240 2489 1294 traditiones
2530 1241 2717 1294 tenetis
2748 1242 2762 1271 ¹
2798 1280 2810 1293 .
2845 1242 2909 1295 Et
2955 1240 3111 1304 illud,
3148 1241 3334 1298 Tenete
3362 1245 3617 1299 traditio-

2034 1350 2123 1387 nes
2145 1348 2276 1401 quas
2306 1333 2579 1401 accepistis
2610 1333 2715 1385 sive
2745 1327 2837 1401 per
2859 1348 3152 1386 sermonem
3176 1335 3279 1387 sive
3305 1352 3394 1403 per
3424 1337 3618 1404 episto-

2036 1423 2143 1475 lam
2176 1429 2197 1458 ³
2228 1437 2497 1491 :quarum
2524 1407 2630 1474 una
2653 1430 2737 1475 est
2767 1430 2819 1475 et
2846 1421 2959 1475 haec
2981 1422 3047 1476 de
3069 1438 3175 1491 qua
3203 1440 3348 1479 nunc
3380 1427 3616 1495 agimus,

2034 1530 2196 1585 quam
2227 1515 2318 1585 qui
2345 1515 2413 1568 ab
2448 1513 2605 1567 initio
2641 1515 3123 1584 praescripserunt,
3158 1516 3617 1588 tradideruntque

2033 1605 2289 1676 posteris,
2336 1621 2437 1659 usu
2486 1620 2699 1673 semper
2750 1606 2916 1658 simul
2946 1621 3071 1658 cum
3107 1616 3348 1675 tempore
3394 1624 3618 1678 progre-

2033 1698 2252 1762 diente,
2312 1697 2485 1767 ipsam
2551 1696 2707 1766 longa
2769 1699 3171 1751 consuetudine
3231 1700 3287 1751 in
3350 1698 3617 1756 Ecclesiis

352 1788 689 1859 δικαστηρίῳ
727 1786 824 1855 τῆς
857 1783 943 1835 διὰ
974 1782 1081 1836 τῶν
1114 1782 1407 1859 ἐγγράφων
1439 1779 1765 1845 ἀποδείξεως
1810 1779 1942 1831 ἀπο-

2042 1784 2423 1841 irradicarunt.
2454 1782 2596 1854 Ergo
2632 1786 2677 1839 si
2722 1786 2869 1839 velut
2901 1787 2954 1840 in
2999 1788 3260 1842 tribunali
3283 1829 3297 1852 ,
3337 1793 3619 1860 probatio-

357 1879 596 1949 ροῦντες,
617 1876 907 1949 μαρτύρων
925 1876 1052 1947 ὑμῖν
1066 1875 1268 1945 πλῆθος
1421 1873 1899 1943 παραστησαίμεθα
1920 1910 1940 1939 ,

352 1973 457 2023 οὐκ
493 1970 558 2023 ἂν
598 1969 701 2038 τῆς
753 1967 1009 2037 ἀφιείσης
1059 1967 1194 2041 παρξ
1225 1964 1379 2035 ὑμῶν
1431 1965 1613 2034 ψήφου
1648 1961 1941 2031 τύχοιμεν;

366 2062 511 2131 Ἐγὼ
539 2063 638 2133 μὲν
658 2060 832 2125 οὕτως
864 2057 1044 2131 οἶμαι·
1089 2058 1220 2112 Ἐπὶ
1252 2057 1549 2126 στόματος
1574 2053 1682 2125 γὰρ
1704 2052 1811 2106 δύο
1845 2049 1943 2105 καὶ

353 2153 535 2223 τριῶν
566 2155 881 2223 μαρτύρων
905 2150 1269 2217 σταθήσεται
1298 2147 1421 2202 πᾶν
1448 2146 1630 2216 ῥῆμα.
1666 2146 1728 2197 Εἰ
1762 2144 1817 2197 δὲ
1848 2143 1943 2197 καὶ

354 2244 447 2297 τὸν
484 2244 649 2296 πολὺν
669 2245 861 2314 χρόνον
889 2242 1024 2313 πρὸς
1056 2239 1210 2312 ἡμῶν
1238 2239 1367 2292 ὄντα
1402 2238 1645 2308 ἐναργῶς
1684 2238 1810 2306 ὑμῖν
1842 2236 1943 2287 ἐπα

353 2334 691 2403 εδείκνυμεν,
729 2333 829 2385 οὐκ
859 2331 923 2385 ἂν
950 2330 1207 2401 ἐδόξαμεν
1246 2329 1374 2397 ὑμῖν
1410 2327 1591 2379 εἰκότα
1623 2325 1823 2393 λέγειν,
1864 2328 1941 2396 μὴ

352 2422 496 2477 εἷναι
527 2425 645 2477 καθ’
669 2422 826 2495 ἡμῶν
854 2422 951 2494 τὴν
978 2413 1133 2491 δίκήν
1158 2417 1526 2489 εἰσαγώγιμον
1542 2416 1774 2487 ταύτην;
1803 2419 1942 2469 Δυσ-

353 2516 615 2585 ωπητικὰ
654 2515 762 2586 γάρ
801 2532 916 2577 πως
959 2513 1029 2566 τὰ
1070 2511 1275 2566 παλαιὰ
1303 2510 1411 2564 τῶν
1444 2510 1747 2579 δογμάτων,
1777 2508 1939 2563 οἱονεὶ

352 2605 519 2677 πολιᾷ
551 2623 655 2659 τινι
685 2608 751 2676 τῇ
789 2604 1108 2676 ἀρχαιότητι
1154 2603 1214 2655 τὸ
1248 2601 1521 2670 αἰδέσιμον
1556 2599 1765 2669 ἔχοντα.
1813 2601 1940 2651 Ἀπ-

354 2698 731 2770 αριθμήσομαι
743 2692 833 2751 οὖν
848 2698 974 2767 ὑμῖν
995 2697 1121 2758 τοὺς
1151 2692 1458 2765 προστάτας
1484 2689 1575 2744 τοῦ
1603 2691 1936 2759 λόγου(συμ-

353 2792 794 2860 παραμετρεὴαι
824 2790 878 2841 δὲ
914 2790 1130 2849 παντως
1152 2784 1293 2840 κατὰ
1314 2784 1375 2837 τὸ
1408 2782 1756 2853 σιωπώμενον
1794 2784 1885 2835 καὶ
1910 2784 1938 2835 ό

359 2913 473 2988 Τοῦ
502 2919 712 2970 αὐτοῦ.
753 2919 1177 2987 Ἀπαρίθμησις
1204 2919 1324 2973 τῶν
1346 2920 1416 2971 ἐν
1473 2919 1549 2987 τῇ
1582 2922 1928 2988 Ἐκκλησία

426 2983 757 3062 διαφανῷν.
787 2983 919 3062 duo]
940 3059 963 3062 __
978 2983 1322 3062 ἐχρήσαντο
1350 2991 1421 3044 ἐν
1457 2983 1585 3058 τοῖς
1624 2983 1935 3062 συγγράμ-

422 3073 615 3127 μασιν
639 3059 872 3114 ἑαυτῶν
891 3059 963 3129 τῇ
990 3059 1161 3131 φωνῇ
1191 3063 1394 3117 ισύν.»
1432 3063 1661 3131 Κεφάλ.
1689 3059 1801 3119 κθ¹έ

427 3172 913 3245 Ἀπαριθμήσομαι
965 3172 1060 3230 οὖν
1119 3178 1247 3242 ὑμῖν
1300 3180 1428 3242 τοὺς
1464 3179 1779 3247 προστάτας
1833 3177 1935 3231 τοῦ

2034 1877 2198 1932 nibus
2231 1893 2261 1932 e
2293 1877 2499 1946 scripto
2544 1875 2826 1939 destituti,
2865 1880 3071 1932 multos
3104 1881 3258 1934 vobis
3293 1890 3461 1937 testes
3490 1899 3612 1953 pro-

2035 1968 2325 2029 ducamus,
2362 1981 2543 2020 nonne
2596 1967 2922 2020 sententiam
2962 1968 3338 2024 absolventem
3387 1987 3415 2025 a
3459 1974 3622 2028 vobis

2034 2056 2473 2127 consequemur?
2500 2055 2609 2125 Ego
2637 2056 2853 2124 quidem
2879 2057 3150 2112 arbitror:
3176 2059 3339 2114 lnore
3357 2062 3617 2131 siquidem

2032 2150 2259 2203 duorum
2307 2164 2369 2199 ac
2434 2148 2595 2199 trium
2647 2148 2857 2199 testium
2890 2147 3053 2200 stabit
3100 2166 3253 2203 omne
3303 2151 3515 2205 verbum
3572 2152 3616 2207 ³.

2033 2237 2190 2303 Quod
2244 2236 2291 2289 si
2338 2235 2500 2289 etiam
2536 2236 2797 2303 temporis
2846 2235 3266 2292 diuturnitatem
3311 2256 3409 2308 pro
3454 2241 3615 2298 nobis

2036 2328 2331 2381 facientem
2398 2324 2556 2379 vobis
2617 2326 2902 2381 evidenter
2961 2329 3356 2393 ostendamus,
3428 2347 3613 2386 annon

2034 2416 2340 2469 videbimur
2370 2413 2527 2467 vobis
2557 2414 2861 2483 probabilia
2895 2416 3097 2482 dicere,
3136 2433 3242 2472 non
3276 2434 3439 2488 posse
3462 2421 3613 2475 litem

2036 2508 2197 2563 istam
2243 2506 2369 2575 jure
2410 2505 2571 2560 nobis
2623 2505 2871 2560 intendi?
2914 2504 3238 2560 Veneranda
3287 2510 3432 2562 enim
3482 2519 3613 2565 sunt

2034 2596 2438 2671 quodammodo
2456 2604 2669 2651 vetusta
2687 2597 2957 2668 dogmata.
2977 2613 3098 2665 qua:
3113 2597 3183 2651 ob
3203 2599 3606 2669 antiquitatem,

2033 2707 2133 2746 ceu
2166 2690 2421 2744 canitiem
2458 2688 2780 2757 quamdam,
2828 2689 3031 2743 habent
3064 2688 3326 2757 quiddam
3352 2706 3609 2746 reveren-

2035 2785 2184 2837 dum.
2219 2781 2563 2835 Enumerabo
2583 2781 2767 2850 itaque
2784 2781 2938 2836 vobis
2965 2782 3133 2851 hujus
3154 2781 3412 2838 dictionis
3433 2792 3613 2855 patro-

2049 2918 2323 2990 Ejusdem.
2383 2919 2730 2976 Enumeratio
2793 2925 3025 2979 virorum
3084 2922 3136 2975 in
3193 2920 3432 2976 Ecclesia
3487 2925 3619 2980 illu-

2113 2990 2322 3053 strium,
2383 2993 2553 3061 quiin
2588 2994 2798 3061 scriptis
2862 2995 2975 3048 suis
3030 2992 3112 3047 usi
3167 3004 3289 3046 sunt
3330 2993 3427 3045 hac
3480 3012 3621 3061 voce,

2059 3070 2063 3075 '
2118 3076 2136 3109 ι
2177 3077 2316 3113 cum.
2352 3079 2370 3111 ι
2402 3060 2571 3129 Caput
2600 3061 2689 3115 29.

2115 3172 2463 3231 Enumerabo
2497 3176 2681 3246 itaque
2712 3179 2869 3233 vobis
2926 3178 3089 3249 huius
3127 3180 3382 3236 dictionis
3433 3189 3620 3249 patro-

354 3266 517 3334 λόγου
549 3273 1132 3340 (συμπαραμετρετται
1158 3272 1218 3325 δὲ
1251 3272 1471 3334 πάντως
1504 3273 1650 3325 κατὰ
1703 3272 1764 3323 τὺ
1793 3288 1921 3322 σιω-

2044 3280 2144 3333 nos
2163 3268 2520 3338 vindicesque
2548 3268 2734 3331 (simul
2756 3269 2901 3324 enim
2932 3272 3237 3326 assumatur
3268 3273 3323 3325 in
3355 3287 3441 3334 eo,
3473 3273 3616 3342 quod

355 3354 611 3424 πώμενον
629 3360 723 3413 καὶ
737 3360 765 3411 ὁ
779 3359 1016 3429 χρόνος)’
1032 3360 1095 3414 οὐ
1112 3362 1220 3429 γὰρ
1239 3359 1300 3426 ἐξ
1316 3362 1350 3431 ή
1359 3360 1476 3426 μῶν
1503 3361 1766 3430 ὥρμηται
1790 3362 1940 3431 πρῶ-

2046 3366 2278 3426 tacetur,
2309 3361 2471 3414 etiam
2512 3360 2749 3431 tempus)
2777 3379 2793 3422 :
2826 3377 3003 3432 neque
3029 3362 3174 3416 enim
3201 3380 3265 3417 cx
3303 3364 3460 3419 nobis
3512 3366 3624 3433 pri-

352 3467 468 3503 τον.
496 3451 667 3506 Πόθεν
688 3468 703 3519 ;
726 3453 1059 3524 χθιζοίτινες
1081 3455 1251 3518 ὅντως
1301 3457 1485 3525 ἡμεῖς,
1526 3456 1670 3512 κατὰ
1703 3456 1796 3509 τὸν
1837 3454 1934 3509 τοῦ

369 3540 492 3594 Ἰὼϐ
515 3542 695 3610 λόγον,
729 3545 865 3613 πρός
890 3562 954 3612 γε
993 3546 1250 3600 τοσοῦτον
1280 3548 1497 3618 χρόνον,
1533 3548 1627 3601 τὸν
1665 3548 1767 3618 τῆς
1816 3566 1942 3602 συν-

354 3634 548 3701 ηθείας
583 3636 789 3705 ταύτης
818 3639 1139 3708 ἡλικιώτην.
1166 3640 1310 3706 Ἐγὼ
1368 3642 1467 3711 μὲν
1489 3642 1582 3695 οὖν
1627 3645 1812 3708 αὐτὸς,
1882 3645 1935 3697 εἰ

355 3729 465 3798 χρή
502 3745 570 3797 με
592 3730 794 3797 τούμὸν
821 3730 952 3785 ιδιον
975 3732 1169 3798 εἰπεῖν,
1201 3732 1397 3803 ὥσπερ
1420 3735 1545 3786 τινὰ
1577 3734 1782 3805 κλῆρον
1832 3753 1940 3787 πα-

355 3820 534 3887 τρῷον
560 3819 659 3888 τὴν
688 3822 873 3889 φωνὴν
904 3822 1111 3890 ταύτην
1156 3823 1524 3893 διαφυλάττω,
1591 3825 1935 3894 παραλαόὼν

361 3912 718 3983 παράὰνδρδς
739 3915 952 3984 μακρὸν
967 3917 1025 3968 ὲν
1047 3917 1114 3986 τῇ
1146 3915 1463 3986 λειτουργίᾳ
1508 3916 1606 3970 τοῦ
1638 3919 1777 3973 Θεοῦ
1818 3918 1941 3972 δια-

360 4004 626 4074 ζήσαντος
659 4006 868 4075 γρόνον,
887 4006 955 4060 δι’
985 4000 1047 4060 οὗ
1076 4009 1170 4062 καὶ
1184 4008 1547 4080 ὲόαπτίσθην,
1579 4013 1675 4064 καὶ
1705 4013 1770 4082 τῇ
1799 4012 1943 4080 ὑπη-

362 4098 524 4168 ρεσίᾳ
574 4098 674 4168 τῆς
718 4098 1056 4170 Ἐκκλησίας
1117 4103 1456 4173 προσήχθην.
1506 4103 1820 4174 Ἀναξητῶν
1884 4103 1943 4157 δὲ

359 4190 484 4243 κατ’
503 4191 742 4257 ἐμαυτὸν
763 4192 923 4254 εἴτις
955 4193 1065 4262 ἄρα
1085 4194 1196 4245 τῶν
1244 4194 1495 4248 παλαιῶν
1525 4195 1621 4249 καὶ
1653 4194 1943 4266 μακαρίων

360 4280 578 4351 ἀνδρῶν
614 4282 889 4353 ἐχρήσατο
924 4283 1152 4347 ταύταις
1187 4286 1305 4347 ταῖς
1349 4285 1444 4337 νῦν
1492 4286 1945 4357 ἀντιλεγομέναις

360 4376 592 4441 φωναῖς.
624 4375 857 4437 πολλοὺς
886 4372 1044 4444 εὖρον
1070 4377 1167 4428 καὶ
1198 4377 1266 4446 τῇ
1308 4378 1635 4448 ἀρχαιότητι
1697 4380 1758 4431 τὸ
1796 4380 1948 4444 ἀξιό-

361 4482 556 4519 πιστον
584 4467 834 4536 ἔχοντας,
860 4469 955 4519 καὶ
977 4470 1043 4537 τῇ
1067 4469 1163 4537 τῆς
1192 4467 1439 4535 γνώσεως
1451 4471 1784 4542 ἀκριϐείᾳοὺ
1809 4472 1949 4525 κατὰ

361 4559 494 4621 τοὺς
536 4558 633 4610 νῦν
667 4559 863 4620 ὄντας·Δ
911 4554 988 4613 ὧν
1046 4557 1097 4612 οι
1130 4560 1229 4628 μὲν
1251 4560 1319 4629 τῇ
1364 4559 1645 4628 προθέσει,
1703 4562 1753 4613 οἱ
1779 4561 1946 4631 δὲντῷ

2043 3464 2192 3502 mum
2226 3451 2437 3505 initium
2463 3453 2720 3520 sumpsit.
2746 3453 2848 3519 Qui
2883 3454 3057 3521 potuit
3077 3455 3100 3506 ?
3120 3453 3389 3508 Nimirum
3417 3468 3515 3507 nos
3534 3468 3620 3508 re-

2043 3555 2170 3595 vera
2189 3541 2430 3596 hesterni
2453 3558 2669 3607 sumus,
2696 3545 3158 3612 quemadmodum
3176 3546 3305 3599 dicit
3323 3547 3423 3600 Job
3445 3546 3488 3611 ⁸,
3512 3546 3628 3599 sal-

2045 3636 2154 3686 tem
2185 3631 2230 3685 si
2257 3644 2363 3686 tam
2395 3633 2540 3702 loogi
2575 3636 2861 3702 temporis,
2898 3635 3042 3703 quod
3082 3636 3206 3690 huic
3236 3636 3625 3692 consuetudini

2043 3724 2252 3792 arquale
2285 3734 2391 3789 est,
2426 3726 2694 3780 habeatur
2723 3728 2882 3782 ratio.
2916 3727 3181 3796 Equidem
3209 3730 3352 3798 ipse,
3383 3731 3426 3784 si
3459 3729 3624 3783 modo

2044 3830 2143 3883 par
2189 3815 2262 3870 sit
2317 3830 2407 3868 me
2445 3817 2591 3885 quod
2620 3817 2752 3869 mihi
2777 3818 3056 3885 propriqu
3076 3826 3162 3873 est
3191 3818 3397 3880 dicere,
3426 3833 3621 3872 vocem

2047 3911 2189 3964 hanc
2204 3918 2459 3978 tanquam
2479 3916 2763 3978 paternam
2783 3910 3074 3979 quamdam
3096 3899 3467 3967 haereditatem
3496 3927 3630 3966 cou-

2048 4015 2229 4065 servo,
2251 4010 2533 4069 acceptam
2556 4017 2587 4057 a
2616 4004 2735 4055 viro
2776 4001 3007 4056 multum
3030 4004 3293 4072 temporis
3319 4003 3371 4057 in
3404 4004 3629 4057 servitio

2050 4093 2141 4150 Dei
2166 4102 2406 4159 versato,
2437 4108 2536 4162 per
2565 4108 2726 4163 quem
2759 4100 2814 4147 et
2835 4092 3146 4162 baptizatus
3167 4107 3313 4157 sum,
3344 4103 3401 4148 et
3436 4092 3629 4146 Eccle-

2047 4186 2143 4241 siae
2211 4185 2516 4239 ministerio
2559 4185 2833 4238 admotus.
2865 4180 3135 4241 Ceterum
3185 4198 3308 4238 cum
3357 4181 3500 4251 apud
3540 4196 3628 4234 me

2050 4287 2266 4347 reputo,
2300 4292 2368 4331 an
2395 4276 2523 4346 quis
2552 4286 2798 4331 veterum
2830 4290 2895 4330 ac
2929 4277 3213 4331 beatorum
3243 4275 3486 4328 virorum
3514 4274 3627 4336 his,

2049 4371 2249 4439 quibus
2290 4384 2437 4424 nunc
2464 4370 2796 4425 reclamatur
2834 4370 3080 4431 vocibus,
3113 4384 3251 4424 usus
3280 4369 3388 4433 sit;
3422 4366 3626 4421 multos

2050 4462 2281 4532 reperio,
2316 4471 2370 4517 et
2389 4462 2460 4516 ob
2487 4462 2865 4531 antiquitatem
2892 4462 2996 4517 tlde
3022 4462 3240 4531 dignos,
3266 4471 3318 4514 et
3347 4470 3630 4522 accurata,

2053 4569 2162 4609 non
2223 4553 2528 4608 secundum
2596 4556 2699 4609 hos
2733 4555 3012 4617 homines,
3082 4552 3315 4607 scientia
3346 4559 3626 4613 ornatos;

364 4649 655 4720 συνδέσμῳ
677 4651 819 4702 κατὰ
854 4650 956 4720 τὴν
984 4649 1292 4718 δοξολογίαν
1317 4651 1410 4703 τὸν
1435 4650 1595 4718 λόγον
1620 4653 1942 4717 ἑνώσαντες,

2054 4661 2287 4716 quorum
2319 4645 2423 4700 alii=
2443 4645 2848 4715 praepositione,
2880 4644 2971 4698 alii
3021 4645 3413 4713 conjunctione
3440 4644 3492 4695 in
3512 4642 3635 4710 glo-

372 4741 530 4796 οὗδὲν
576 4743 839 4813 διάφορον
897 4744 1055 4815 δρᾷν,
1110 4743 1187 4807 ὦς
1220 4760 1285 4809 γε
1329 4745 1465 4813 πρὸς
1512 4746 1612 4815 τὴν
1641 4745 1809 4816 ὀρθὴν
1843 4745 1946 4815 τῆς

362 4834 648 4898 εὐσεϐείας
672 4836 908 4901 ἔννοιαν,
942 4836 1340 4907 ἐνομίσθησαν.

443 5015 736 5084 Εἰρηναῖος
768 5016 996 5080 ἐκεῖνος,
1040 5016 1137 5068 καὶ
1178 4998 1414 5086 Κλήμης
1463 5018 1492 5068 ὁ
1540 5016 1813 5083 Ῥωμαῑοε
1852 5019 1948 5069 καὶ

366 5105 644 5168 Διονύσιος
689 5108 718 5159 ό
764 5105 1062 5175 Ῥωμαῖος,
1104 5113 1198 5160 καὶ
1251 5110 1279 5160 ό
1338 5107 1726 5178 Ἀλεξανδρεὺς
1759 5110 1950 5162 Διονύ-

369 5206 507 5259 σιος,
544 5195 573 5249 ὃ
607 5197 705 5249 καὶ
736 5196 1043 5266 παράδοξον
1073 5198 1329 5263 ἀκοῦσαι,
1364 5200 1424 5251 ἑν
1456 5202 1522 5268 τῇ
1552 5199 1782 5270 δευτέρᾳ
1815 5202 1950 5270 πρὸς

364 5290 462 5341 τὸν
493 5288 789 5359 ὁμώνυμον
816 5289 1014 5343 ἑαυτοῦ
1043 5292 1303 5361 ἐπιστολῇ
1345 5293 1486 5360 Περὶ
1539 5292 1801 5362 ἐλέγχου
1855 5295 1952 5347 καὶ

365 5384 709 5452 ἀπολογίας
761 5382 909 5438 οὕτω
944 5383 1039 5436 τὸν
1092 5384 1254 5453 λόγον
1302 5385 1600 5439 ἀνέπαυσε.
1665 5386 1867 5454 Γράφω
1897 5387 1951 5439 δὲ

366 5475 501 5545 ὑμῖν
528 5476 669 5530 αὐτὰ
697 5474 793 5529 τοῦ
820 5475 1017 5546 ἀνδρὸς
1049 5478 1117 5529 τᾶ
1174 5478 1418 5547 ῥήματα.
1475 5478 1734 5544 Τούτοις,
1785 5485 1945 5548 φησὶ,

367 5567 561 5623 πᾶσιν
605 5568 957 5633 ἀκολούθως
995 5568 1093 5620 καὶ
1125 5568 1316 5637 ἡμεῖς,
1368 5569 1467 5621 καὶ
1488 5568 1563 5635 δὴ
1628 5571 1788 5637 παρὰ
1834 5568 1953 5623 τῶν

2058 4740 2368 4795 rilicalione
2405 4754 2716 4796 sermonem
2765 4739 3110 4807 copulantes,
3163 4737 3299 4790 nihil
3353 4735 3630 4789 diversum

2063 4847 2194 4885 sane
2214 4833 2360 4901 quod
2386 4833 2453 4885 ad
2485 4841 2691 4886 rectam
2715 4832 2911 4885 attinet
2943 4829 3162 4900 pietatis
3192 4825 3632 4895 intelligentiam,

2067 4924 2363 4980 existimati
2428 4933 2558 4977 Sttlll
2588 4922 2787 4976 facere.

2131 5015 2372 5070 [renuens
2431 5015 2541 5078 ille,
2602 5024 2655 5068 et
2704 5014 2957 5067 Clemens
3017 5011 3340 5075 Romanus,
3399 5019 3456 5063 et
3513 5008 3640 5061 Dio-

2061 5108 2253 5178 nysius
2283 5106 2585 5171 Romanus,
2618 5113 2673 5160 et
2723 5102 3129 5159 Alexandrinus
3185 5102 3519 5172 Dionysius,
3580 5099 3637 5153 id

2056 5192 2200 5268 quad
2256 5200 2420 5253 etiam
2471 5197 2657 5251 auditu
2689 5196 2887 5250 mirum
2916 5202 3018 5257 est,
3049 5192 3100 5245 in
3140 5192 3381 5247 secunda
3430 5191 3496 5243 ad
3530 5188 3636 5242 sibi

2054 5290 2435 5361 cognominem
2515 5288 2744 5359 epistola
2815 5286 2890 5340 De
2929 5285 3269 5340 accusatione
3328 5299 3391 5336 ac
3449 5280 3630 5347 defert-

2061 5384 2251 5447 sione,
2281 5382 2431 5436 hunc
2481 5380 2537 5434 in
2586 5383 2808 5434 modum
2874 5375 3050 5430 tlnivit
3078 5384 3408 5430 sermonem.
3459 5368 3635 5420 Tran-

2061 5473 2296 5528 scrihatn
2323 5484 2505 5528 autem
2555 5471 2711 5527 vobis
2744 5470 2861 5540 ipsa
2892 5464 3131 5522 houiinis
3174 5462 3360 5516 verba.
3396 5456 3495 5510 His
3519 5472 3635 5511 ons-

2071 5569 2244 5631 nibus,
2285 5567 2480 5636 inquit,
2515 5572 2856 5637 congruenter
2898 5570 2946 5616 et
2998 5575 3113 5623 nos,
3168 5558 3341 5625 [urina
3379 5554 3541 5606 etiam
3578 5563 3645 5602 ac

443 5822 459 5853 ⁸
490 5821 510 5877 l
544 5823 665 5879 Cor.
695 5784 768 5893 xl,
803 5825 856 5881 2,
935 5824 955 5855 ¹
987 5818 1031 5874 ΙΙ
1066 5822 1256 5882 Thess.
1290 5822 1457 5891 11,Η.
1534 5822 1554 5853 ⁸
1585 5823 1742 5877 Deut.
1779 5837 1887 5883 xix,

2103 5822 2118 5849 ’⁵
2146 5816 2244 5872 Jul)
2276 5831 2393 5883 \‘ttl,
2423 5818 2478 5875 9.
