4082 6432
364 326 472 390 803

1603 324 1984 390 EUTHYMII
2019 322 2381 389 ZIGABEN!

3519 318 3630 385 804

374 455 559 525 regula
586 469 620 509 a
647 452 990 525 presbyteris,
1018 454 1109 524 qui
1137 459 1258 507 ante
1288 464 1383 504 nos
1412 450 1677 516 vixerunt,
1705 456 1920 518 accepta
1937 484 1952 515 ,

2050 456 2149 525 τρὸ
2178 453 2350 524 ἡμῶν
2372 445 2788 520 πρεσϐυτέρων
2813 449 3008 503 τύπον
3038 449 3136 504 real
3163 449 3393 505 κανόνα
3421 467 3625 521 παρει-

371 541 723 599 concordibus
758 543 971 599 uocibus
1000 559 1122 598 cum
1159 541 1271 596 illis
1310 540 1516 612 gratias
1557 549 1803 610 agentes,
1835 548 1957 592 tan-

374 633 494 688 dem
524 640 664 687 nunc
692 633 836 688 vobis
858 633 1088 688 scribere
1118 631 1429 686 desinimus.
1464 629 1575 687 Deo
1601 640 1778 685 autem
1802 629 1956 685 Patri

373 733 425 777 et
454 720 597 776 Filio
620 720 847 778 Domino
868 731 1052 777 nostro
1078 718 1211 776 Iesu
1242 718 1454 775 Christo
1481 737 1598 774 cum
1617 729 1800 776 sancto
1829 717 1954 789 Spi-

374 815 485 867 ritu
510 814 683 884 gloria
710 821 759 868 et
788 813 1067 883 imperium
1095 814 1152 866 in
1181 806 1382 867 sareula
1407 812 1748 879 saeculorum,
1779 827 1953 869 amen.

373 903 488 961 Nec
511 905 803 975 quisquam
964 905 1150 960 dicere
1177 905 1356 976 possit
1379 905 1495 959 haec
1512 910 1761 960 correcta
1786 903 1958 959 fuisse

375 1011 441 1052 ac
476 996 785 1051 immutata.
812 994 1000 1067 Neque
1021 997 1169 1052 enim
1201 998 1273 1052 ita
1305 1010 1612 1052 sermonem
1637 995 1960 1051 conﬁrmas-

375 1093 481 1151 set,
512 1085 704 1141 dicens
736 1084 989 1141 videlicet
1020 1086 1300 1157 accepisse
1334 1101 1393 1142 se
1421 1085 1656 1141 formam
1686 1101 1751 1141 ac
1795 1100 1960 1156 regu-

377 1168 507 1242 lam,
544 1179 590 1234 si
616 1172 670 1231 in
700 1174 907 1247 Spiritu
955 1178 1186 1235 dixisset
1216 1161 1233 1234 ξ
1270 1178 1434 1249 hujus
1460 1178 1607 1234 enim
1637 1177 1791 1233 vocis
1821 1192 1958 1234 usus

375 1269 571 1324 creber
609 1277 713 1326 est.
762 1270 833 1323 At
858 1269 998 1325 illud
1044 1277 1184 1333 erat,
1216 1270 1364 1341 quod
1393 1268 1589 1340 egebat
1613 1267 1954 1323 defensione.

375 1359 482 1424 Qui
516 1359 736 1428 quidem
784 1367 839 1414 et
885 1360 942 1415 in
988 1360 1166 1415 medio
1217 1360 1441 1430 scripti,
1473 1360 1552 1416 sic
1587 1358 1827 1430 loquitur
1861 1355 1959 1413 ad-

374 1467 573 1508 versus
615 1449 961 1508 Sabellianos
993 1470 1006 1507 :
1036 1450 1097 1508 Si
1130 1469 1190 1507 eo
1221 1453 1361 1523 quod
1400 1461 1503 1506 tres
1539 1460 1664 1505 sunt
1710 1450 1958 1521 hyposta-

375 1561 495 1609 ses,
541 1543 738 1597 divisas
781 1558 895 1597 esse
938 1541 1151 1608 dicunt,
1203 1552 1309 1598 tres
1353 1552 1476 1598 sunt
1502 1543 1714 1597 etiamsi
1738 1541 1907 1597 nolint
1935 1554 1956 1597 :

378 1646 472 1691 aut
510 1636 745 1690 diuinam
780 1635 1097 1690 Trinitatem
1125 1651 1343 1705 prorsus
1377 1652 1405 1690 e
1434 1636 1606 1690 medio
1635 1633 1848 1690 tollant.
1877 1633 1959 1691 Ac

375 1742 622 1790 rursum,
652 1727 997 1781 Dioinissima
1026 1729 1164 1782 enim
1191 1728 1253 1782 ob
1286 1727 1344 1780 id
1371 1728 1537 1781 etiam
1557 1734 1677 1795 post
1700 1727 1958 1781 unitatem

381 1818 623 1872 Trinitas
654 1827 754 1872 est.
789 1816 895 1873 Sed
925 1826 979 1873 et
1003 1817 1257 1874 Clemens
1292 1818 1628 1888 simplicius,
1673 1817 1836 1882 Vivit,
1872 1817 1953 1872 in-

379 1906 533 1977 quit,
585 1906 724 1961 Deus
767 1917 817 1961 et
869 1907 1131 1962 Dominus
1170 1905 1327 1962 Iesus
1357 1905 1604 1962 Christus
1643 1915 1695 1960 et
1724 1904 1955 1975 Spiritus

377 2006 616 2051 sanctus.
646 1998 887 2052 lrenaeus
920 2004 1127 2062 autem,
1165 1998 1258 2068 qui
1292 1997 1506 2052 vicinus
1538 1995 1641 2051 iuit
1679 1996 1956 2066 apostolo-

376 2102 499 2143 rum
524 2087 886 2157 temporibus,
911 2087 1189 2157 quomodo
1222 2086 1386 2141 iaciat
1415 2086 1747 2142 mentionem
1777 2081 1955 2155 Spiri-

378 2186 499 2244 tus,
532 2177 822 2248 disputans
870 2178 1138 2235 adversus
1189 2178 1463 2244 haL‘I‘CSPS,
1501 2176 1813 2232 audiamus.
1847 2172 1953 2229 Eos

377 2284 518 2333 vero,
552 2268 759 2338 inquit,
787 2270 877 2340 qui
903 2270 1121 2339 eﬁ'renes
1148 2279 1306 2334 sunt,
1335 2278 1385 2323 et
1422 2269 1669 2339 feruntur
1713 2266 1783 2321 ad
1826 2282 1954 2320 suas

377 2360 866 2429 concupiscentiae,
931 2361 1138 2415 nullum
1196 2359 1443 2415 habentes
1497 2360 1662 2413 divini
1719 2358 1953 2429 Spiritus

377 2449 731 2513 desiderium,
771 2451 959 2505 merito
1006 2452 1289 2518 Apostolus
1318 2449 1564 2505 carnales
1607 2460 1756 2503 uocat
1813 2450 1852 2504 ¹.
1889 2449 1956 2507 Et

380 2542 511 2601 alibi
551 2541 686 2598 dicit
725 2539 869 2595 idem
900 2580 914 2593 .
946 2536 1028 2593 Ne
1058 2548 1298 2608 expertes
1332 2539 1465 2609 facti
1494 2538 1659 2593 divini
1700 2538 1954 2609 Spiritus,

378 2632 699 2705 frustrentur
741 2645 898 2699 regno
944 2627 1216 2692 calorum,
1278 2627 1535 2682 inclamat
1586 2628 1868 2695 Apostolus
1912 2629 1973 2705 ',_

376 2722 516 2796 quod
542 2738 666 2777 caro
697 2737 801 2776 non
826 2722 994 2790 possit
1023 2719 1385 2774 hereditatem
1420 2733 1604 2786 capere
1636 2720 1781 2789 regni
1803 2720 1960 2775 calo-

378 2831 520 2869 rum.
563 2811 721 2879 Quod
764 2811 809 2865 si
841 2810 930 2865 cui
962 2817 1017 2864 et
1064 2808 1338 2865 Eusebius
1378 2807 1709 2864 Palaestinus
1740 2818 1961 2879 pr0pter

382 2903 739 2973 multiplicem
783 2899 1174 2970 experientiam
1218 2897 1446 2953 idoneus
1473 2898 1713 2964 videtur,
1743 2900 1832 2954 cui
1865 2900 1960 2953 lia-

381 2997 608 3051 beamur
651 2992 822 3060 ﬁdes;
855 2999 911 3046 et
943 3006 1010 3046 ex
1045 2991 1139 3046 illo
1168 3005 1334 3047 voces
1359 2988 1581 3046 easdem
1617 2990 1960 3046 ostendimus

2035 547 2322 616 ληφότες,
2349 541 2668 613 ὁμοφώνως
2696 539 2902 607 αὐτοῖς
2927 541 3624 611 προσευχαριστοῦντες⁹

2039 638 2139 693 καὶ
2188 635 2265 705 δὴ
2316 634 2415 689 real
2445 633 2563 687 νῦν
2594 631 2734 701 ὑμῖν
2762 628 3232 699 ἐπιστέλλοντες
3281 633 3627 686 καταπαύο-

2038 742 2172 798 μεν.
2379 724 2465 790 Τῷ
2507 723 2577 776 δὲ
2622 722 2744 788 Θεῷ
2788 721 2969 791 Πατρὶ
3008 719 3109 776 real
3155 718 3266 787 Υἱῷ
3309 719 3389 787 τῷ
3432 722 3628 791 Κυρίῳ

2041 817 2210 889 ἡμῶν
2250 815 2456 884 Ἰησοῦ
2485 812 2712 883 Χριστῷ
2737 813 2858 869 σὺν
2881 813 2963 880 τῷ
2982 813 3128 883 ἁγίῳ
3149 812 3449 882 Πνεύματι
3476 812 3630 878 δόξα

2043 908 2139 964 real
2169 906 2387 977 κράτος
2438 909 2525 972 εὶς
2562 905 2703 972 τοὺς
2736 903 2956 973 αἰῶνας
2997 903 3120 959 τῶν
3142 903 3396 972 αἰώνων,
3442 904 3624 974 ἀμήν.

2044 996 2155 1053 Καὶ
2181 997 2352 1052 ταῦτα
2380 998 2480 1051 οὒκ
2514 996 2579 1050 ἄν
2605 1014 2688 1060 τις
2727 996 2871 1049 εἴποι
2907 994 3376 1068 μεταγεγράφθαι.
3419 996 3495 1048 Οὐ
3516 995 3629 1065 γὰρ

2045 1087 2112 1143 ἂν
2152 1088 2294 1142 οὕτω
2337 1087 2653 1151 διετείνατο,
2684 1087 2853 1141 τύπον
2887 1089 2981 1141 καὶ
3005 1087 3205 1142 κανόνα
3232 1086 3627 1159 παρειληφέναι

2046 1179 2241 1248 λέγων,
2294 1178 2452 1251 είπερ
2499 1179 2571 1233 ἐν
2613 1178 2694 1244 τῷ
2723 1178 3023 1247 Πνεύματι
3218 1175 3458 1248 εἰρηκὼς
3520 1172 3625 1248 ἦν’

2045 1270 2251 1342 ταύτης
2274 1270 2382 1342 γὰρ
2413 1271 2511 1340 τῆς
2542 1270 2725 1340 φωνῆς
2746 1271 2780 1340 ἡ
2805 1268 3003 1340 χρῆσις
3039 1268 3229 1337 πολλή.
3270 1267 3409 1321 Ἀλλ’
3452 1268 3630 1319 ἐκεῖνο

2044 1356 2114 1434 ἦν
2136 1361 2198 1416 τὸ
2220 1363 2318 1435 τῆς
2349 1361 2642 1430 ἀπολογίας
2670 1360 2941 1431 δεόμενον.
2972 1359 3072 1423 ’ος
3086 1376 3149 1428 γε
3169 1358 3263 1411 καὶ
3291 1356 3433 1411 κατὰ
3465 1358 3630 1427 μέσον

2049 1470 2153 1507 που
2182 1453 2281 1523 τῆς
2309 1452 2547 1521 γραφῆς,
2584 1448 2757 1514 οὕτως
2788 1450 2977 1521 εἴρηκε
3005 1448 3139 1520 πρὸς
3168 1448 3297 1511 τοὺς
3329 1446 3629 1500 Σαδελλια-

2045 1544 2172 1607 νούς
2187 1563 2200 1576 ι
2227 1546 2317 1610 Εί,
2341 1542 2422 1610 τῷ
2440 1544 2597 1614 τρεῖς
2620 1538 2772 1598 εἶναι
2810 1542 2919 1610 τὰς
2958 1540 3348 1609 ὑποστάσεις,
3389 1559 3631 1612 μεμερι-

2049 1635 2280 1705 σμένας
2299 1628 2453 1690 εἶναι
2471 1634 2742 1705 λέγουσι,
2755 1634 2915 1703 τρεῖς
2934 1637 3074 1700 εισι,
3099 1630 3215 1689 κᾶν
3234 1633 3321 1704 μὴ
3339 1633 3599 1688 θέλωσιν
3613 1646 3629 1665 ⁸

2051 1726 2090 1795 ἢ
2120 1724 2234 1795 τὴν
2262 1726 2430 1781 θείαν
2480 1725 2693 1794 Τριάδα
2736 1722 3045 1793 παντελῶς
3074 1721 3458 1781 ἀνελέτωσαν
3476 1742 3490 1756 ·
3535 1727 3634 1780 καὶ

1987 1797 2027 1852 Β
2054 1817 2248 1872 πάλιν·
2285 1815 2563 1886 θειοτάτη
2592 1816 2703 1888 γορ
2731 1816 2829 1872 διὰ
2863 1817 3039 1872 τοῦτο
3072 1817 3226 1889 μετὰ
3254 1816 3370 1887 τὴν
3395 1815 3637 1887 μονάδα

2052 1908 2152 1963 real
2176 1909 2216 1976 ἠ
2248 1906 2437 1977 Τριάς.
2456 1906 2616 1966 Ἀλλὰ
2635 1907 2729 1961 καὶ
2749 1910 2778 1961 ό
2807 1904 3041 1979 Κλήμης
3205 1902 3602 1978 ἀρχαϊκώτερον
3615 1942 3633 1970 ,

2051 1998 2160 2068 Ζῇ,
2186 1999 2369 2070 φησὶν,
2397 2001 2430 2052 ό
2459 1996 2627 2065 Θεὸς,
2661 1997 2762 2052 real
2788 1997 3058 2065 όΚύριος
3097 1996 3328 2066 Ἰησοῦς
3350 1995 3631 2064 Χριστὸς,

2051 2090 2151 2144 real
2184 2090 2250 2145 τὸ
2276 2089 2519 2159 Πνεῦμα
2542 2089 2608 2143 τὸ
2640 2087 2831 2158 ἄτιον.
2859 2087 3146 2159 Εἰρηναῖος
3174 2087 3234 2141 δὲ
3257 2122 3272 2143 .
3406 2087 3434 2138 δ
3465 2086 3637 2154 ἐγγὺς

2050 2181 2161 2236 τῶν
2185 2180 2495 2236 ἀποστόλων
2539 2178 2847 2250 γενόμενος,
2889 2178 3005 2242 πῶς
3046 2175 3289 2249 ἐμνήσθη
3330 2174 3425 2229 τοῦ
3458 2173 3638 2229 Ilvati—

2057 2288 2224 2343 ματος
2283 2272 2342 2324 ὲν
2386 2269 2464 2340 τῷ
2493 2270 2630 2340 πρὸς
2664 2268 2765 2332 τὰς
2805 2268 3043 2339 αἱρέσεις
3088 2267 3252 2339 λόγῳ,
3287 2266 3633 2338 ἀκούσωμεν.

2057 2363 2207 2430 Τοὺς
2242 2362 2312 2416 δὲ
2360 2360 2947 2432 ἀχαλιναγωγήτους,
2989 2361 3142 2432 φησὶ,
3177 2359 3275 2413 real
3311 2374 3640 2427 καταφεροι

2050 2454 2274 2523 μένους
2292 2455 2378 2519 είς
2401 2452 2509 2519 τὰς
2522 2451 2753 2507 ἑαυτῶν
2773 2452 3109 2520 ἐπιθυμίας,
3145 2450 3446 2520 μηδεμίαν
3460 2451 3641 2519 exora

2058 2557 2166 2607 τας
2193 2540 2516 2610 ἐπιθυμίαν
2542 2542 2704 2596 θείου
2733 2543 3098 2611 Πνεύματος,
3123 2541 3357 2605 δικαίως
3384 2543 3420 2596 ό
3466 2541 3642 2596 Ἀπό-

2058 2634 2284 2697 στολος
2316 2631 2645 2709 σαρκικοὺς
2697 2632 2888 2690 καλεῖ.
2939 2633 3050 2687 Καὶ
3097 2633 3156 2686 ὲν
3192 2616 3372 2696 ἄλλοις
3414 2632 3443 2685 ὁ
3475 2630 3643 2693 αὐτός

2058 2738 2253 2794 φησιν·
2293 2723 2429 2778 Ἵνα
2466 2721 2576 2792 μὴ,
2609 2724 2841 2795 ἄμοιροι
2878 2724 3042 2780 θείου
3096 2725 3441 2794 Πνεύματος
3471 2723 3643 2793 τενόο

2051 2832 2246 2885 μενοι,
2269 2813 2661 2886 ἁποτύχωμεν
2695 2815 2809 2884 τῆς
2827 2816 3153 2883 ,βασιλείας
3185 2815 3306 2870 τῶν
3342 2813 3639 2883 οὐρανῶν,

2055 2905 2389 2973 ἐπεϐόησεν
2409 2908 2443 2959 ό
2483 2906 2870 2973 Ἀπόστολος,
2888 2906 2975 2977 μὴ
2995 2906 3291 2961 δύνασθαι
3307 2905 3426 2974 τὴν
3438 2903 3643 2975 σάρκα
3753 2972 3779 2987 ο

2050 2994 2383 3059 ,ϐασιλείαν
2419 2995 2695 3065 οὐρανῶν
2722 2995 3197 3067 κληρονομῆσαι.
3236 2997 3299 3049 Et
3344 2996 3402 3050 δέ
3433 3012 3509 3067 τῳ
3543 2997 3645 3050 καὶ

381 3089 436 3143 in
466 3085 906 3142 dubitationibus
933 3082 1003 3138 de
1032 3082 1340 3152 priscorum
1372 3082 1661 3152 multiplici
1682 3081 1956 3152 conjugio.

2055 3086 2085 3139 ό
2110 3086 2465 3151 Παλαιστινὸς
2510 3087 2769 3151 Εὐσέϐιος
2791 3086 3104 3152 ἀξιόπιστος
3132 3086 3221 3139 διὰ
3261 3085 3639 3158 πολυπειρίαν,

381 3179 651 3250 Loquitur
694 3177 843 3232 enim
890 3176 1040 3231 hunc
1063 3175 1120 3230 in
1165 3174 1423 3239 modum,
1457 3189 1516 3229 se
1560 3174 1627 3229 ad
1667 3175 1956 3229 dicendum

2057 3176 2309 3230 κάκείνου
2331 3176 2429 3241 τὰς
2450 3177 2620 3241 αὑτὰς
2648 3178 2832 3247 φωνὰς
2864 3175 3242 3245 ἐπιδείκνυμεν
3294 3177 3354 3229 ἐν
3396 3177 3507 3237 τοῖς
3539 3176 3643 3228 επ-

381 3270 628 3326 excitans
660 3284 678 3324 :
711 3266 966 3323 Sanctum
995 3267 1367 3337 prophetarum
1403 3264 1569 3319 Deum
1612 3266 1744 3320 lucis
1773 3275 1957 3319 aucto—

381 3374 493 3414 rem
520 3373 612 3427 per
644 3357 979 3413 Salvatorem
1027 3365 1272 3412 nostrum
1309 3354 1495 3412 Jesunt
1527 3357 1799 3412 Christum
1840 3373 1960 3412 cum

379 3456 564 3503 sancto
597 3446 800 3517 Spiritu
834 3448 1157 3504 invocantes.

608 3716 696 3756 am
731 3715 859 3757 vero
891 3709 949 3756 et
978 3700 1275 3774 Origenem
1307 3704 1363 3759 in
1397 3702 1585 3759 multis
1610 3702 1958 3762 Psalmorum

380 3792 814 3862 expositionibus
843 3792 1330 3865 deprehendimus,
1362 3810 1489 3849 cum
1517 3803 1715 3852 sancto
1746 3795 1956 3868 Spiritu

380 3884 612 3953 gloriam
656 3883 989 3940 deferentem
1024 3883 1172 3950 Deo,
1209 3885 1385 3940 virum
1422 3887 1519 3956 qui
1566 3900 1680 3942 non
1727 3886 1956 3944 omnino

377 3988 546 4029 sanas
597 3973 760 4029 habet
820 3974 876 4029 in
932 3976 1193 4031 omnibus
1242 3974 1312 4030 de
1364 3973 1573 4046 Spiritu
1630 3978 1954 4048 opiniones;

379 4062 738 4119 nihilominus
783 4071 838 4118 et
871 4061 962 4117 hic
1010 4064 1199 4119 multis
1251 4063 1307 4118 in
1341 4063 1477 4118 locis
1517 4067 1789 4121 reveritus
1822 4080 1959 4122 con-

378 4153 693 4209 suetudinis
745 4153 937 4217 robur,
991 4153 1112 4223 pias
1142 4167 1308 4208 voces
1337 4154 1522 4208 emisit
1574 4153 1645 4209 de
1700 4154 1953 4226 Spiritu:

378 4244 474 4315 qui
501 4244 722 4313 quidem
759 4244 815 4298 in
839 4250 1025 4310 sexto,
1060 4245 1116 4298 ni
1138 4244 1319 4309 fallor,
1355 4245 1496 4299 libro
1534 4245 1957 4303 Enarrationum

379 4336 436 4390 in
466 4333 814 4404 Euangelium
832 4334 1083 4399 Joannis,
1107 4336 1274 4391 etiam
1315 4336 1654 4391 adorandum
1688 4335 1954 4409 Spiritum

2058 3268 2236 3340 απορή
2246 3284 2376 3339 μασι
2406 3268 2536 3339 περὶ
2562 3269 2663 3340 τῆς
2692 3268 2801 3322 τῶν
2827 3267 3071 3339 ἀρχαίων
3098 3266 3460 3336 πολυγαμίας.
3476 3265 3645 3334 Λέγει

2057 3357 2166 3431 γὰρ
2195 3357 2337 3412 οὕτω
2364 3360 2668 3431 παρορμῶν
2696 3359 2889 3415 ἑαυτὸν
2912 3358 3003 3413 ἐπὶ
3032 3358 3122 3413 τὸν
3161 3357 3351 3427 λόγον·
3382 3356 3493 3412 Τὸν
3519 3355 3644 3411 τῶν

2056 3445 2380 3516 προφητῶν
2412 3446 2583 3518 ἄτιον
2623 3448 2773 3503 Θεὸν
2797 3446 3158 3518 φωταγινγόν
3176 3446 3277 3501 διὰ
3306 3445 3415 3501 τοῦ
3445 3444 3640 3514 Σωτῆ-

2048 3553 2162 3606 pot:
2211 3535 2382 3607 ἡμῶν
2424 3536 2632 3605 Ἰησοῦ
2667 3536 2928 3607 Χριστοῦ
2973 3536 3096 3592 σὺν
3140 3537 3288 3608 ἁγίῳ
3338 3535 3640 3605 Πνεύματι

2057 3627 2448 3694 καλέσαντες.

2253 3717 2393 3787 Ἤδη
2416 3718 2474 3771 δὲ
2495 3717 2592 3771 καὶ
2626 3717 2910 3790 Ὠριγένην
2931 3720 2990 3772 ὲν
3018 3717 3240 3782 πολλαῖς
3267 3717 3381 3771 τῶν
3408 3718 3487 3781 εις
3504 3714 3639 3780 τοὺς

2058 3806 2321 3877 Ψαλμοὺς
2343 3807 2630 3875 διαλέξεων
2661 3807 2895 3879 εὕρομεν
3066 3810 3167 3862 σὺν
3197 3808 3277 3879 τῷ
3299 3809 3442 3878 ἁγίῳ
3464 3807 3643 3860 Even.

2058 3912 2189 3966 ματι
2213 3896 2311 3966 τὴν
2334 3893 2493 3959 δόξαν
2517 3896 2857 3962 ἀποδιδόντα,
2881 3895 3192 3967 ἄνδραούδὲ
3212 3897 3353 3951 πάνυ
3377 3914 3432 3950 τι
3463 3896 3641 3964 ὑγιεῖς

2056 3988 2185 4059 περὶ
2205 3986 2300 4042 τοῦ
2332 3987 2651 4058 Πνεύματος
2680 3988 2783 4052 τὰς
2811 3988 3109 4060 ὑπολήψεις
3140 3989 3201 4043 δν
3232 3990 3399 4044 πᾶσιν
3420 3987 3637 4059 ἔχοντα·

2054 4079 2194 4150 πλὴν
2234 4080 2371 4135 ἀλλὰ
2412 4079 2683 4151 πολλαχοῦ
2725 4080 2823 4135 καὶ
2853 4080 3039 4144 αὐτὸς,
3085 4080 3187 4151 τῆς
3240 4079 3531 4150 συνηθείας
3574 4080 3643 4136 τὸ

2058 4171 2276 4243 ἰσχυρὸν
2320 4170 2761 4241 δυσωπούμενος,
2803 4170 2905 4236 τὰς
2945 4171 3192 4235 εὐσεϐεῖς
3234 4170 3418 4241 φωνὰς
3456 4171 3640 4242 ἀφῆκε

2055 4262 2183 4334 περὶ
2211 4260 2306 4315 τοῦ
2347 4259 2683 4331 Πνεύματος.
2726 4262 2824 4326 Ὃς
2857 4278 2949 4330 γε,
2976 4260 3123 4316 κατά
3146 4260 3210 4333 τδ
3250 4260 3431 4327 ἰκτον,
3458 4257 3642 4333 οἶμαι,
3716 4250 3735 4259 l

2052 4354 2162 4408 τῶν
2191 4355 2282 4420 εὶς
2320 4353 2389 4409 τὸ
2428 4353 2580 4408 κατὰ
2624 4352 2906 4420 Ἰωάννην
2929 4352 3300 4423 Euan-estcor-
3339 4352 3647 4423 Ἐξηγητι-

380 4427 663 4484 evidenter
689 4427 1029 4497 pronuntiat,
1057 4426 1132 4481 ita
1160 4427 1411 4485 scribens
1436 4427 1505 4484 ad
1528 4429 1754 4485 verbum
1775 4447 1790 4485 :
1811 4430 1956 4496 Quo-

2054 4442 2198 4509 κῶν,
2248 4443 2343 4497 καὶ
2396 4442 2770 4515 προσκυνητὸν
2818 4441 2951 4497 αὐτὸ
3002 4442 3252 4516 φανερῶς
3296 4442 3643 4513 ἀπεφήνατο,

379 4520 527 4575 niam
555 4534 708 4589 aqute
749 4518 1026 4573 lavacrum
1053 4518 1325 4589 signiﬁcat
1353 4521 1726 4591 purgationem
1762 4524 1957 4577 animle

376 4610 445 4665 ab
473 4608 713 4666 omnibus
748 4612 972 4667 malitiae
1001 4609 1247 4666 sordibus
1280 4610 1516 4679 abluta,
1568 4611 1735 4667 nihilo
1780 4623 1956 4668 tamen

376 4701 550 4755 minus
586 4708 637 4755 et
664 4715 757 4769 per
790 4701 1021 4767 seipsum
1062 4701 1111 4756 ei
1139 4699 1232 4772 qui
1261 4701 1492 4769 seipsum
1529 4699 1725 4770 prabet
1764 4701 1958 4757 divini«

377 4790 480 4844 tati
505 4788 796 4845 adoranda:
827 4788 1134 4854 Trinitatis,
1149 4804 1243 4857 per
1268 4790 1518 4844 virtutem
1536 4789 1954 4856 invocationunt,

374 4881 636 4937 donorum
680 4881 1001 4951 principium
1042 4897 1106 4933 ac
1154 4881 1352 4950 fontem
1401 4880 1577 4936 habet.
1625 4881 1705 4937 Ac
1760 4896 1957 4937 rursus

376 4975 435 5029 in
490 4972 932 5036 commentariis,
972 4972 1178 5043 quibus
1231 4973 1458 5042 exponit
1514 4972 1822 5043 Epistolam
1886 4973 1956 5028 ad

375 5062 688 5128 Romanos,
748 5063 971 5128 Sacrae,
1024 5064 1240 5133 inquit,
1299 5065 1518 5118 virtutes
1566 5078 1782 5129 capaces
1831 5072 1955 5119 sunt

381 5151 647 5223 Unigeniti
680 5161 729 5207 et
772 5154 948 5206 sancti
993 5152 1233 5221 Spiritus
1274 5152 1513 5207 deitatis.
1544 5153 1626 5208 Ad
1660 5154 1807 5207 hunc
1835 5169 1955 5209 nlo-

372 5244 507 5300 dum
528 5281 543 5308 ,
586 5242 803 5312 opinor,
841 5242 1157 5297 traditionis
1191 5242 1275 5297 vis
1312 5258 1456 5314 saepe
1482 5243 1745 5314 compulit
1774 5243 1952 5317 homi-

374 5348 473 5390 nes
515 5334 682 5389 etiam
715 5333 833 5389 suis
874 5333 1120 5404 ipsorum
1153 5333 1506 5403 dogmatibus
1548 5320 1950 5403 contradicere.

375 5425 447 5478 At
473 5439 599 5480 .nec
649 5424 971 5481 Africanum
1031 5422 1362 5480 historicum
1422 5428 1553 5483 talis
1610 5427 1953 5498 εισι-ωενιόί

377 5512 553 5570 iorma
583 5515 865 5586 praeteriit.
907 5513 1188 5581 Siquidem
1231 5523 1451 5589 constat
1486 5519 1544 5574 in
1581 5518 1775 5582 quinto
1810 5520 1953 5578 libro

446 5742 516 5797 ιι
549 5743 676 5801 Cor.
711 5762 796 5813 Ill,
826 5744 881 5800 3.
957 5747 977 5780 ¹
1017 5744 1187 5803 lCor.
1225 5764 1312 5819 ιν,
1358 5750 1445 5810 50.

2052 4532 2253 4588 οὑτωσὶ
2275 4533 2502 4605 γράφων
2522 4533 2667 4588 κατὰ
2688 4531 2854 4601 λέξιν·
2886 4531 3010 4586 Ὅτι
3033 4532 3102 4588 τὸ
3126 4531 3233 4589 τοῦ
3256 4533 3477 4600 ὓδατος
3496 4535 3647 4588 λου-

2052 4625 2198 4694 τρόν
2222 4626 2538 4695 σύμϐολον
2562 4623 2847 4695 τυγχάνει
2869 4626 3200 4695 καθαρσίου
3227 4624 3456 4695 ψυχῆς,
3483 4625 3644 4681 πάν-

2052 4731 2128 4769 τα
2162 4715 2361 4782 ῥύπον
2406 4713 2515 4768 τὸν
2545 4714 2665 4770 ἀπὸ
2707 4714 2924 4781 κακίας
3090 4712 3596 4781 ἀποπλυνομένης
3622 4734 3639 4750 ο

2054 4803 2238 4858 οὐδὲν
2267 4802 2337 4856 δὲ
2375 4799 2563 4873 ἧττον
2604 4804 2705 4859 real
2737 4808 2866 4861 καθ’
2905 4806 3088 4862 ἑαυτὸ
3127 4805 3210 4873 τῷ
3241 4807 3639 4878 ἐμπαρέχοντδ

2054 4892 2273 4948 ἑαυτὸν
2302 4891 2376 4961 τῇ
2404 4893 2639 4961 θεότητι
2668 4892 2781 4961 τῆς
2814 4893 3248 4964 προσκυνητῆς
3280 4896 3521 4965 Τριάδος
3538 4894 3637 4951 διὰ

2054 4982 2167 5053 τῆς
2193 4982 2503 5052 δυνάμεως
2542 4982 2662 5037 τῶν
2698 4984 3082 5051 ἐπικλήσεων
3120 4985 3506 5056 χαρισμάτων
3538 4986 3641 5056 ἀρ-

2056 5073 2179 5144 χὴν
2215 5074 2341 5144 ἔχει
2377 5073 2476 5129 real
2526 5075 2752 5145 πηγήν.
2800 5074 2913 5129 Καὶ
2962 5075 3127 5130 πάλιν
3176 5077 3236 5130 ἐν
3262 5079 3376 5141 τοῖς
3412 5080 3494 5141 είς
3537 5077 3648 5148 τὴν

2056 5165 2194 5234 πρὸς
2241 5163 2544 5237 Ῥωμαίους
2590 5165 2909 5237 Ἐπιστολὴν
2955 5166 3323 5238 ἐξηγητικοῖς,
3355 5171 3426 5223 Al
3464 5168 3643 5237 lepal,

2059 5257 2216 5326 φησὶ,
2261 5254 2547 5329 δυνάμεις
2599 5256 2921 5327 χωρητικαὶ
2970 5257 3093 5327 τοῦ,
3117 5258 3500 5329 Μονοτενοῦς
3538 5259 3643 5313 καὶ

2053 5345 2164 5415 τῆς
2187 5346 2297 5402 τοῦ
2327 5348 2501 5417 ἁγίου
2528 5348 2876 5417 Πνεύματος
2904 5348 3203 5416 θεότητος.
3226 5348 3435 5415 Οὕτως,
3460 5344 3641 5422 οἶμαι,

2053 5438 2117 5492 τὸ
2142 5439 2243 5511 τῆς
2272 5438 2622 5511 παραδόσεως
2657 5439 2878 5509 ἰσχυρὸν
2904 5439 3066 5510 ἐνῆγε
3095 5439 3356 5507 πολλάκις
3385 5443 3512 5506 τοὺς
3541 5442 3642 5497 ἄνι-

2051 5530 2186 5599 δρας
2223 5531 2318 5586 καὶ
2365 5532 2480 5596 τοῖς
2513 5531 2736 5595 οἰκείοις
2773 5530 2956 5586 αὐτῶν
3123 5532 3389 5608 δόγμασιν
3430 5533 3640 5591 ἀντιλὲ-
