4082 6384
303 321 413 391 805

1268 312 1645 375 PANOPLIA
1682 309 2143 371 DOGMATICA.
2168 334 2233 345 -
2271 311 2422 373 ΤΙΤ,
2465 308 2603 370 XII.

3458 313 3566 377 806

300 469 439 521 γειν.
500 448 637 502 Ἀλλ’
683 446 801 500 οὐδὲ
859 441 1182 518 Ἀφρικανὸν
1228 442 1320 494 τὸν
1368 443 1781 516 ἱστοριογράφον
1823 445 1885 498 τὺ

1989 436 2054 491 de
2081 433 2400 504 temporibus
2445 434 2748 504 Epitomes,
2791 441 2846 489 et
2900 434 3079 505 ipsum
3128 435 3197 490 ad
3244 437 3389 493 hunc
3423 439 3569 509 loqui

299 543 541 599 τοιοῦτον
573 534 711 605 εἶδος
735 538 833 608 τῆς
861 535 1165 605 δοξολογίας
1191 533 1482 607 παρέλαϐε.
1504 535 1756 589 Φαίνεται
1776 534 1886 607 γὰρ

301 638 359 687 ὲν
402 632 480 705 τῷ
531 632 767 702 πέμπτῳ
806 629 903 699 τῆς
941 626 1057 681 τῶν
1102 627 1335 696 χρόνων
1389 625 1704 696 Ἐπιτομῆς
1744 627 1886 685 οὕτω

303 727 397 779 καὶ
447 724 608 787 αὐτὸς
652 721 825 790 λέγων
846 735 859 748 °
922 719 1119 789 Ἡμεῖς
1165 718 1275 789 γὰρ
1321 721 1375 772 οι
1426 719 1717 775 κάκείνων
1768 718 1886 774 τῶν

301 813 582 883 ῥημάτων
732 811 797 864 τὸ
833 808 1055 879 μέτρον
1088 807 1494 877 ἐπιστάμενοι,
1529 806 1628 863 καὶ
1656 808 1766 877 τῆς
1791 809 1886 863 πί-

303 923 494 972 στεως
518 905 629 959 οὐκ
651 901 1013 971 ἀγνοοῦντες
1042 898 1157 967 τὴν
1182 899 1378 969 χάριν,
1412 900 1887 971 εὐχαριστοῦμεν

305 998 386 1062 τῷ
432 991 873 1064 παρασχομένῳ
912 990 1036 1057 τοῖς
1075 991 1245 1057 ἰδίοις
1274 990 1419 1060 ἡμῖν
1456 992 1635 1059 Πατρὶ
1780 991 1887 1046 τὸν

305 1087 426 1140 τῶν
456 1087 615 1140 ὅλων
639 1083 883 1151 Σωτῆρα
910 1083 1007 1135 καὶ
1038 1084 1259 1149 Κύριον
1286 1080 1453 1150 ἡμῶν
1500 1083 1737 1150 Ἰησοῦν
1754 1086 1887 1150 Χρι-

306 1179 477 1231 στόν
502 1169 550 1241 ᾦ
580 1175 618 1241 ἡ
648 1173 817 1236 δόξα,
843 1170 1245 1240 μεγαλωσύνη
1269 1169 1390 1222 σὺν
1412 1168 1558 1238 ἁγίῳ
1590 1170 1886 1238 Πνεύματι

304 1270 392 1332 εἰς
430 1265 574 1331 τοὺς
610 1260 850 1328 αἰῶνας.
887 1259 967 1312 Τὰ
1006 1259 1103 1329 μὲν
1144 1253 1236 1310 οὖν
1277 1256 1409 1311 ἄλλα
1439 1255 1599 1326 τυχὸν
1634 1257 1727 1308 καὶ
1760 1257 1887 1310 ἀπι-

310 1357 575 1427 πηθῆναι
607 1353 853 1417 δύναται,
893 1352 926 1422 ἢ
958 1350 1053 1406 καὶ
1085 1347 1505 1420 μεταγραφέντα
1536 1347 1886 1418 δυσφώρατον

308 1448 450 1518 ἔχειν
486 1448 588 1518 τὴν
620 1443 979 1513 κακουργίαν,
1011 1444 1069 1495 ὲν
1103 1442 1202 1512 μιᾷ
1236 1440 1470 1510 συλλαϐῇ
1501 1440 1599 1510 τῆς
1624 1440 1886 1510 διαφορᾶς

308 1538 679 1611 ὑπαρχούσης·
697 1537 734 1591 δι
751 1536 808 1588 δὲ
832 1534 921 1587 διὰ
938 1533 1279 1605 μακροτέρας
1305 1533 1402 1601 τῆς
1430 1530 1626 1595 λέξεως
1650 1529 1884 1602 παρεθέ-

312 1630 469 1701 μεθα,
490 1629 585 1682 καί¹
607 1629 706 1699 τὴν
723 1624 1011 1697 ἐπιϐουλὴν
1031 1623 1330 1693 διαφεύγει,
1348 1622 1440 1675 καὶ
1462 1622 1559 1692 τὴν
1582 1622 1885 1692 μαρτυρίαν

305 1724 400 1776 ἀπ’
413 1720 592 1776 αὐτῶν
608 1719 714 1775 τῶν
741 1716 1182 1789 συγγραμμάτων
1198 1713 1573 1767 εὐαπόδεικτον
1592 1710 1723 1783 ἔχει.
1747 1716 1811 1766 Ὃ
1828 1714 1885 1767 δὲ

304 1819 480 1880 ἄλλως
504 1817 600 1888 μὲν
624 1819 754 1881 ἴσως
776 1816 1147 1887 μικροπρεπὲς
1171 1810 1239 1886 ἦν
1256 1817 1335 1879 είς
1355 1814 1519 1886 μέσον
1540 1814 1786 1883 ἄγεσθαι,
1809 1812 1887 1885 τῷ

304 1908 362 1961 δὲ
384 1906 735 1977 καινοτομίαν
757 1905 1138 1976 ἐγκαλουμένῳ
1160 1906 1457 1973 ἀναγκαῖον
1480 1904 1559 1967 είς
1585 1903 1889 1975 μαρτυρίαν

305 2000 393 2054 διὰ
407 1999 502 2053 τοῦ
517 1998 708 2070 χρόνου
726 1997 821 2069 τὴν
836 1999 1191 2069 ἀρχαιότητα,
1208 1996 1367 2051 τοῦτο
1382 1996 1447 2068 δὴ
1462 1995 1556 2051 καὶ
1572 1994 1887 2067 προσθήσω.

308 2091 498 2157 Ἔδοξε
529 2095 639 2155 τοῖς
666 2092 935 2162 πατράσιν
970 2092 1130 2163 ήμῶν
1168 2091 1243 2163 μὴ
1278 2094 1454 2163 σιωπῇ
1478 2090 1577 2163 τὴν
1614 2090 1774 2161 χάριν
1796 2088 1888 2142 τοῦ

305 2182 597 2254 ἑσπερινοῦ
616 2181 792 2250 φωτὸς
900 2180 1169 2251 δέχεσθαι,
1196 2180 1311 2235 ἀλλ’
1333 2182 1495 2245 εὐθὺς
1515 2181 1776 2250 φανέντος
1804 2181 1892 2233 εὐ-

307 2277 607 2347 χαριστεῖν.
622 2274 735 2327 Καὶ
746 2274 893 2335 ὅστις
913 2273 1011 2344 μὲν
1026 2275 1054 2326 ὁ
1067 2272 1248 2343 πατὴρ
1266 2272 1374 2325 τῶν
1388 2274 1648 2343 ῥημάτων
1666 2272 1890 2326 ἐκείνων

305 2366 406 2435 τῆς
431 2363 739 2433 ὲπιλυχνίου
760 2363 1130 2436 εὐχαριστίας,
1156 2365 1329 2416 εἰπεῖν
1352 2363 1451 2415 οὐκ
1473 2363 1687 2434 ἔχομεν·
1717 2366 1745 2416 ὁ
1769 2363 1894 2433 μέν-

306 2474 391 2511 τοι
412 2456 540 2519 λαὸς
562 2454 792 2525 ἀρχαίαν
812 2455 1006 2525 ἀφίησι
1021 2454 1118 2525 τὴν
1136 2454 1341 2525 φωνὴν,
1359 2454 1451 2507 καὶ
1474 2454 1647 2507 οὐδενῖ
1672 2454 1891 2507 πώποτε

306 2548 526 2604 ἀσεϐεῖν
560 2547 922 2618 ἐνομίσθησαν
950 2548 1000 2600 oi
1020 2546 1287 2614 λέγοντες·
1312 2545 1608 2615 Αὶνοῦμεν
1633 2545 1885 2614 Πατέρα,

306 2640 408 2693 καί
438 2639 594 2702 Υἰὸν,
623 2637 721 2691 καὶ
741 2638 912 2708 ἅγιον
931 2637 1175 2707 Πνεῦμα
1203 2637 1372 2691 Θεοῦ.
1402 2638 1462 2690 Et
1487 2638 1544 2690 δέ
1567 2656 1650 2701 τις
1684 2638 1887 2691 καὶτὸν

308 2731 479 2802 ὕμνον
539 2729 925 2800 Ἀθηνογένους
975 2729 1138 2797 ἔγνω,
1185 2729 1244 2782 ὃν
1281 2728 1471 2799 ὥσπερ
1522 2747 1573 2781 τι
1626 2729 1890 2800 ἀλεξητή-

309 2837 426 2891 ριον
570 2821 682 2881 τοῖς
733 2816 982 2872 συνοῦσιν
1033 2817 1184 2888 αὐτῷ
1238 2818 1647 2879 καταλέλοιπεν,
1702 2819 1890 2889 ὁρμῶν

307 2911 410 2981 ἡδη
450 2910 588 2981 πρὸς
615 2908 715 2979 τὴν
751 2908 840 2962 διὰ
871 2908 1041 2981 πυρὸς
1072 2908 1372 2973 τελείωσιν,
1401 2908 1509 2962 οἶδε
1538 2910 1633 2962 καὶ
1661 2910 1759 2980 τὴν
1782 2910 1891 2963 τῶν

307 2998 605 3070 μαρτύρων
636 2997 861 3068 γνώμην
892 2999 1039 3061 ὅπως
1072 2996 1217 3068 εἶχον
1247 2999 1375 3070 περὶ
1415 2996 1509 3051 τοῦ
1544 2998 1887 3069 Πνεύματος.

309 3091 418 3144 Καὶ
438 3089 611 3143 ταῦτα
651 3089 750 3159 μὲν
775 3088 855 3151 εἰς
883 3088 1158 3141 τοσοῦτον.

510 3181 808 3253 Γρηγόριον
860 3181 915 3234 δὲ
966 3180 1057 3233 τὸν
1111 3180 1321 3248 Μέγαν,
1377 3185 1470 3234 καὶ
1520 3180 1620 3245 τὰς
1674 3181 1883 3235 ἐκείνου
1922 3167 1964 3223 (ἶ

307 3272 494 3343 φωνὰς
530 3272 632 3326 ποῦ
672 3273 949 3343 θήσομεν;
993 3267 1080 3341 ἆρ’
1120 3271 1241 3341 οὐχὶ
1277 3271 1413 3342 μετά
1438 3272 1547 3326 τῶν
1574 3271 1889 3326 ἀποστόλων

307 3363 405 3414 καὶ
437 3361 767 3432 προφητῶν;
812 3359 982 3431 ἄνδρα
1018 3358 1096 3430 τῷ
1143 3358 1291 3429 αὺτῷ
1339 3358 1616 3431 Πνεύματι
1660 3361 1889 3424 ἐκείνοις

307 3454 761 3524 περιπατήσαντα
794 3486 811 3513 ,
944 3452 1038 3506 καὶ
1077 3454 1190 3515 τοῖς
1233 3450 1343 3505 τῶν
1387 3452 1558 3521 ἁγίων
1594 3452 1763 3523 ἴχνεσι
1803 3452 1891 3505 διά

306 3542 510 3604 παντὸς
546 3540 639 3595 τοῦ
686 3540 801 3611 βίου
846 3541 1227 3612 στοιχήσαντα,
1269 3542 1365 3595 καὶ
1399 3542 1499 3611 τῆς
1531 3542 1893 3613 εὐαγγελικῑκ

309 3632 587 3696 πολιτείας
620 3633 681 3685 τὸ
719 3632 943 3704 ἀκριϐὲς
994 3631 1084 3685 διὰ
1138 3632 1319 3702 πάσης
1374 3632 1540 3687 αὑτοῦ
1594 3635 1695 3704 τῆς
1745 3633 1891 3703 ζωῆς

307 3722 753 3795 κατορθώσαντα.
807 3723 949 3791 Ἐγὼ
984 3722 1083 3794 μὲν
1115 3719 1274 3774 τοῦτό
1314 3740 1476 3793 φημι·
1521 3720 1599 3777 Ἦ
1639 3725 1893 3796 ἀδικήσο-

309 3833 411 3887 μεν
444 3816 545 3885 τὴν
571 3815 850 3887 ἀλήθειαν,
882 3816 956 3887 μὴ
986 3819 1098 3881 τοῖς
1126 3816 1492 3889 ᾠκειωμένοις
1522 3815 1641 3887 Θεῷ
1663 3816 1762 3886 τὴν
1790 3816 1892 3885 ψυ-

306 3909 409 3979 χὴν
453 3908 668 3979 ἐκείνην
723 3909 1198 3981 συναριθμοῦντες,
1252 3906 1363 3964 οἷόν
1415 3926 1537 3963 τινα
1590 3909 1893 3979 λαμπτῆρα

307 4000 582 4070 περιφανῆ
626 4001 797 4070 μέγαν
827 4002 885 4053 ἐν
925 4005 990 4072 τῇ
1041 4001 1338 4073 Ἐκκλησία
1372 4000 1467 4054 τοῦ
1497 4001 1632 4055 Θεοῦ
1662 4000 1893 4070 διαλάμ-

307 4092 506 4161 ψανταο
539 4091 597 4156 ὃς
635 4091 863 4163 φοϐερὸν
914 4093 1011 4162 μὲν
1051 4089 1196 4164 εἶχεν
1224 4096 1288 4148 ἐκ
1313 4095 1413 4166 τῆς
1446 4093 1540 4148 τοῦ
1574 4092 1893 4164 Πνεύματος

310 4184 600 4255 συνεργίας
638 4185 779 4237 κατά
826 4185 1099 4255 δαιμόνων
1150 4186 1212 4239 τὺ
1250 4188 1473 4258 κράτος·
1521 4185 1789 4259 τοσαύτην
1833 4185 1890 4238 δὲ

308 4273 469 4325 ἔλαϐε
506 4272 599 4325 τοῦ
638 4273 796 4341 λόγου
826 4275 925 4344 τὴν
968 4275 1129 4346 χάριν
1175 4277 1255 4339 είς
1284 4276 1531 4347 ὑπακοὴν
1566 4277 1802 4338 πίστεως
1834 4278 1891 4327 ὲν

306 4366 421 4425 τοῖς
452 4362 682 4427 ἔθνεσιν,
709 4363 871 4429 ὥστε,
900 4366 1265 4419 ἑπτακαίδεκα
1303 4366 1495 4437 μόνους
1532 4368 1891 4437 Χριστιανοὺς

308 4453 666 4525 παραλαϐὼν,
707 4456 827 4509 ὅλον
868 4456 959 4509 τὸν
1004 4457 1134 4509 λαὸν
1178 4457 1266 4510 τόν
1314 4474 1370 4509 τε
1412 4458 1632 4510 ἀστικὸν
1676 4458 1889 4510 καὶτὸν

304 4546 599 4616 χωριτικδν
630 4546 717 4599 διὰ
747 4547 849 4617 τῆς
880 4547 1227 4617 ἐπιγνώσεως
1274 4551 1590 4619 προσήγαγε
1629 4548 1707 4618 τῷ
1747 4547 1885 4618 Θεῷ.

317 4637 558 4699 Ἐκεῖνος
591 4638 682 4688 καὶ
712 4636 973 4707 ποταμῶν
1096 4638 1286 4710 ῥεῖθρα
1316 4639 1667 4709 μετέστησεν,
1698 4638 1887 4691 ἐπιτά-

307 4726 405 4790 ξας
448 4726 630 4789 αὐτοῖς
667 4729 724 4779 ὲν
765 4726 842 4797 τῷ
871 4727 1097 4800 ὀνόματι
1130 4728 1207 4801 τῷ
1240 4730 1462 4801 μεγάλῳ
1505 4730 1597 4784 τοῦ
1628 4730 1886 4801 Χριστοῦ·

302 4812 404 4869 καὶ
456 4816 654 4884 λίμνην
702 4815 965 4885 ἐξήρανεν
1025 4816 1279 4871 ὑπόθεσιν
1333 4818 1568 4889 πολέμου
1618 4819 1889 4891 φέρουσαν

304 4904 559 4972 ἀδελφοῖς
589 4905 959 4969 πλεονέκταις.
986 4908 1051 4959 At
1087 4907 1143 4960 δὲ
1178 4907 1287 4961 τῶν
1320 4908 1621 4979 μελλόντων
1650 4927 1889 4981 προαγο-

307 4991 527 5064 ρεύσεις
562 4993 832 5057 τοιαῦται,
860 4993 936 5056 ὼς
969 4994 1135 5065 μηδὲν
1166 4996 1276 5050 τῶν
1302 4997 1477 5051 ἄλλων
1505 4999 1724 5053 ἀποδεῖν
1754 5016 1890 5071 προ-

306 5083 517 5154 φθιτῶν.
556 5084 667 5137 Καὶ
689 5084 827 5149 ὅλως
868 5088 1077 5157 μακρδν
1116 5087 1182 5141 ἂν
1214 5087 1299 5159 εἴη
1330 5088 1424 5141 τοῦ
1462 5089 1654 5159 ἀνδρὸς
1683 5090 1888 5161 διηγεῖσ

306 5179 437 5231 σθαι
462 5178 533 5230 τὰ
565 5177 839 5249 θαύματα,
875 5179 935 5242 ὃς
955 5183 1022 5251 τῇ
1055 5180 1325 5251 ὑπερϐολῇ
1347 5180 1456 5234 τῶν
1478 5182 1535 5233 ὲν
1555 5181 1703 5252 αὐτῷ
1727 5200 1888 5255 χαρι-

306 5270 553 5341 σμάτων,
587 5269 697 5323 τῶν
733 5271 1140 5342 ἐνεργουμένων
1184 5270 1290 5324 ὑπὸ
1330 5270 1426 5324 τοῦ
1466 5271 1783 5342 Πνεύματος
1829 5275 1886 5327 ὲν

305 5360 457 5429 πάσῃ
506 5358 730 5429 δυνάμει
776 5362 870 5413 καὶ
915 5360 1163 5430 σημείοις
1212 5360 1308 5414 καὶ
1365 5359 1577 5429 τέρασι,
1633 5360 1886 5434 δεύτερος

303 5448 547 5518 Μωῦσῆς
577 5449 704 5519 παρ’
738 5450 917 5503 αὐτῶν
944 5450 1054 5503 τῶν
1098 5450 1307 5521 ἐχθρῶν
1367 5450 1469 5521 τῆς
1498 5450 1754 5521 ἀληθείας
1785 5452 1887 5504 ἀν-

301 5539 601 5610 ηγορεύετο
624 5540 725 5611 (7).
776 5541 961 5604 Οὕτως
988 5542 1137 5613 αὑτῷ
1162 5544 1220 5595 ὲν
1258 5542 1421 5596 παντὶ
1445 5542 1588 5613 λόγῳ
1618 5543 1712 5597 καὶ
1740 5541 1886 5614 ἔργῳ

303 5633 418 5687 τῶν
439 5632 881 5703 ἐπιτελουμένων
914 5632 1004 5685 διὰ
1022 5633 1119 5702 τῆς
1153 5632 1377 5702 χάριτος
1406 5626 1519 5685 οἷόν
1554 5648 1605 5684 τι
1638 5629 1758 5698 φῶς
1786 5633 1887 5683 έπ-

301 5726 546 5797 έλαμπι,
584 5727 809 5797 μήνυμα
835 5726 931 5795 τῆς
964 5725 1219 5795 οὐρανίου
1236 5725 1548 5795 δυνάμεως,
1566 5722 1668 5792 τῆς
1698 5725 1761 5777 ὲκ
1785 5722 1880 5777 τοῦ

1990 528 2211 583 modum
2252 546 2265 581 :
2311 524 2427 581 Nos
2473 528 2611 580 enim
2656 526 2749 596 qui
2796 535 2847 580 et
2894 527 3112 582 illorum
3297 528 3571 583 verborum

1991 620 2209 690 modum
2259 617 2580 684 didicimus,
2634 634 2725 671 nec
2767 618 3075 688 ignoramus
3126 618 3253 687 fidei
3301 622 3568 688 gratiam,

1987 709 2193 780 gratias
2211 708 2419 778 agimus
2437 707 2613 769 Patri,
2644 707 2735 777 qui
2753 707 2902 762 nobis
2920 710 3032 762 suis
3055 710 3317 762 creaturis
3343 709 3572 777 prtebuit

1988 803 2352 855 universorum
2378 800 2709 855 Salvatorem
2735 818 2798 853 ac
2820 802 3106 856 Dominum
3125 813 3366 855 nostrum
3385 801 3573 857 Iesum

1989 888 2284 954 Christum,
2309 891 2393 944 cui
2408 891 2604 961 gloria,
2640 891 2894 960 majestas
2913 909 3033 945 cum
3058 903 3245 947 sancto
3275 893 3480 963 Spiritu
3514 897 3571 948 in

1988 981 2206 1036 stzcula.
2241 982 2311 1034 At
2345 981 2412 1035 de
2435 981 2648 1035 ceteris
2686 981 2942 1036 fortassis
2975 982 3212 1036 dubitari
3233 983 3439 1053 possit,
3477 993 3573 1038 aut

1988 1074 2137 1128 credi
2172 1073 2385 1143 possint
2426 1073 2713 1126 immutata
2748 1088 2866 1127 eam
2915 1074 3187 1128 rationem
3233 1074 3471 1137 habere,
3512 1082 3574 1128 ut

1989 1166 2141 1221 fraus
2161 1181 2303 1236 aegre
2334 1163 2666 1234 deprehendi
2696 1164 2893 1234 possit,
2927 1179 3055 1217 cum
3076 1164 3130 1218 in
3168 1165 3330 1218 unica
3361 1165 3572 1236 syllaba

1988 1259 2229 1328 positum
2266 1258 2338 1311 sit
2368 1257 2686 1314 discrimen.
2716 1255 2920 1311 Verum
2951 1272 3071 1326 quae
3111 1258 3361 1325 pluribus
3383 1257 3569 1312 verbis

1988 1352 2133 1406 dicta
2165 1350 2457 1404 citavimus
2481 1391 2496 1415 ,
2537 1366 2600 1405 ea
2641 1366 2742 1406 nec
2781 1350 3015 1405 insidias
3044 1349 3379 1413 admittunt,
3416 1359 3471 1403 et
3501 1349 3571 1403 ab

1990 1442 2125 1513 ipsis
2179 1442 2339 1498 libris
2391 1438 2638 1512 paratum
2686 1443 2892 1497 habent
2945 1442 3341 1497 testimonium.
3392 1439 3568 1493 Porro

1988 1538 2134 1608 quod
2175 1537 2379 1605 alioqui
2415 1536 2668 1591 fortassis
2714 1534 2983 1589 humilius
3018 1534 3181 1598 foret,
3214 1548 3379 1603 quam
3412 1540 3470 1585 ut
3509 1531 3567 1587 'lt

1988 1629 2227 1684 medium
2260 1629 2586 1692 adducatur,
2621 1626 2715 1683 Sed
2761 1627 2809 1682 ei
2864 1634 3046 1680 tamen
3089 1626 3183 1695 qui
3224 1625 3292 1679 de
3324 1624 3567 1677 novitate

1988 1716 2301 1786 accusatur,
2332 1722 2564 1791 perutile
2591 1728 2812 1789 propter
2839 1720 3106 1788 temporis
3150 1717 3569 1787 antiquitatem,

1928 1792 2094 1866 Bhoc
2139 1825 2364 1881 quoque
2411 1823 2561 1865 nunc
2613 1809 2926 1876 adjicimus.
2964 1807 3153 1863 Visum
3195 1818 3279 1862 est
3318 1809 3571 1876 patribus

1990 1903 2227 1968 nostris,
2264 1901 2564 1972 vespertini
2602 1899 2830 1954 luminis
2868 1899 3104 1968 gratiam
3135 1898 3569 1968 haudquaquam

1990 1994 2207 2050 silentio
2255 1993 2535 2063 accipere,
2580 1992 2676 2047 sed
2724 2006 2848 2045 mox
2882 1998 2939 2044 ut
2968 1991 3219 2060 apparuit
3253 2006 3415 2059 agere
3443 2005 3569 2061 gra-

1992 2086 2117 2141 tias.
2154 2074 2289 2151 Q'uis
2329 2092 2511 2140 autem
2560 2083 2725 2139 fuerit
2754 2092 2949 2137 auctor
2976 2084 3192 2137 illorum
3236 2082 3568 2151 verborum,

1990 2193 2110 2248 quae
2157 2177 2419 2231 dicuntur
2463 2176 2520 2229 in
2562 2175 2865 2246 gratiarum
2912 2174 3128 2228 actione
3174 2172 3242 2227 ad
3289 2174 3564 2237 lucernas,

1994 2269 2179 2323 dicere
2234 2284 2346 2323 non
2408 2282 2723 2337 possumus.
2771 2265 3015 2335 Populus
3060 2274 3241 2320 tamen
3283 2268 3567 2335 antiquam

1991 2359 2202 2428 profert
2238 2374 2464 2423 vocem,
2504 2374 2684 2427 neque
2726 2360 2982 2427 cuiquam
3025 2374 3265 2427 unquam
3299 2360 3403 2414 visi
3441 2366 3571 2415 sunt

1992 2450 2326 2519 impietatem
2388 2450 2753 2513 committere,
2809 2450 2906 2519 qui
2970 2450 3198 2515 dicunt,
3258 2450 3568 2503 Laudamus

1991 2539 2209 2594 Patrem
2246 2550 2295 2594 et
2343 2539 2547 2594 Filium
2594 2550 2646 2593 et
2680 2540 2937 2608 Spiritum
2985 2552 3228 2595 sanctum
3259 2542 3377 2598 Dei.
3411 2542 3569 2607 Quod

1990 2629 2037 2683 si
2080 2630 2205 2698 quis
2237 2632 2402 2683 etiam
2455 2632 2607 2683 novit
2650 2630 3021 2701 Athenogenis
3068 2633 3363 2702 hymnum,
3403 2648 3567 2701 quem

1990 2727 2250 2791 tanquam
2277 2722 2497 2790 aliquod
2523 2723 2823 2777 amuletum
2860 2724 3146 2793 discipulis
3177 2725 3293 2779 suis
3319 2724 3569 2793 reliquit,

1990 2813 2261 2870 festinans
2298 2814 2413 2884 jam
2459 2814 2525 2867 ad
2563 2816 3091 2870 consummationem
3139 2832 3234 2885 per
3266 2817 3481 2885 ignem;
3523 2816 3575 2870 is

1988 2908 2146 2959 novit
2177 2914 2232 2960 et
2269 2913 2573 2976 martyrum
2623 2908 2951 2960 sententiam
2984 2906 3052 2961 de
3097 2906 3324 2977 Spiritu.
3361 2906 3424 2961 Et
3453 2908 3574 2963 haec

1988 2995 2209 3064 quidem
2246 2995 2541 3051 hactenus.

2181 3171 2452 3227 Caaterum
2488 3171 2810 3244 Gregorium
2842 3175 3119 3247 Magnum,
3151 3186 3205 3233 et
3236 3179 3382 3234 illius
3405 3194 3570 3238 voces

1991 3277 2104 3331 quo
2152 3262 2275 3318 loco
2302 3265 2536 3333 ponam?
2565 3280 2747 3321 annon
2782 3283 2905 3320 cum
2944 3270 3209 3339 apostolis
3243 3279 3297 3324 et
3333 3271 3570 3342 prophe—

1989 3354 2101 3408 tis?
2130 3355 2306 3409 virum
2338 3357 2432 3425 qui
2461 3356 2652 3411 eodem
2686 3357 2892 3427 Spiritu
2909 3375 3018 3429 quo
3047 3359 3124 3413 illi
3149 3372 3420 3427 versatus,
3445 3362 3569 3433 qui-

1990 3461 2099 3515 que
2131 3454 2451 3501 sanctorum
2475 3448 2723 3518 vestigiis
2754 3465 2851 3518 per
2876 3466 3093 3506 omnem
3128 3453 3294 3506 vitam
3326 3453 3567 3519 inluesit,

1991 3536 2199 3606 quique
2241 3539 2571 3606 evangelica:
2604 3541 3039 3601 conversationis
3072 3547 3349 3612 vigorem,
3393 3560 3572 3613 quan-

1991 3627 2084 3681 diu
2115 3627 2268 3691 vixit,
2298 3629 2579 3697 praestitit.
2614 3628 2873 3700 Equidem
2920 3631 3024 3686 hoc
3056 3633 3289 3687 dixerim
3319 3652 3333 3688 :
3367 3634 3571 3703 lnjuria

1991 3717 2338 3774 effecerimus
2369 3719 2677 3783 veritatem,
2709 3721 2755 3774 si
2789 3736 2899 3774 non
2928 3723 3168 3775 animam
3199 3723 3348 3776 illam
3390 3739 3571 3777 annu-

1992 3825 2266 3866 meremus
2296 3811 2365 3866 iis
2394 3810 2488 3880 qui
2521 3811 2632 3868 Deo
2652 3812 2836 3882 juncti
2866 3821 3016 3878 sunt,
3046 3815 3138 3883 qui
3163 3816 3311 3887 velut
3339 3816 3573 3887 insignis

1994 3915 2297 3970 magnaque
2323 3902 2548 3957 lucerna
2589 3903 2647 3957 in
2678 3904 2927 3959 Ecclesia
2954 3904 3049 3959 Dei
3078 3907 3440 3975 resplenduit,
3477 3910 3573 3979 qui

1991 4006 2023 4047 e
2055 3990 2293 4062 Spiritus
2327 4009 2430 4063 ope
2473 3996 2814 4050 tremendam
2845 3996 3036 4051 habuit
3069 3998 3335 4054 adversus
3364 3999 3570 4055 daemo-

1991 4098 2092 4139 nes
2142 4092 2468 4153 potestatem
2504 4104 2519 4154 ;
2552 4094 2762 4141 tantam
2816 4102 2950 4142 vero
3013 4093 3284 4145 sermonis
3338 4092 3573 4161 gratiam

1992 4186 2282 4246 acceperat
2329 4176 2397 4231 ad
2453 4177 2823 4234 obedientiam
2870 4179 2994 4235 ﬁdei
3053 4180 3198 4236 inter
3248 4193 3470 4253 gentes,
3515 4193 3575 4239 ut

1993 4270 2235 4337 acceptis
2285 4284 2396 4324 non
2447 4271 2571 4341 plus
2621 4272 3014 4342 septemdecim
3067 4273 3396 4330 Christianis
3446 4280 3573 4331 uni-

1993 4374 2215 4414 versum
2262 4360 2525 4431 populum
2558 4370 2613 4416 et
2660 4364 2937 4418 urbanum
2985 4372 3040 4420 et
3088 4368 3431 4423 rusticanum
3480 4386 3579 4441 per

1995 4450 2327 4519 agnitionem
2356 4451 2674 4521 adiunxerit
2707 4452 2839 4510 Deo.
2871 4453 2965 4511 llle
2988 4465 3042 4510 et
3075 4457 3363 4514 ﬂuminum
3401 4476 3575 4532 aquas

1994 4540 2046 4593 in
2081 4540 2357 4596 diversum
2392 4544 2576 4608 vertit,
2608 4546 2934 4617 praecipiens
2964 4547 3074 4603 illis
3125 4550 3178 4604 in
3231 4567 3430 4623 magno
3468 4570 3572 4608 no-

1992 4633 2139 4687 mine
2170 4632 2405 4698 Cbristi,
2441 4645 2493 4690 et
2539 4638 2794 4705 paludem
2827 4640 3148 4705 exsiccavit,
3182 4642 3310 4697 belli
3344 4658 3570 4701 causam

1994 4724 2320 4792 praebentem
2350 4722 2619 4782 fratribus
2651 4728 2855 4784 avaris.
2888 4728 3155 4785 Czcterum
3184 4733 3574 4803 praedictiones

1992 4810 2060 4865 de
2086 4811 2285 4866 futuris
2321 4812 2591 4879 ejusmbdi
2624 4825 2785 4882 sunt,
2816 4826 2874 4871 ut
2904 4818 3076 4873 nihilo
3107 4821 3179 4877 sit
3211 4823 3439 4880 inferior
3466 4844 3574 4884 cre-

1994 4901 2126 4957 teris
2160 4902 2457 4973 prophetis.
2509 4902 2615 4960 Sed
2665 4908 2891 4963 omnino
2919 4910 3237 4983 perlongum
3269 4912 3432 4970 fuerit
3467 4919 3571 4975 viri

1994 5008 2323 5063 percensere
2352 4996 2618 5051 miracula
2645 5016 2661 5053 :
2702 5000 2796 5068 qui
2831 5008 3056 5071 propter
3089 5002 3358 5060 donorum
3389 5011 3569 5065 excel-

1992 5084 2213 5139 lentiam
2255 5088 2377 5155 quae
2419 5086 2476 5140 in
2517 5087 2639 5158 ipso
2680 5091 3011 5160 operabatur
3056 5091 3295 5165 Spiritus
3335 5098 3391 5153 in
3419 5104 3569 5157 omni

1990 5175 2193 5229 virtute
2244 5184 2299 5229 et
2350 5176 2523 5247 signis
2565 5192 2631 5232 ac
2675 5179 2975 5251 prodigiis,
3028 5183 3095 5237 ab
3141 5185 3277 5255 ipsis
3321 5190 3570 5247 veritatis

1991 5267 2240 5323 hostibus
2279 5268 2417 5323 alter
2462 5266 2640 5325 Moses
2806 5275 3208 5343 appellabatur.
3260 5278 3317 5333 In
3352 5288 3565 5335 tantum

1991 5358 2047 5411 in
2085 5358 2180 5414 illo
2210 5358 2267 5412 in
2295 5359 2555 5415 omnibus
2589 5367 2703 5414 tum
2746 5361 2911 5419 dictis
2940 5374 3055 5419 tum
3097 5366 3286 5433 factis,
3318 5386 3439 5439 quae
3472 5386 3571 5442 per

1987 5452 2219 5522 gratiam
2253 5452 2676 5521 peragebantur,
2703 5456 2867 5510 veluti
2898 5457 3078 5513 lumen
3108 5459 3379 5530 quoddam
3404 5464 3568 5518 reful-

1988 5540 2172 5607 gebat,
2220 5540 2460 5596 caalestis
2503 5541 2723 5598 virtutis
2759 5544 3043 5611 indicium,
3085 5560 3207 5616 quae
3245 5561 3311 5601 ex
3350 5551 3569 5607 occulto

1991 5632 2371 5689 assectabatur
2422 5634 2790 5705 illum.ﬂujns
2812 5636 2993 5692 adhuc
3027 5635 3327 5691 etiamnum
3366 5649 3565 5706 magna

1991 5737 2073 5781 est
2101 5727 2247 5797 apud
2267 5728 2390 5796 ejus
2422 5727 2663 5798 regionis
2686 5727 2936 5782 homines
2967 5726 3291 5792 admiratio,
3317 5742 3570 5799 novaque
