2041 3204
207 173 258 203 8οἹ

691 172 876 202 I‘ANUI’LH
901 171 1129 202 DOGMATICA.
1149 183 1182 189 -
1203 170 1276 201 TlT.
1298 170 1368 200 Xll-

1794 169 1847 203 £08

211 247 244 267 ac
258 244 368 273 semper
390 244 487 264 recens
504 234 633 262 memoria
650 234 689 261 sic
706 233 788 259 inﬁxa
802 237 843 259 t‘sl
857 232 998 264 Ecclcslis.

1056 237 1172 273 Ξφανοῦς
1184 238 1379 274 παρεπομένης
1391 236 1475 272 αὐτῷ.
1487 236 1588 263 Τούτου
1602 236 1673 272 μέγα
1685 237 1724 264 ἔτι
1737 238 1786 264 καὶ
1795 237 1844 265 νῦν

212 289 242 312 ut
257 284 332 311 nullo
354 287 476 318 tempore
502 280 666 308 obsolescat.
694 278 789 313 Itaque
817 286 871 305 non
898 278 1000 305 factum

212 329 333 364 aliquod.
351 336 405 355 non
415 328 517 354 dictum
528 346 535 358 ,
552 333 604 353 non
629 326 710 352 ritum
736 325 821 352 ullum
837 325 981 360 mysticum
992 345 999 357 ,

213 373 285 400 ultra
300 379 381 407 quatit
399 371 444 398 ille
460 371 581 406 reliquit.
596 370 726 398 Ecclesiae
740 369 910 404 adjecerunt.
929 369 1003 402 Qua-

214 422 323 453 propter
337 417 419 445 etiam
433 416 517 443 multa
535 424 568 443 ex
582 416 624 442 his
636 423 696 450 qua:
712 415 783 450 apud
801 415 862 442 illos
873 420 1002 451 aguntur,

214 462 372 498 imperfecta
403 470 464 489 esse
496 462 640 490 videnlur.
675 468 786 496 propter
819 461 1003 489 institutionis

213 508 412 543 antiquitatem.
434 506 502 533 Nam
519 506 566 541 qui
583 507 610 533 in
625 505 810 533 Ecclesiarum
825 506 1002 534 administra-

213 554 313 581 tionem
334 555 527 580 successerant
539 572 546 583 ,
571 552 637 578 nihil
658 559 689 579 ex
708 552 750 579 his
769 559 829 586 quas
848 556 910 586 post
927 552 1002 579 illum

213 597 367 632 excogitata
386 597 469 629 'sunt,
491 597 551 623 loco
566 596 745 623 additatncnti
765 596 911 623 voluerunt
934 597 1003 624 rcci-

213 650 286 678 pere.
304 641 394 669 Unum
408 643 500 676 itaque
511 649 544 668 ex
560 640 684 676 Gregorii
702 641 837 669 institutis
854 645 905 672 est,
921 642 1003 668 etiam

215 686 259 713 ille
282 686 341 721 ipse
357 685 566 721 gloriﬁcationis
584 684 698 717 modus,
718 685 762 711 cui
780 693 853 712 nunc
868 685 1004 712 contradi-

215 733 298 764 citur,
315 739 349 759 ex
373 732 445 760 illius
472 732 616 759 traditione
640 732 667 759 in
693 731 814 760 Ecclesia
838 734 1003 761 custoditus.

215 776 271 804 Nec
282 776 397 803 multum
414 776 496 803 fuerit
507 776 619 810 negotii,
632 776 669 809 ei,
687 777 734 811 qui
753 777 805 804 iter
817 777 897 804 breve
912 785 1006 806 susce-

1052 285 1107 316 τοῖς
1120 285 1263 320 ἐγχωρίοις
1277 284 1308 310 τὺ
1325 283 1428 318 θαῦμα,
1444 284 1491 310 καὶ
1501 283 1586 318 νεαρὰ
1599 284 1645 310 καὶ
1659 284 1703 310 ἀεὶ
1720 283 1844 319 πρόσφα-

1053 338 1098 361 τος
1112 331 1128 365 ὴ
1145 331 1239 365 μνήμη
1253 330 1314 361 ταῖς
1334 328 1507 363 Ἐκκλησίαις
1524 328 1671 363 ὲνιδρυται,
1685 329 1773 355 οὐδενὶ
1784 329 1845 365 χρό-

1052 384 1089 410 νῳ
1105 374 1310 410 ἀμαυρουμένη.
1331 373 1435 400 Ούκοῦν
1449 374 1479 399 οὐ
1500 373 1599 409 πρᾶξίν
1618 383 1689 406 τινα,
1707 373 1738 400 οὐ
1754 374 1843 408 λόγον,

1053 421 1083 447 οὺ
1094 420 1178 446 τύπον
1188 420 1249 446 τινὰ
1264 419 1406 455 μυστικὸν,
1419 419 1483 455 παρ’
1495 419 1523 445 ὃν
1535 420 1636 451 ἐκεῖνος
1702 419 1843 452 κατέλιπε,

1053 468 1086 501 τῇ
1109 466 1257 501 Ἐκκλησία
1274 465 1458 500 προσέθηκαν.
1474 464 1566 499 Ταύτῃ
1582 473 1623 492 τοι
1634 467 1681 492 καὶ
1694 465 1779 492 πολλὰ
1789 465 1843 492 τῶν

1054 510 1118 545 παρ’
1130 510 1222 541 αὐτοῖς
1235 509 1407 544 τελουμένων
1424 509 1554 541 ἐλ).ειπῶς
1571 509 1643 544 ἔχειν
1660 510 1734 537 δοκεῖ
1752 510 1796 537 διὰ
1812 510 1844 537 τὺ

1053 555 1103 591 τῆς
1116 554 1309 585 καταστάσεως
1320 553 1528 589 ἀρχαιότροπον.
1542 554 1624 581 Οὐδὲν
1634 555 1689 591 γὰρ
1700 555 1844 591 ἠνέσχοντο

1054 602 1078 628 οἱ
1103 602 1174 628 κατὰ
1199 600 1323 635 διαδοχὴν
1348 599 1398 630 τὰς
1426 599 1588 635 Ἑκκλησίας
1618 600 1844 636 οῐκονομήσαντες

1054 647 1109 674 τῶν
1131 649 1189 683 μετ’
1215 648 1318 674 ἐκεῖνον
1345 646 1545 681 ἐφευρεθέντων
1573 646 1775 682 παραδέξασθαι
1805 647 1845 679 είς

1057 694 1225 729 προσθήκην.
1245 692 1292 718 Ἐν
1307 691 1396 717 τοίνυν
1410 691 1464 717 τῶν
1476 691 1625 727 Γρηγορίου
1643 691 1690 718 καὶ
1707 693 1721 719 ὁ
1737 692 1785 718 νῦν
1795 693 1844 719 ἀν-

1056 739 1227 773 τιλεγόμενος
1247 737 1346 773 τρόπος
1373 736 1422 771 τῆς
1445 736 1599 771 δοξολογίας
1627 737 1712 770 ἐστὶν,
1737 739 1768 764 ὲκ
1795 738 1845 774 τῆς

1057 786 1161 812 ἐκείνου
1189 785 1365 820 παραδόσεως
1388 788 1421 821 τῇ
1452 784 1599 820 Ἐκκλησίᾳ
1627 785 1843 820 πεφυλαγμένος.

217 823 296 858 perit.
313 830 395 856 super
413 821 455 848 his
469 821 662 848 certitudinetn
682 823 806 857 accipere
831 822 907 850 llane
925 823 1003 850 ﬁdem

1057 830 1112 857 Καὶ
1128 830 1158 856 οὑ
1179 831 1262 862 πολὺς
1278 832 1292 856 ὁ
1308 831 1388 862 πόνος
1408 830 1504 865 μικρὸν
1519 830 1655 865 κινηθέντι
1667 830 1716 866 τὴν
1728 832 1773 856 ἐπὶ
1782 831 1845 857 τού-

216 871 243 894 et
268 865 427 893 Firmiliauo
453 870 549 893 nostro
574 865 674 898 fuisse,
693 870 829 893 testantur
857 867 917 894 libri
936 875 1006 902 quos

218 912 337 946 reliquit.
362 911 475 946 Insuper
496 915 523 937 et
547 910 683 938 Meletium
710 912 785 938 illum
813 912 1005 940 admirandum

218 956 245 983 in
263 956 357 983 eadem
380 955 466 983 fuisse
488 955 640 986 sententia,
664 961 777 983 narrant
796 957 843 991 qui
868 964 931 984 cum
959 958 1007 985 illo

217 1003 354 1029 vixerunt.
370 1000 424 1029 Sed
438 1001 503 1036 quid
517 1008 585 1035 opus
600 1005 642 1028 est
663 1005 754 1028 vetera
771 1004 1008 1030 commemorare?

218 1048 265 1076 sed
281 1052 307 1075 et
323 1055 397 1075 nunc
412 1048 440 1074 in
453 1047 576 1079 Oriente,
590 1054 680 1074 nonne
697 1047 749 1074 hoc
764 1055 819 1075 uno
832 1049 1005 1082 potissimum

217 1101 265 1121 eos
287 1093 334 1128 qui
358 1094 403 1128 pie
428 1093 550 1120 sentiunt
573 1096 745 1127 agnoscunt,
764 1093 816 1120 hac
838 1101 906 1121 voce
922 1095 1006 1122 veluti

218 1139 335 1174 quodam
365 1139 443 1174 signo
471 1147 537 1166 suos
564 1139 598 1166 ab
624 1139 722 1167 alienis
747 1139 954 1174 dijudicantes?
974 1140 1008 1168 Ut

219 1188 310 1211 autem
322 1191 374 1219 ego
396 1191 411 1210 e
435 1183 552 1218 quodam
567 1183 763 1219 Mesopotamio
777 1184 881 1217 audivi,
897 1186 956 1212 viro
981 1190 1008 1213 et

219 1229 319 1261 linguae
333 1229 430 1263 perito,
446 1232 473 1255 et
487 1230 622 1256 sententia
639 1230 812 1265 incorrupto,
827 1237 860 1257 ne
878 1231 935 1257 ﬁeri
950 1232 1009 1266 qui-

219 1273 280 1300 dem
300 1277 390 1308 potest
414 1278 442 1301 ut
463 1274 656 1310 aliter-lingua
678 1276 824 1302 vernacula
850 1276 1007 1310 loquantur,

219 1319 325 1345 etiamsi
346 1319 429 1346 velint
445 1328 452 1346 :
468 1319 515 1346 sed
530 1326 644 1347 necesse
663 1320 717 1347 illis
736 1325 777 1347 est
802 1325 831 1346 ut
855 1329 901 1355 per
928 1321 1009 1356 sylla-

219 1363 281 1390 bam
308 1369 348 1395 et,
385 1364 427 1390 vel
454 1364 544 1398 potius
566 1372 614 1398 per
631 1372 710 1393 voces
731 1374 791 1400 qua:
812 1366 882 1393 idem
906 1367 1009 1401 pollent

220 1408 292 1442 quod
309 1408 365 1437 illa.
378 1408 455 1442 juxta
474 1409 667 1442 proprietatem
687 1410 785 1444 linguae
799 1411 919 1445 regionis
934 1411 1009 1440 illius

220 1452 444 1487 gloriﬁcationem
467 1453 616 1487 proferant.
639 1453 710 1486 Quin
732 1461 757 1481 cl
776 1456 954 1490 Cappadoces
968 1458 1009 1485 sic

219 1497 297 1531 juxta
314 1498 433 1532 regionis
449 1505 551 1524 morem
567 1498 716 1533 loquimur,
737 1500 793 1534 jam
819 1506 876 1528 tum
902 1503 930 1529 in
956 1502 1008 1530 lin-

220 1550 335 1577 suarum
349 1543 493 1574 divisione.
512 1544 663 1571 dictionum
681 1546 828 1574 utilitatem
849 1548 1009 1582 providente

222 1586 336 1622 Spiritu.
353 1587 423 1620 Quid
440 1595 521 1622 porro
542 1588 676 1617 Occidens
701 1594 774 1618 totus
785 1611 792 1622 ,
807 1593 1006 1627 propemodum

222 1633 257 1660 ab
270 1632 377 1668 Illyrico
395 1641 480 1668 usque
494 1634 527 1660 ad
541 1633 607 1661 lines
621 1636 707 1663 nostri
723 1637 820 1663 orbis?
834 1645 925 1665 nonne
937 1639 1007 1667 hanc

222 1685 315 1706 vocem
330 1679 441 1705 tuetur?

315 1723 366 1756 Qui
383 1724 411 1750 lit
422 1724 516 1759 igitur,
534 1729 563 1751 ut
576 1732 627 1759 ego
639 1725 690 1752 sim
705 1724 862 1761 innovator,
874 1731 900 1755 et
912 1735 1009 1756 recen-

223 1768 323 1795 tiorum
341 1769 484 1796 verborum
503 1771 690 1799 architectus?
705 1779 767 1799 cum
782 1776 856 1800 totas
872 1774 1007 1806 nationes,

223 1814 358 1846 civitates,
375 1819 401 1841 et
418 1816 644 1843 consuetudinem
659 1817 734 1844 omni
751 1818 891 1846 hominum
906 1827 1009 1847 memo-

223 1859 264 1885 ria
274 1860 460 1892 vetustiorent,
473 1861 584 1896 insuper
594 1865 621 1889 et
629 1862 703 1889 viros
715 1862 844 1891 Ecclesia
853 1864 1007 1897 columnas,

226 1904 300 1930 omni
323 1904 438 1932 scientia
453 1912 484 1932 ac
499 1906 600 1933 virtute
621 1905 742 1940 Spiritus
756 1907 862 1940 claros,
879 1909 962 1936 duces
978 1916 1009 1936 ac

224 1953 354 1982 patronos
371 1950 453 1985 hujus
473 1953 549 1978 vocis
569 1952 712 1979 exhibeam
724 1953 735 1972 ν

247 2027 380 2061 Ejusdem,
396 2035 429 2054 ex
445 2027 564 2062 Epulola
578 2028 614 2054 ad
629 2026 799 2054 Eustathium
813 2027 977 2054 Armenium.

250 2117 393 2145 Exsecrari
405 2122 512 2151 oportet
523 2125 570 2144 eos
584 2118 628 2151 qui
640 2117 773 2152 Spiritum
787 2123 913 2146 sanctum
927 2126 1006 2146 crea-

213 2169 269 2191 tum
284 2171 345 2191 esse
372 2163 476 2194 dicunt.
504 2164 605 2198 quique
620 2164 690 2191 sicut
715 2169 812 2191 natura
837 2170 948 2193 sanctus
962 2172 1005 2193 est

1057 884 1113 907 τοις
1130 875 1316 911 πληροφορίαν
1328 876 1430 902 λαϐεῖν.
1447 876 1554 911 Ταύτην
1568 876 1614 902 καὶ
1626 876 1793 912 Φιρμιλιανῷ
1807 877 1847 912 τῷ

1056 921 1183 957 ἡμετέρῳ
1197 921 1365 957 μαρτυροῦσι
1375 922 1425 955 τὴν
1441 921 1531 948 πίστιν
1545 923 1569 948 οί
1585 922 1658 956 λόγοι
1670 921 1716 954 οὓς
1732 923 1846 949 κατιλὲο

1057 968 1144 994 λοιπε.
1225 969 1280 995 Καὶ
1301 968 1432 995 Μελέτιον
1527 968 1572 994 τὸν
1591 977 1659 995 πανυ
1679 969 1724 994 ἐπὶ
1745 969 1847 1004 ταύτης

1057 1012 1127 1040 εἶναι
1146 1014 1195 1050 τῆς
1210 1014 1323 1050 γνώμης
1344 1015 1368 1041 οἱ
1387 1014 1581 1048 συγγεγονότες
1597 1014 1670 1048 φασί.
1694 1014 1748 1041 Καὶ
1763 1014 1790 1040 τί
1807 1014 1848 1041 δεῖ

1057 1059 1091 1086 τὰ
1113 1058 1216 1086 παλαιὰ
1236 1059 1342 1093 λέγειν;
1365 1058 1433 1086 ἀλλὰ
1450 1058 1498 1085 νῦν
1514 1059 1560 1085 ἐπὶ
1578 1059 1628 1094 τῆς
1642 1059 1714 1094 ἐῲας
1798 1059 1849 1094 οὐχ

1058 1104 1098 1131 ἑνὶ
1123 1104 1240 1139 μάλιστα
1262 1104 1350 1139 τούτῳ
1371 1104 1435 1135 τοὺς
1456 1103 1636 1136 εὐσεϐοῦντας
1657 1103 1847 1139 γνωρίζουσιν,

1057 1146 1112 1176 οἶόν
1136 1157 1188 1175 τινι
1212 1148 1318 1183 σημείῳ
1341 1149 1374 1184 τῇ
1399 1150 1474 1184 φωνῇ
1499 1148 1586 1184 ταύτῃ
1610 1149 1848 1183 φιλοκρινοῦντεςς

1064 1195 1108 1226 Ὦς
1123 1195 1151 1222 δὲ
1165 1194 1220 1229 ἐγώ
1233 1203 1306 1226 τινος
1390 1194 1444 1220 τῶν
1461 1195 1492 1220 ὲκ
1504 1194 1718 1228 Μεσοποταμίας
1731 1194 1848 1229 ἥκουσα.

1058 1241 1152 1275 ἀνδρὸς
1163 1240 1271 1275 καὶτῆς
1284 1239 1410 1274 γλώσσης
1426 1239 1565 1274 ἐμπείρως
1580 1239 1696 1274 ἔχοντος,
1711 1240 1757 1266 καὶ
1771 1240 1848 1266 ἀδια-

1060 1285 1176 1320 στρόφου
1193 1284 1242 1320 τὴν
1255 1284 1381 1319 γνώμην,
1396 1284 1456 1310 οὐδὲ
1472 1284 1584 1310 δυνατὸν
1600 1285 1701 1321 ἑτέρως
1717 1287 1803 1312 εἰπεῖν
1814 1289 1848 1322 τῇ

1059 1328 1184 1364 ἐγχωρίῳ
1206 1329 1292 1363 φωνῇ,
1313 1328 1365 1355 κᾶν
1389 1328 1528 1361 ἐθέλωσιν,
1553 1329 1620 1356 ἀλλὰ
1642 1329 1686 1356 διὰ
1712 1330 1772 1365 τῆς,
1787 1331 1847 1362 καί.

1061 1372 1206 1406 συλλαϐῆς,
1221 1373 1321 1407 μᾶλλον
1332 1373 1361 1399 δὲ
1369 1372 1423 1399 τῶν
1434 1373 1651 1408 ίσοδυναμουσῶν
1661 1375 1729 1409 αὐτῇ
1739 1376 1847 1409 φωνῶν,

1059 1417 1130 1444 κατά
1146 1426 1172 1443 τι
1197 1417 1295 1452 ἰδίωμα
1310 1418 1434 1452 πάτριον,
1452 1418 1574 1453 ἀνάγκην
1598 1419 1689 1451 αὐτοῖς
1709 1418 1777 1446 εἶναι
1798 1420 1849 1456 τὴν

1059 1462 1213 1497 δοξολογίαν
1229 1462 1387 1498 προφέρειν.
1404 1463 1459 1489 Καὶ
1476 1462 1657 1491 Καππαδόκαι
1671 1464 1699 1490 δὲ
1717 1465 1788 1491 οὕτω
1802 1465 1848 1492 λέ-

1059 1516 1144 1542 γομεν
1167 1508 1317 1542 ὲγχωρίως,
1336 1508 1376 1535 ἐτι
1391 1508 1451 1534 τότε
1468 1509 1497 1534 ὲν
1512 1510 1544 1544 τῇ
1559 1509 1613 1536 τῶν
1633 1510 1763 1543 γλωσσῶν
1780 1511 1850 1538 διαι-

1061 1552 1134 1587 ρέσει
1150 1552 1180 1578 τὸ
1194 1552 1227 1578 ὲκ
1242 1552 1290 1587 τῆς
1307 1551 1404 1584 λέξεως
1417 1554 1552 1588 χρήσιμον
1565 1553 1787 1589 προϐλεψαμένου
1799 1555 1848 1583 τοῦ

1059 1597 1227 1632 Πνεύματος.
1246 1596 1279 1624 Τί
1294 1597 1324 1623 δὲ
1339 1598 1355 1632 ἡ
1375 1596 1451 1628 δύσις
1467 1598 1570 1629 ἅπασα,
1595 1599 1693 1634 μικροῦ
1714 1600 1779 1631 δεῖν,
1794 1601 1850 1628 ἀπὸ

1058 1642 1105 1669 τοῦ
1124 1642 1272 1677 Ἰλλυρικοῦ
1288 1642 1370 1678 μέχρι
1385 1641 1440 1668 τῶν
1455 1643 1526 1678 ὅρων
1539 1643 1588 1679 τῆς
1600 1644 1661 1671 καθ’
1674 1646 1745 1680 ἡμᾶς
1758 1647 1848 1673 οἰκουο

1060 1688 1160 1724 μένης;
1175 1689 1236 1724 οὐχ).
1251 1689 1300 1725 τὴν
1317 1690 1409 1726 φωνὴν
1425 1691 1527 1727 ταύτην
1543 1693 1705 1727 πρεσϐεύει;

1160 1735 1221 1767 Πῶς
1239 1733 1287 1762 οὖν
1310 1737 1470 1772 καινοτόμος
1493 1737 1558 1772 ἐγὼ,
1578 1738 1625 1765 καὶ
1643 1740 1784 1774 νεωτέρων
1800 1741 1845 1775 ρη-

1060 1780 1152 1815 μάτων
1170 1780 1347 1816 δημιουργὸς,
1369 1782 1434 1817 ἔθνη
1454 1783 1502 1809 ὃλα
1525 1784 1573 1810 καὶ
1596 1784 1696 1818 πόλεις,
1721 1785 1768 1812 καὶ
1787 1785 1849 1818 ἔθος

1059 1826 1150 1861 πάσης
1166 1827 1276 1862 μνήμης
1291 1827 1466 1863 ἀνθρωπίνης
1481 1830 1676 1865 πρεσϐύτερον,
1690 1831 1737 1858 καὶ
1748 1831 1848 1864 ἄνδρας

1060 1873 1171 1905 στύλους
1186 1874 1235 1909 τῆς
1255 1874 1430 1909 Ἐκκλησίας,
1446 1875 1475 1901 ὲν
1490 1876 1564 1911 πάσῃ
1586 1876 1684 1910 γνώσει
1706 1878 1752 1904 καὶ
1769 1878 1850 1905 δυνέ-

1060 1926 1105 1953 μει
1121 1918 1278 1953 Πνεύματος
1290 1919 1461 1956 διαπρεπεῖς,
1481 1922 1618 1958 ἀρχηγοὺς
1628 1924 1676 1949 καὶ
1693 1925 1850 1959 ﬁgurata;

1058 1964 1106 1998 τῆς
1120 1964 1212 1998 φωνῆς
1228 1965 1415 2000 παρεχόμενος
1428 1974 1435 1999 ;

1065 2030 1119 2057 Τοῦ
1134 2030 1227 2058 αὑτοῦ
1240 2030 1274 2058 ἐκ
1287 2030 1341 2065 τῆς
1356 2032 1431 2068 πρὸς
1446 2032 1617 2068 Εὺοῖτὰθιον
1631 2035 1684 2060 τὸν
1700 2034 1854 2068 Ἀρμένιον

1369 2067 1545 2102 ἐπιστολῆς.

1101 2110 1364 2147 ’Λναθεματίζεσθαι
1378 2113 1430 2148 χρὴ
1444 2113 1506 2145 τούς
1517 2122 1547 2140 τε
1560 2114 1690 2148 λέγοντας
1705 2115 1809 2149 κτίσμα
1823 2115 1854 2142 τὸ

1060 2158 1171 2193 Πνεῦμα
1190 2158 1221 2184 τὸ
1242 2158 1331 2193 ἆγιον,
1351 2160 1398 2186 καὶ
1417 2159 1481 2190 τοὺς
1505 2159 1541 2193 μὴ
1562 2158 1763 2194 ὁμολογοῦντας
1785 2160 1853 2186 αὐτὸ

211 2208 302 2241 Pater,
318 2214 345 2235 et
365 2213 462 2235 natura
478 2214 589 2236 sanctus
604 2213 645 2236 est
672 2208 767 2242 Filius,
783 2218 839 2238 non
871 2211 935 2238 item
960 2211 1003 2246 ip-

1058 2206 1136 2239 φύσει
1151 2206 1229 2239 ἆγιον
1244 2203 1324 2238 εἶναι,
1338 2206 1376 2237 ὡς
1391 2206 1449 2232 ἐστι
1463 2206 1544 2239 φύσει
1560 2206 1636 2239 ἅγιος
1651 2207 1664 2232 ὁ
1681 2205 1785 2240 Πατὴρ,
1802 2206 1850 2231 καὶ

211 2263 270 2282 sum
289 2259 387 2281 natura
404 2259 526 2281 sanctum
543 2261 604 2282 esse
618 2256 795 2288 conﬁtentur,
816 2257 864 2283 sed
882 2264 897 2283 a
914 2257 1003 2284 divina

210 2302 343 2336 beataque
369 2307 464 2328 natura
489 2300 607 2328 alienum
636 2307 772 2330 asserunt.
803 2301 887 2330 Recte
912 2309 1003 2330 autem

209 2348 355 2375 sentientis
375 2348 503 2375 indicium
522 2352 574 2381 est,
593 2348 616 2375 si
633 2347 721 2382 ipsum
742 2355 757 2374 a
775 2348 856 2376 Patre
880 2348 1004 2384 Filioque

211 2402 264 2421 non
282 2402 405 2428 separes.
422 2394 537 2430 Oportet
550 2395 622 2422 enim
636 2403 686 2422 nos
701 2395 738 2422 ita
758 2395 903 2430 baptizari,
931 2397 1004 2424 sicut

213 2439 327 2466 instituti
344 2447 449 2472 sumus,
466 2440 506 2467 sic
523 2445 612 2467 autem
628 2440 751 2473 credere,
771 2445 800 2467 ut
815 2441 1001 2475 baptizamur;

210 2490 292 2519 atque
323 2486 360 2512 ita
391 2486 555 2521 gloriﬁcare,
580 2487 649 2514 sicut
674 2487 812 2514 credimus
841 2486 949 2514 Patrem
976 2492 1004 2514 et

207 2531 305 2558 Filium
340 2537 367 2559 et
397 2532 525 2566 Spiritum
552 2538 686 2560 sanctum.
712 2533 753 2560 Ab
781 2533 833 2560 illis
863 2540 927 2560 vero
956 2534 1002 2568 qui

207 2578 337 2613 Spiritum
357 2583 478 2605 creatum
494 2584 630 2610 asserunt.
648 2583 678 2606 ut
693 2579 727 2606 ab
742 2579 896 2607 hominibus
910 2585 1005 2612 aperte

208 2624 433 2651 maledicetuibus
450 2624 610 2655 abhorrere.
628 2624 674 2651 illo
705 2625 844 2652 confesso.
870 2619 1003 2652 Necessa-

207 2669 246 2696 ria
260 2671 333 2697 enim
358 2675 400 2697 est
428 2670 530 2698 natatio
548 2675 660 2705 propter
675 2670 888 2699 calumniatores
903 2691 911 2703 ,
929 2671 1002 2706 quod

207 2722 256 2742 nec
273 2716 423 2749 ingenitum
451 2716 566 2744 dicimus
586 2716 718 2750 Spiritum
742 2723 879 2745 sanctum:
912 2717 1001 2745 Unum

206 2762 280 2788 enim
294 2762 445 2795 ingenitum
463 2763 588 2790 novimus
611 2768 639 2790 ct
669 2770 752 2790 unum
782 2771 872 2790 rerum
903 2765 1003 2798 princi-

207 2807 280 2840 pium
296 2807 408 2836 Patrem
432 2808 540 2836 Domini
569 2809 654 2837 nostri
675 2809 738 2837 Jesu
766 2809 878 2838 Christi.
907 2810 1002 2846 Neque

206 2852 339 2885 sortitum.
357 2852 445 2882 Unum
463 2854 534 2882 enim
551 2855 576 2882 in
594 2855 656 2884 lidei
672 2856 842 2884 institutione
867 2856 999 2893 Unigeni-

1056 2253 1137 2288 φύσει
1151 2254 1227 2288 ἅγιος
1240 2254 1254 2280 6
1268 2254 1341 2286 Υιδς,
1356 2254 1413 2280 ἀλλ’
1425 2253 1623 2286 ἀποξενοῦντις
1635 2254 1702 2280 αὐτὸ
1713 2255 1759 2285 τῆς
1773 2253 1848 2284 θείας

1055 2301 1102 2326 καὶ
1118 2300 1259 2335 μακαρίας
1274 2300 1393 2334 φύσεως,
1409 2299 1574 2333 ⁹Αιιοδείξεις
1587 2299 1614 2325 δὲ
1628 2298 1674 2326 τοῦ
1688 2298 1768 2334 ὀρθοῦ
1783 2307 1849 2332 φρο-

1055 2347 1178 2381 νήματος
1193 2346 1223 2372 τὸ
1242 2346 1279 2380 μὴ
1297 2347 1425 2380 χωρίζειν
1441 2346 1506 2373 αὐτὸ
1524 2346 1629 2381 Πατρὸς
1646 2347 1694 2372 καὶ
1712 2345 1789 2372 rio-5.
1805 2346 1851 2371 Δεῖ

1055 2392 1109 2429 γὰρ
1132 2393 1206 2428 ἡμᾶς
1231 2392 1412 2427 βαπτίζεσθαι
1435 2392 1495 2427 μὲν,
1517 2392 1555 2424 ὡς
1579 2391 1782 2426 παρελάϐομεν,
1803 2400 1848 2416 π.-

1055 2439 1160 2466 στεύειν
1173 2439 1200 2465 δὲ
1210 2459 1218 2472 ,
1235 2438 1273 2470 ὡς
1289 2438 1497 2474 βαπτιζόμεθα,
1513 2438 1637 2470 δοξάζειν
1652 2438 1679 2465 δὲ
1689 2456 1698 2470 ,
1714 2438 1753 2469 ὡς
1768 2445 1845 2464 πεπι-

1055 2485 1213 2519 στεύκαμεν
1237 2485 1358 2519 Πατέρα,
1382 2486 1429 2511 καὶ
1454 2484 1526 2517 Υίὸν,
1551 2485 1597 2511 καὶ
1620 2483 1699 2518 ἅγιον
1724 2482 1848 2517 Πνεῦμα,

1054 2531 1222 2566 ἀφίστασθαι
1236 2532 1265 2558 δὲ
1279 2533 1329 2567 τῆς
1344 2532 1489 2563 κοινωνίας
1504 2531 1559 2557 τῶν
1574 2531 1678 2566 κτίσμα
1693 2530 1829 2563 λεγόντων
1840 2549 1849 2560 .

1053 2577 1090 2610 ὡς
1108 2578 1234 2614 φανερῶς
1252 2577 1500 2612 βλασφημούντων,
1516 2578 1623 2604 ἐκείνου
1638 2577 1851 2612 διωμολογημέ-

1053 2632 1111 2651 νου.
1130 2625 1281 2658 ’Δναγκαία
1299 2624 1353 2659 γὰρ
1371 2625 1387 2658 ὴ
1405 2624 1607 2658 ἐπισημείωσις
1623 2623 1667 2650 διὰ
1683 2624 1746 2654 τοὺς
1765 2630 1850 2649 συκο-

1054 2673 1158 2704 φάντας
1170 2678 1177 2685 ·
1195 2670 1237 2697 ὅτι
1254 2670 1318 2697 οὔτε
1335 2670 1486 2704 ἀγέννητον
1503 2669 1620 2703 λέγομεν
1639 2669 1669 2695 τὸ
1688 2667 1802 2701 Πνεῦμα
1818 2668 1852 2694 τὸ

1054 2717 1133 2751 ἅγιον
1145 2725 1152 2732 ·
1168 2717 1216 2744 ἕνα
1231 2717 1285 2752 γὰρ
1299 2717 1411 2751 οἴδαμεν
1427 2716 1577 2750 ἀγέννητον
1592 2715 1641 2743 καὶ
1660 2715 1725 2751 μίαν
1739 2714 1795 2741 τῶν
1810 2714 1854 2740 δν-

1053 2773 1107 2791 των
1119 2763 1207 2799 ἀρχὴν
1220 2765 1267 2790 τὸν
1283 2763 1391 2798 Πατέρα
1404 2763 1451 2789 τοῦ
1467 2762 1568 2797 Κυρίου
1583 2762 1663 2797 ἡμῶν
1677 2761 1767 2797 Ἰησοῦ
1782 2762 1853 2795 Χρι-

1054 2809 1116 2836 στοῦ
1130 2818 1137 2824 ·
1154 2809 1217 2836 οὔτε
1235 2811 1374 2844 γεννητόν.
1390 2810 1460 2836 Ἕνα
1476 2810 1529 2845 γὰρ
1544 2810 1685 2844 Μονογινῆ
1701 2811 1731 2836 ἐν
1745 2810 1779 2845 τῇ
1797 2817 1852 2836 πα-

1055 2856 1161 2891 ραδόσει
1176 2856 1225 2891 τῆς
1243 2856 1360 2888 πίστεως
1376 2856 1569 2892 δεδιδάγμεθα,
1583 2858 1612 2883 τὶ
1627 2857 1656 2883 δὲ
1672 2856 1787 2891 Πνεῦμα
1800 2857 1851 2891 τῆς
