4082 6370
296 330 409 394 809

1276 329 1646 390 PANOPLIA
1689 332 2148 395 DOGMATICA.
2178 361 2248 372 -
2272 339 2415 401 ΤΙΤ.
2461 337 2599 402 XII.

3451 343 3554 405 810

303 446 564 518 ἀληθείας
598 449 662 501 bc
691 445 786 498 τοῦ
822 444 1035 517 ῐΙατρδς
1068 445 1467 517 ἐκπορεύεσθαι
1501 445 1871 515 διδαχθέντες⁴

1993 459 2098 521 tum
2120 452 2437 511 didicimus.
2462 456 2632 511 Porro
2657 471 2781 511 cum
2801 454 3061 525 Spiritum
3080 455 3329 511 veritatis
3344 472 3373 510 a
3394 456 3555 511 Patre

304 541 365 593 ἰκ
392 537 487 591 τοῦ
516 536 650 591 Θεοῦ
682 532 821 590 εἶναι
850 536 1226 606 ὁμολογοῦμεν
1253 536 1547 598 ἀκτίστως.
1582 537 1883 607 Ἀναθεμα-

299 632 470 697 δείξειν
516 631 574 684 δὲ
622 632 727 700 χρὴ
778 630 872 681 καὶ
916 630 1045 691 τοὺς
1091 628 1472 699 λειτουργικδν
1517 628 1779 697 λέγοντας
1823 631 1883 682 τὸ

303 722 528 790 Πνεῦμα
552 721 614 774 τὸ
646 721 803 787 ἅγιον
822 759 837 783 ,
865 718 941 782 ὡς
972 720 1063 772 διὰ
1092 720 1193 789 τῆς
1222 720 1410 789 φωνῆς
1441 720 1646 789 ταύτης
1674 722 1752 783 είς
1781 722 1882 791 τὴν

302 816 393 868 τοῦ
421 815 721 883 κτίσματος
747 812 1166 879 καταγαγόντας
1188 811 1363 877 τάξιν.
1393 811 1474 863 Τὰ
1501 813 1610 883 γάρ
1637 811 1883 883 λειτουρ-

302 905 433 976 γικὰ
467 903 756 973 πνεύματα
792 906 1066 974 κτίσματα
1105 906 1236 976 ἡμῖν
1269 908 1303 974 ἡ
1336 906 1531 977 Γραφὴ
1565 908 1884 979 παρέδωκεν

302 997 570 1062 είποῦσα,
604 997 685 1050 ὅτι
720 996 920 1059 πάντες
955 998 1064 1050 εἰσὶ
1097 998 1450 1069 λειτουργικὰ
1484 1000 1770 1069 πνεύματα
1805 1002 1886 1064 είς

302 1089 583 1145 διακονίαν
612 1089 1080 1158 ἀποστελλόμενα.
1109 1091 1208 1144 Διὰ
1235 1091 1292 1144 δὲ
1320 1092 1447 1154 τοὺς
1478 1094 1656 1147 πάντα
1685 1092 1886 1163 φύρον-

303 1199 423 1246 τας,
465 1183 559 1235 καὶ
604 1182 682 1269 μὴ
724 1180 1101 1249 φυλάσσοντας
1137 1182 1237 1255 τὴν
1273 1183 1332 1235 ἐν
1367 1185 1479 1248 τοῖς
1527 1184 1883 1253 Εὑαγγελίοις

303 1275 649 1328 διδασκαλίαν
679 1274 977 1342 ἀναγκαῖόν
1004 1276 1125 1329 ἐστι
1156 1276 1250 1328 καὶ
1280 1275 1440 1330 τοῦτο
1472 1276 1889 1345 προδιαστείλα-

304 1364 451 1428 σθαι,
490 1365 570 1417 ὅτι
612 1365 839 1432 φεύγειν
874 1365 956 1418 δεῖ
996 1366 1093 1419 καὶ
1129 1367 1253 1429 τοὺς
1292 1367 1394 1436 τὴν
1431 1368 1777 1433 ἀκολουθίαν,
1817 1367 1885 1438 ἢν

303 1457 620 1529 παρέδωκεν
648 1458 782 1526 ἡμῖν
810 1459 839 1510 ὁ
869 1458 1073 1526 Κύριος
1096 1498 1111 1519 ,
1143 1458 1536 1528 ὲναμείὸοντας
1559 1499 1574 1523 ,
1608 1459 1683 1522 ὡς
1718 1476 1886 1527 φανε-

302 1547 414 1618 ρῶς
445 1546 790 1616 μαχομένους
816 1550 879 1617 τῇ
915 1548 1191 1619 εὐσεϐείᾳ,
1224 1551 1320 1601 καὶ
1350 1550 1478 1602 Υίδν
1513 1551 1611 1618 μὲν
1644 1549 1885 1621 προτάσ-

306 1652 500 1698 σοντας
543 1636 636 1688 τοῦ
684 1638 920 1706 Πατρδς,
965 1636 1097 1689 Υίοῦ
1147 1636 1204 1689 δὲ
1250 1638 1311 1689 τὸ
1359 1635 1587 1707 Πνεῦμα
1626 1636 1687 1689 τὸ
1733 1635 1887 1703 ἅγιον

1987 545 2281 611 procedere
2308 545 2688 609 didicerimus,
2727 563 2797 600 ex
2822 547 2935 601 Deo
2957 547 3177 616 quidem
3240 562 3385 612 esse,
3441 562 3547 601 non

1984 641 2163 685 tamen
2177 635 2467 689 creationis
2488 635 2696 689 ratione
2707 636 3053 689 conﬁtemur.
3080 636 3363 691 Exsecrari
3382 637 3552 691 etiam

1984 733 2197 792 oportet
2216 739 2311 780 eos
2349 726 2443 792 qui
2477 724 2742 794 Spiritum
2774 738 3029 781 sanctum
3060 727 3254 782 dicunt
3287 743 3412 783 esse
3443 729 3553 782 mi-

1987 817 2383 881 nistratorium,
2418 829 2475 872 ut
2505 833 2627 873 eum
2653 819 2755 873 hoc
2777 821 2944 875 verbo
2977 819 3032 874 in
3076 836 3255 874 rerum
3287 835 3548 889 procrea-

1984 916 2162 962 tarum
2212 908 2462 964 ordinem
2499 911 2769 981 redigant.
2800 912 3219 967 Ministratorios
3260 913 3406 967 enim
3438 914 3555 981 spi-

1986 1002 2125 1054 ritus
2172 1012 2389 1055 creatos
2452 1016 2576 1057 esse
2628 1001 2912 1073 Scriptura
2954 1019 3055 1058 nos
3112 1005 3372 1070 docuit‘,
3431 1019 3555 1059 om-

1986 1107 2102 1155 nes,
2141 1094 2417 1162 inquiens,
2439 1109 2564 1150 esse
2594 1096 3025 1151 ministratorios
3056 1097 3281 1165 spiritus
3306 1098 3359 1150 in
3383 1099 3553 1152 mini-

1984 1185 2211 1238 sterium
2244 1185 2460 1240 missos.
2486 1187 2565 1241 Ac
2586 1196 2806 1255 propter
2827 1202 2925 1243 eos
2958 1188 3051 1257 qui
3086 1189 3548 1254 omniamiseent,

1985 1290 2087 1330 nec
2145 1277 2420 1345 Evangelii
2453 1279 2768 1333 doctrinam
2807 1278 3125 1344 observant,
3175 1281 3553 1334 necessarium

1984 1378 2071 1423 est
2118 1378 2174 1423 et
2201 1369 2333 1423 illud
2360 1370 2655 1439 explicare.
2718 1371 3029 1441 Fugiendos
3080 1371 3342 1424 nimirum
3382 1372 3548 1426 etiam

1986 1460 2106 1515 illos
2144 1461 2237 1530 qui
2260 1460 2458 1516 seriem
2490 1476 2653 1531 quam
2678 1461 2944 1517 Dominus
2970 1461 3215 1527 tradidit,
3241 1463 3556 1527 immotam,

1985 1570 2111 1610 cum
2180 1554 2470 1624 perspicue
2527 1555 2822 1611 veritatem
2876 1564 3214 1624 oppugnent,
3247 1566 3300 1609 et
3357 1556 3554 1609 Filium

1985 1648 2207 1717 quidem
2246 1656 2372 1701 ante
2398 1646 2618 1702 Patrem
2649 1650 3009 1712 constituant,
3036 1648 3179 1703 Filio
3209 1664 3341 1703 vero
3383 1647 3558 1717 Spiri-

308 1728 684 1798 προτιθέντας.
725 1727 1009 1797 Ἀκίνητον
1057 1728 1201 1798 γὰρ,
1255 1729 1350 1781 καὶ
1403 1728 1884 1798 ἀπαρεγχείρητον

1993 1749 2104 1793 tum
2121 1748 2481 1810 anteponant.
2544 1738 2792 1794 Firmum
2825 1739 3046 1795 enimet
3076 1740 3401 1794 inviolatum
3462 1738 3561 1792 ob~

310 1821 608 1889 φυλάσσειν
642 1818 737 1888 τὴν
770 1820 1132 1883 ἀκολουθίαν,
1164 1820 1233 1890 ἣν
1270 1821 1325 1886 ἐξ
1362 1820 1532 1889 αὐτῆς
1563 1819 1665 1887 τῆς
1701 1817 1883 1887 φωνῆς

310 1913 403 1966 τοῦ
453 1913 658 1982 Κυρίου
710 1911 1115 1981 παρελάϐομεν,
1163 1912 1432 1974 είπόντος.
1487 1908 1884 1978 Πορευθέντες

303 2006 725 2074 μαθητεύσατε
743 2003 942 2057 πάντα
961 2004 1033 2058 τὰ
1052 2004 1223 2071 ἔθνη,
1241 2001 1636 2067 βαπτίζοντες
1659 2001 1886 2065 αὐτοὺς

304 2100 393 2163 εις
421 2097 489 2151 τὸ
517 2097 705 2164 ὄνομα
734 2095 842 2149 τοῦ
873 2096 1140 2164 Πατρός,
1174 2094 1271 2149 καὶ
1298 2094 1403 2148 τοῦ
1442 2092 1613 2156 Υίοῦ,
1646 2092 1746 2148 καί
1778 2093 1883 2147 τοῦ

305 2193 484 2260 ἁγίου
518 2191 884 2260 Πνεύματος.

310 2353 422 2406 Τοῦ
450 2352 635 2407 αὐτοῦ
663 2354 729 2406 ἐκ
759 2350 863 2405 τοῦ
892 2357 939 2417 γ’
962 2348 1110 2473 πῖἕς
1146 2348 1439 2415 Εὐνόμιον
1465 2344 1885 2413 ἀντιρῤητικοῦ

1073 2437 1197 2473 TOU.

1073 2437 1197 2488 γου.

374 2580 482 2632 Δύο
659 2575 968 2645 λεγομένων
998 2574 1358 2645 πραγμάτων,
1399 2571 1654 2641 θεότητός
1690 2588 1750 2626 τε
1791 2572 1888 2625 καὶ

302 2673 558 2734 κτίσεως,
577 2668 672 2722 καὶ
701 2668 1016 2728 δεσποτείας
1045 2667 1137 2719 καὶ
1159 2665 1423 2727 δουλείας,
1442 2664 1538 2717 καὶ
1562 2663 1887 2731 ἀγιαστικῆς

305 2761 609 2829 δυνάμεως,
659 2758 753 2810 καὶ
791 2757 889 2824 τῆς
915 2754 1298 2824 ἁγιαζομένης,
1343 2753 1443 2822 τῆς
1489 2771 1548 2807 τε
1587 2756 1652 2806 ἐκ
1676 2752 1889 2819 φύσεως

309 2853 540 2924 ἐχούσης
588 2851 686 2921 τὴν
725 2852 928 2920 ἀρετὴν
988 2848 1081 2902 καὶ
1124 2848 1222 2917 τῆς
1272 2851 1334 2901 ἐκ
1371 2849 1742 2917 προαιρέσεως
1794 2863 1891 2900 κα-

305 2942 623 3013 τορθούσης,
663 2942 721 2993 ὲν
752 2940 881 3012 ποίᾳ
920 2940 1098 3009 μερίδι
1152 2940 1212 2992 τὸ
1241 2940 1465 3008 Πνεῦμα
1501 2938 1767 3007 τάξομεν;
1801 2940 1889 2991 Ἐν

302 3037 414 3096 τοῖς
456 3033 873 3102 ἁγιαζομένοις;
904 3031 1021 3085 ἀλλ’
1060 3030 1193 3085 αὑτό
1242 3032 1390 3082 ἐστιν
1425 3032 1717 3099 ἁγιασμὸς.
1747 3033 1889 3085 Ἀλλ’

1988 1844 2211 1886 servare
2239 1832 2508 1886 debemus
2536 1830 2808 1894 ordinem,
2839 1846 3003 1900 quem
3043 1848 3108 1886 ex
3164 1832 3284 1900 ipso
3337 1831 3548 1885 Domini

1988 1938 2085 1978 ore
2134 1924 2477 1992 percepimus
2524 1922 2757 1978 dicentis
2818 1941 2832 1975 :
2878 1924 3076 1977 Euntes
3119 1924 3390 1992 baptizate
3449 1939 3560 1977 om-

1989 2027 2078 2065 nes
2133 2022 2310 2080 gentes
2368 2012 2427 2064 in
2459 2012 2666 2066 nomine
2706 2012 2890 2067 Patris
2944 2021 2993 2066 et
3049 2010 3179 2065 Fiiii
3205 2023 3255 2065 et
3315 2010 3551 2079 Spiritu:

1987 2103 2157 2155 sancti
2192 2103 2229 2157 ’.

2064 2345 2313 2416 Ejusdem
2342 2364 2406 2403 ex
2441 2350 2596 2403 tertia
2622 2349 2871 2405 adversus
2900 2350 3219 2405 [ﬂuitantium
3254 2350 3513 2404 aratione.

2062 2574 2197 2629 Cum
2230 2589 2316 2630 res
2346 2574 2463 2629 dua:
2482 2573 2758 2639 dicantur,
2780 2572 2955 2629 deitas
2998 2584 3050 2627 et
3077 2584 3351 2637 creatura,
3391 2574 3559 2625 tlozni-

1993 2669 2140 2723 nium
2156 2678 2211 2725 et
2226 2669 2479 2734 servitus,
2506 2670 2743 2739 potentia
2759 2667 3127 2734 sanctiﬁcaus,
3148 2676 3200 2721 ct
3218 2681 3335 2735 quac
3354 2669 3562 2720 sancti—

1996 2765 2205 2829 ticatur,
2232 2764 2468 2833 potentia
2482 2763 2771 2832 possidens
2790 2772 2979 2831 suapte
3000 2771 3191 2815 natura
3214 2761 3491 2821 virtutem,
3506 2769 3561 2813 ct

1995 2872 2115 2925 qua:
2145 2871 2265 2910 eam
2293 2870 2363 2909 ex
2394 2856 2623 2911 arbitrio
2657 2865 2971 2925 comparat;
3002 2870 3109 2924 qua
3132 2854 3186 2908 in
3214 2864 3361 2922 parte
3387 2852 3562 2922 Spiri-

1996 2945 2463 2999 tumlocabimus?
2494 2944 2638 2999 Inter
2658 2960 2754 3001 eos
2779 2945 2871 3015 qui
2906 2943 3353 3000 sanctiﬁcantur?
3368 2954 3421 2996 at
3444 2944 3560 3012 ipse

1993 3047 2078 3092 est
2126 3039 2507 3092 sanctiﬁcatio.
2563 3039 2644 3091 An
2698 3037 2839 3092 inter
2885 3052 2978 3093 cos
3019 3040 3110 3108 qui
3165 3036 3432 3104 prmi-laris
3491 3050 3555 3087 ac

304 3125 365 3178 ὲν
403 3126 516 3186 τοῖς
539 3123 598 3189 ἑξ
628 3121 1133 3192 ἀνδραγαθημάτων
1179 3122 1280 3191 τὴν
1335 3121 1536 3191 ἀρετὴν
1569 3122 1887 3190 κτομένοιςς

1994 3130 2226 3200 egregiis
2261 3129 2600 3184 facinoribus
2629 3130 2882 3183 virtutem
2925 3128 3101 3196 adepti
3164 3127 3330 3179 sunt?
3370 3136 3424 3180 at
3461 3126 3557 3179 bo-

309 3218 453 3273 ἀλλὰ
496 3216 654 3285 φύσει
708 3216 855 3268 ἐστὶν
912 3212 1136 3281 ἀγαθόν.
1186 3213 1330 3266 Ἀλλ’
1378 3215 1437 3265 ὲν
1486 3217 1597 3277 τοῖς
1647 3214 1888 3284 λειτουρ-

307 3314 526 3382 γικοίςς
600 3310 718 3363 ἀλλ’
775 3308 937 3379 ἕτερά
1000 3308 1109 3359 εἱσι
1181 3305 1532 3373 λειτουργικὰ
1603 3306 1889 3375 πνεύματα

309 3405 465 3471 πρὸς
492 3400 769 3454 διακονίαν
825 3399 1282 3468 ἀποστελλόμενα.
1337 3399 1414 3451 Οὐ
1450 3398 1629 3450 τοίνυν
1668 3397 1891 3466 ὁμόδουι

309 3495 401 3546 λον
457 3494 591 3562 ἡμῖν
652 3490 833 3559 λέγειν
897 3491 1031 3545 αὐτὸ
1101 3491 1366 3560 Θεμιτὸν,
1438 3488 1499 3542 τὸ
1566 3488 1891 3559 ἡγεμονικὸν

317 3589 384 3655 τῇ
429 3589 585 3653 φύσει
615 3622 633 3648 ,
692 3582 817 3637 οὔτε
872 3587 938 3653 τῇ
999 3583 1174 3637 κτίσει
1228 3580 1626 3650 συναριθμεῖν,
1700 3581 1761 3633 τὸ
1824 3583 1890 3650 τῇ

318 3675 439 3745 Θείᾳ
487 3676 577 3728 καὶ
624 3674 872 3744 μακαρίᾳ
925 3672 1121 3743 Τριάδι
1178 3671 1703 3740 συναριθμούμενον.
1775 3673 1895 3741 ’Λρ-

318 3759 411 3829 χαὶ
441 3758 538 3826 μὲν
567 3756 696 3828 γὰρ,
725 3757 819 3809 καὶ
858 3756 1119 3823 ὸξουσίαι,
1154 3755 1251 3809 καὶ
1285 3756 1432 3808 πᾶσα
1468 3756 1500 3824 ἡ
1536 3755 1757 3825 τοιαύτη
1794 3753 1911 3807 κτίσ-

319 3865 423 3911 σις,
455 3849 519 3899 ἐκ
551 3849 826 3920 προσοχῆς
858 3849 950 3901 καὶ
981 3846 1297 3917 ἐπιμελείας
1322 3846 1413 3898 τὸν
1446 3845 1720 3915 ἁγιασμὸν
1758 3845 1910 3913 ἐχου-

318 3957 431 4000 σσιι,
459 3941 560 3992 οὐκ
584 3940 651 3993 ἂν
681 3938 907 4002 εἰκότως
933 3938 1092 4007 φύσει
1123 3937 1276 4005 ἆγιαι
1300 3933 1436 3989 εἶναι
1465 3934 1725 4004 λέγοιντο.
1783 3935 1910 3987 Ἐπ-

317 4031 643 4101 ορεγόμεναι
681 4031 789 4100 γὰρ
822 4028 917 4082 τοῦ
950 4028 1139 4091 καλοῦ,
1181 4028 1321 4083 κατὰ
1360 4028 1457 4099 τὴν
1494 4026 1782 4094 ἀναλογίαν
1810 4025 1911 4095 τῆς

318 4125 458 4194 πρὸς
490 4126 581 4177 τὸν
607 4124 738 4177 Θεὸν
773 4123 1015 4192 ἀγάπης,
1052 4122 1146 4175 καὶ
1181 4120 1275 4174 τοῦ
1304 4120 1503 4191 μέτρου
1534 4119 1630 4188 τῆς
1666 4115 1909 4185 ἁγιωσύ-

316 4229 417 4280 νης
452 4212 951 4282 μεταλαμόάνουσι.
985 4210 1095 4263 Καὶ
1126 4210 1317 4280 ὥσπερ
1338 4210 1369 4262 ὁ
1403 4208 1644 4279 σίδηρος,
1675 4208 1734 4261 ἐν
1759 4206 1911 4277 μέσῳ

314 4304 397 4372 τῷ
432 4304 569 4374 πυρὶ
604 4304 875 4373 κείμενος,
910 4301 970 4356 τὸ
1020 4302 1118 4372 μὲν
1152 4300 1366 4372 σίδηρος
1398 4296 1536 4353 εἶναι
1573 4302 1675 4353 οὐκ
1706 4297 1909 4354 ἀποδέ-

317 4396 514 4465 ϐληκε,
543 4397 609 4465 τῇ
647 4394 705 4447 δὲ
738 4393 1074 4464 σφοδροτάτῃ
1102 4392 1237 4462 πρὸς
1263 4392 1322 4444 τὸ
1352 4387 1462 4463 πῦρ
1482 4392 1675 4462 ὁμιλίᾳ
1701 4394 1910 4463 ἐκπυρ-

1985 3231 2083 3269 uus
2129 3224 2321 3269 natura
2368 3224 2473 3269 est.
2514 3213 2594 3266 An
2654 3214 2797 3266 inter
2822 3226 2919 3267 eos
2968 3212 3058 3281 qui
3120 3207 3476 3265 ministrant?
3511 3218 3563 3261 at

1984 3305 2074 3359 alii
2113 3316 2242 3360 sunt
2271 3305 2496 3374 spiritus
2527 3303 2932 3367 ministratorii,
2968 3304 3059 3371 qui
3102 3303 3169 3355 ad
3204 3300 3563 3354 ministerium

1985 3397 2274 3450 mittuntur
2317 3396 2360 3449 ⁸.
2401 3394 2517 3447 Non
2568 3408 2700 3462 ergo
2738 3394 3093 3462 principalem
3146 3402 3336 3445 natura
3388 3390 3565 3457 Spiri-

1988 3494 2124 3547 tum,
2156 3484 2235 3537 fas
2275 3493 2360 3537 est
2402 3484 2563 3537 nobis
2613 3498 2937 3539 conservum
2994 3484 3201 3545 dicere,
3250 3497 3426 3549 neque.
3462 3496 3566 3534 una

1986 3592 2109 3631 cum
2170 3575 2435 3632 creaturis
2490 3589 2779 3629 numerare
2831 3589 2981 3638 eum,
3019 3574 3111 3642 qui
3172 3575 3223 3627 iu
3299 3574 3480 3625 divina
3516 3583 3569 3623 et

1988 3669 2144 3723 beata
2161 3666 2426 3723 Trinitate
2455 3667 2660 3735 pariter
2864 3675 3199 3719 nmneratur.
3229 3664 3572 3731 Principatum

1988 3760 2133 3814 enim
2159 3770 2214 3813 et
2251 3767 2571 3826 petestates,
2610 3771 2673 3809 ac
2710 3755 2933 3823 reliqua:
2966 3754 3230 3823 ejusmodi
3279 3761 3567 3811 rrcutune,

1990 3865 2109 3918 quae
2158 3865 2226 3905 ex
2285 3850 2588 3902 attentione
2622 3862 2688 3901 ae
2739 3847 2923 3900 stmlio
2948 3845 3440 3899 sanctiﬁcationem
3474 3846 3571 3896 ha-

1994 3944 2141 4003 hent,
2168 3942 2268 3996 dici
2306 3952 2495 3993 natura
2527 3949 2729 3993 saneta:
2754 3937 2874 4004 jure
2906 3953 3009 3989 non
3043 3947 3291 4005 possunt.
3327 3938 3397 3988 Ita
3428 3937 3570 3988 enim

1993 4032 2193 4085 bonum
2227 4039 2508 4100 appetunt,
2552 4039 2610 4083 ut
2662 4044 2761 4098 pro
2806 4030 3016 4083 ratione
3061 4029 3264 4082 amoris
3310 4030 3367 4082 in
3402 4028 3571 4082 Detuu

1990 4124 2099 4186 sui,
2130 4122 2440 4177 sanctitatis
2488 4136 2798 4175 mensuram
2838 4122 3131 4190 accipiant.
3167 4120 3231 4173 Et
3265 4121 3419 4174 sicuti
3469 4121 3577 4171 inr-

1997 4229 2115 4267 rtttu
2167 4213 2220 4267 in
2279 4214 2457 4267 medio
2496 4204 2619 4281 igne
2662 4215 2921 4281 positum,
2964 4213 3169 4267 ferrum
3207 4213 3425 4280 quidem
3459 4228 3577 4266 esse

1996 4319 2105 4359 non
2159 4303 2382 4367 desinit,
2436 4304 2531 4359 sed
2596 4305 2666 4359 ob
2723 4304 3258 4358 vehementissimam
3292 4320 3417 4357 cum
3453 4303 3576 4364 ianus

1994 4395 2436 4465 coniunctionem
2492 4395 2723 4467 ignitum
2772 4396 2994 4457 factum,
3053 4409 3381 4460 omnemque
3436 4394 3578 4462 ignis

316 4484 609 4548 ακτωθεὶς,
644 4485 734 4537 καὶ
764 4486 945 4539 πᾶσαν
982 4485 1061 4547 είς
1094 4482 1284 4536 ἑαυτὸν
1309 4483 1407 4554 τὴν
1466 4481 1560 4535 τοῦ
1604 4483 1774 4555 πυρὸς
1807 4483 1896 4552 φύ‹

2002 4496 2249 4539 naturam
2304 4484 2358 4537 in
2412 4498 2474 4538 se
2511 4485 2684 4552 ipsum
2724 4484 3014 4554 recipiens,
3051 4492 3162 4536 tum
3224 4484 3433 4545 colore,
3468 4494 3579 4534 tum

318 4593 406 4629 σιν
438 4574 857 4643 ὑποδεξάμενος,
896 4575 989 4627 καὶ
1027 4572 1279 4644 χρώματι
1306 4572 1402 4626 καλ⁸
1432 4573 1653 4643 ἔνεργίᾳ
1680 4573 1815 4643 πρὸς
1847 4573 1910 4627 τὸ

318 4665 433 4736 πῦρ
460 4665 838 4736 μεταϐέϐηκεν
857 4681 869 4691 ’
902 4663 1044 4716 οὕτω
1071 4664 1165 4717 καὶ
1191 4664 1246 4716 αἱ
1271 4663 1423 4731 ἆγιαι
1444 4663 1703 4735 δυνάμεις
1726 4667 1789 4716 ὲκ
1812 4666 1911 4734 τῆς

315 4758 461 4829 πρὸς
494 4758 554 4809 τὸ
585 4757 742 4825 φύσει
783 4758 935 4823 ἆγιον
974 4755 1259 4817 κοινωνίας
1302 4755 1368 4807 δι’
1397 4756 1526 4825 ὅλης
1566 4756 1665 4825 τῆς
1700 4757 1910 4810 ἑαυτῶν

315 4850 677 4912 ὑποστάσεως
720 4848 1074 4918 κεχωρηκότα
1104 4847 1206 4916 ἤδη
1255 4846 1351 4899 καὶ
1388 4848 1911 4918 συμπεφυσιωμένον

314 4943 411 4995 τὸν
474 4941 743 5011 ἀγιασμὸν
797 4940 999 5010 ἔχουσι.
1056 4938 1300 5008 Διαφορὰ
1350 4938 1409 4990 δὲ
1459 4940 1649 5002 αὑταῖς
1675 4939 1810 5011 πρὸς
1850 4940 1911 4993 τὺ

316 5032 550 5103 Πνεῦμα
597 5033 658 5085 τὸ
693 5033 845 5100 ἅγιον
879 5030 1039 5100 αῦτη,
1073 5032 1154 5083 ὅτι
1190 5030 1268 5100 τῷ
1299 5030 1398 5101 μὲν
1426 5030 1587 5099 φύσις
1615 5032 1647 5100 ὴ
1676 5030 1912 5097 ἁγιωσύ-

315 5142 408 5194 νη,
452 5126 568 5187 ταῖς
622 5123 679 5176 δὲ
723 5125 786 5175 ὲκ
828 5120 1118 5193 μετουσίας
1162 5122 1397 5191 ὑπάρχει
1440 5121 1499 5172 τὸ
1548 5118 1907 5188 ἀγιάξεσθαι.

316 5212 417 5279 Οἷς
441 5216 499 5268 δὲ
530 5214 924 5268 ὲπισκευαστὸν
961 5213 1054 5265 καὶ
1097 5211 1359 5281 ἑτέρωθεν
1391 5211 1763 5279 ἐπιδεδομένον
1804 5213 1913 5265 ὑπ-

317 5309 479 5379 άρχει
535 5304 597 5358 τὸ
661 5304 883 5373 ἀγαθὸν,
943 5303 1043 5373 τῆς
1103 5303 1459 5373 μεταπωτῆς
1517 5303 1624 5354 εἰσι
1674 5300 1910 5369 φύσεως.

312 5400 393 5451 υτ)
429 5398 538 5468 γὰρ
562 5396 626 5450 ἂν
656 5396 913 5461 ἐξέπεσεν
955 5397 983 5448 ὁ
1028 5395 1335 5465 Ἐωσφόρος
1375 5398 1402 5447 ὁ
1439 5392 1583 5465 πρωῒ
1779 5396 1907 5449 ἀνα-

312 5491 543 5558 τέλλων,
574 5488 696 5543 οὕτε
730 5488 1019 5559 συνετρίϐη
1053 5488 1140 5540 ἐπὶ
1172 5488 1269 5557 τῆς
1308 5487 1429 5557 γῆς,
1468 5490 1515 5539 εἰ
1551 5487 1706 5556 φύσει
1735 5487 1916 5557 ὑπῆρ-

314 5600 381 5654 χε
438 5582 531 5635 τοῦ
581 5582 822 5655 χείρονος
874 5581 1245 5643 ἀνεπίδεκτος.
1293 5580 1415 5643 Πῶς
1456 5576 1547 5634 οὖν
1589 5579 1807 5643 εὐσεϐὲς
1846 5581 1910 5648 τῇ

374 5748 389 5778 ¹
428 5743 591 5799 lii-llr.
641 5759 699 5801 ιι.
734 5744 817 5797 Η.
898 5746 919 5776 ³
958 5740 1148 5795 Matth.
1193 5757 1389 5806 xxvm,
1430 5739 1514 5794 19.

631 5863 898 5923 l’nuon.
945 5862 1065 5920 Gtt.
1112 5862 1154 5920 (ὲ
1170 5861 1212 5918 Χ
1229 5860 1373 5920 XX.

1999 4575 2235 4629 eﬂicacia
2268 4575 2320 4627 in
2361 4574 2537 4643 ignem
2571 4576 2803 4629 transit:
2829 4576 2908 4630 sic
2933 4584 2988 4628 et
3026 4584 3229 4629 sancta:
3275 4581 3582 4643 potestates

2001 4681 2068 4721 ex
2098 4666 2591 4720 communicatione
2620 4681 2782 4735 quam
2809 4668 3007 4721 habent
3041 4680 3163 4719 cum
3195 4680 3260 4719 eo
3294 4665 3385 4732 qui
3424 4675 3581 4741 uatu-

2005 4775 2063 4814 ra
2102 4767 2324 4814 sanctus
2350 4768 2454 4824 est,
2484 4757 2750 4827 ejusmodi
2782 4756 3204 4811 sanctimoniam
3238 4754 3432 4808 habent
3466 4770 3584 4822 qua:

1997 4852 2109 4919 jam
2162 4851 2462 4920 pervaserit
2522 4866 2617 4919 pcr
2671 4857 2837 4903 totam
2888 4864 3075 4902 carum
3116 4848 3496 4911 substantiam,
3531 4848 3584 4900 in

2006 4958 2183 5010 eaque
2218 4941 2508 4996 coaluerit.
2542 4941 2673 5009 Ipsa:
2708 4946 2887 4992 autem
2928 4938 2981 4990 in
3003 4952 3069 4991 eo
3100 4952 3130 4989 a
3163 4945 3352 4991 sancto
3383 4936 3587 5005 Spiritu

2008 5033 2287 5097 diﬂ‘crunt,
2348 5033 2492 5101 quod
2554 5031 2711 5101 hujus
2769 5040 2962 5083 natura
3016 5029 3282 5083 sanctitas
3319 5030 3588 5084 est:il|is

2013 5140 2140 5180 tero
2171 5141 2237 5181 ex
2275 5125 2687 5195 participatione
2749 5123 2891 5177 inest
2949 5121 3339 5178 sanctimonia.
3377 5122 3588 5187 Quibus

2011 5225 2191 5270 autem
2228 5217 2369 5271 inest
2392 5215 2591 5268 bonum
2626 5212 3047 5267 instauratitium
3078 5220 3135 5265 et
3164 5210 3382 5264 aliunde
3417 5209 3585 5262 colla—

2014 5320 2149 5368 uun,
2182 5322 2242 5360 ea
2277 5316 2400 5360 sunt
2427 5306 2703 5360 mutabilis
2739 5316 2962 5358 naturm.
3013 5302 3130 5357 Non
3174 5304 3317 5358 enim
3358 5302 3588 5356 excidis-

2014 5399 2354 5460 sctlmcifer,
2384 5398 2473 5466 qui
2510 5412 2668 5450 mane
2722 5399 2896 5451 oritur
2936 5402 2981 5460 ⁸,
3018 5411 3117 5450 nec
3166 5403 3308 5449 esset
3356 5393 3407 5444 in
3448 5402 3586 5444 terra

2017 5492 2304 5553 contritus,
2348 5491 2392 5543 si
2437 5488 2723 5543 deterioris
2780 5487 3105 5540 conditionis
3139 5480 3457 5550 recipienda:
3484 5498 3585 5533 non

2021 5582 2210 5635 fuisset
2243 5598 2411 5649 capax
2453 5590 2665 5635 natura.
2714 5578 2997 5646 Quomodo
3034 5578 3200 5645 igitur
3235 5576 3376 5643 pium
3404 5584 3485 5627 est
3515 5576 3594 5625 itt-

1596 5742 1612 5764 ‘
1645 5739 1808 5793 lichr.
1844 5755 1878 5801 I,
1917 5737 1997 5791 14.
2078 5740 2099 5770 ⁸
2129 5738 2228 5792 lsa.
2264 5753 2375 5797 xw,
2428 5737 2510 5789 I2.

3160 5850 3240 5908 '26
