4082 6384
479 318 582 385 Sll

1705 316 2094 380 EUTHYMII
2131 319 2494 384 ZlGABENI

3644 329 3751 394 812

485 467 568 511 ter
612 463 893 511 creaturas
941 455 1202 525 Spiritum
1261 455 1550 520 collocare,
1611 457 1701 525 qui
1767 459 2058 517 intervallo

2163 480 2338 532 κτίσει
2361 477 2490 529 αὐτὸ
2517 474 2850 534 συντάττειν,
2896 469 3134 541 τοσούτῳ
3170 470 3351 541 μέτρῳ
3394 468 3752 542 διωρισμένον

489 557 640 602 tanto
671 563 704 602 a
729 547 1002 602 creaturis
1035 558 1321 616 separatus
1354 548 1475 603 eSt?
1511 551 1771 604 Ureatura
1804 555 1949 608 enim
1985 557 2058 609 ita

481 649 798 709 comparata
829 649 930 703 est,
974 649 1031 694 ut
1063 640 1108 694 si
1149 654 1498 709 progressurus
1559 640 1794 709 aliquem
1851 645 2060 713 I'cccrit,

490 731 857 800 placueritun
911 732 1040 796 Deo,
1094 747 1190 802 pro
1257 735 1511 787 mercede
1575 735 2061 792 sanetiticationem

489 823 744 891 accipiat,
780 823 1216 892 quandoquidem
1268 823 1440 879 libero
1480 825 1650 879 utitur
1681 826 1928 891 arbitrio,
1966 843 2063 898 po-

493 921 703 980 testque
732 912 786 965 in
819 921 1104 983 utramque
1144 921 1355 982 partem
1403 914 1676 980 inclinari,
1718 917 1784 969 ad
1826 916 1953 970 boni
2003 933 2067 971 ac

489 1003 616 1059 mali
661 1004 1017 1072 electionem;
1055 1005 1292 1077 Spiritus
1325 1016 1507 1062 autem
1559 1018 1780 1062 Sanctus
1827 1009 1946 1064 fons
1985 1022 2067 1065 est

486 1095 951 1152 sanctiﬁcationis.
1007 1097 1076 1152 Ει
1101 1098 1555 1167 quemadmodum
1604 1108 1795 1152 natura
1843 1112 2067 1155 sanctus

485 1199 571 1246 est
600 1186 786 1254 Pater,
809 1199 1006 1244 natura
1039 1190 1224 1244 itidem
1248 1199 1470 1247 sanctus
1497 1201 1581 1246 est
1606 1191 1773 1246 Filius
1801 1207 1814 1245 :
1837 1193 1909 1246 ita
1937 1209 2067 1262 quo-

488 1294 594 1347 que
641 1279 877 1350 Spiritus
912 1281 1004 1336 ille
1049 1281 1293 1337 veritatis
1331 1291 1526 1336 natura
1577 1294 1798 1337 sanctus
1824 1293 1945 1349 est;
1993 1285 2065 1338 ob

490 1373 654 1443 idque
686 1378 922 1429 donatus
944 1382 1031 1429 est
1063 1374 1226 1429 etiam
1253 1374 1428 1430 sancti
1477 1374 1858 1443 appellatione,
1896 1391 2066 1445 eaque

489 1465 748 1534 peculi-ari
781 1481 846 1520 ac
881 1466 1114 1535 propria.

659 1555 867 1623 Itaque,
899 1556 948 1610 si
993 1555 1258 1610 sanctitas
1287 1555 1338 1608 ei
1373 1566 1564 1608 natura
1595 1563 1702 1618 est,
1729 1554 1886 1608 sicuti
1919 1553 2062 1609 Patri

490 1655 545 1699 et
575 1643 737 1711 Filio,
765 1651 1039 1716 quomodo
1067 1648 1244 1701 tertia:
1282 1661 1349 1700 ac
1376 1646 1566 1700 aliena
1599 1655 1805 1700 naturae
1835 1645 1957 1700 est?
1984 1646 2066 1702 0b

2163 568 2260 637 τῆς
2289 566 2519 628 κτίσεως
2543 580 2557 629 ;
2602 563 2665 616 Ἦ
2692 562 2789 634 μὲν
2815 560 2923 631 γὰρ
2954 561 3130 624 κτίσις
3155 560 3397 628 πέφυκεν
3425 555 3584 611 ἆθλον
3615 577 3751 632 προσ

2165 656 2341 726 κοπῆς
2393 655 2486 708 καὶ
2538 654 2636 725 τῆς
2679 652 2815 724 πρὸς
2864 651 2995 704 Θεὸν
3030 652 3440 722 εὐαρεστήσεως
3477 650 3566 703 τὸν
3590 652 3749 720 ἁγια-

2167 747 2302 818 σμὸν
2329 745 2547 817 ἔχουσα,
2575 743 2732 814 φύσει
2764 742 2819 796 δὲ
2991 743 3249 814 χρωμένη
3282 741 3629 814 αὐτεξουσίῳ,
3657 743 3756 798 καὶ

2169 837 2533 909 μεταρρέπειν
2599 835 2683 904 ἐφ’
2742 835 2979 904 ἑκάτερα
3033 833 3339 904 δυναμένη,
3397 833 3534 904 πρὸς
3601 834 3757 889 ἐκλο-

2166 931 2270 1000 γὴν
2323 927 2418 981 τοῦ
2469 927 2674 996 ἀγαθοῦ
2733 927 2827 980 καὶ
2888 925 2981 979 τοῦ
3015 926 3288 996 χείρονος·
3324 925 3384 977 τὸ
3423 926 3479 978 δὲ
3529 925 3759 998 Πνεῦμα

2166 1023 2228 1076 τὸ
2265 1021 2418 1090 ἀγιον
2454 1019 2603 1090 πηγὴ
2639 1017 2933 1089 ἀγιασμοῦ.
2976 1017 3085 1070 Kal
3112 1016 3301 1088 ὥσπερ
3334 1017 3493 1086 φύσει
3529 1017 3684 1086 ἅγιος
3727 1021 3758 1073 ὁ

2168 1113 2374 1185 Πατὴρ,
2432 1113 2528 1168 καὶ
2574 1109 2732 1181 φύσει
2776 1111 2930 1178 ἀγιος
2975 1111 3004 1163 6
3032 1109 3179 1172 Υἱὸς,
3227 1109 3369 1162 οὕτω
3399 1109 3558 1180 φύσει
3599 1110 3757 1178 ἆγιον

2169 1209 2263 1261 καὶ
2327 1206 2386 1258 τὸ
2430 1203 2656 1274 Πνεῦμα
2705 1202 2766 1254 τὸ
2826 1201 2926 1272 τῆς
2971 1201 3268 1273 ἀληθείας·
3323 1201 3403 1254 διὸ
3461 1201 3555 1256 καὶ
3606 1201 3757 1268 ἐξαι-

2173 1299 2330 1369 ρέτου
2387 1297 2482 1350 καὶ
2523 1295 2832 1364 ίδιαξούσης
2886 1295 2984 1365 τῆς
3040 1292 3133 1348 τοῦ
3172 1294 3327 1364 ἁγίου
3387 1294 3759 1367 προσηγορίας

2173 1389 2421 1458 ἠξίωται.

2327 1565 2389 1618 El
2419 1561 2512 1619 οῦν
2550 1564 2710 1635 φύσις
2757 1563 2905 1634 αὐτῷ
2957 1566 2984 1618 ὁ
3034 1566 3304 1634 ἀγιασμός
3347 1567 3513 1629 ἐστιν,
3568 1565 3758 1640 ὥσπερ

2173 1655 2347 1727 Πατρὶ
2385 1655 2479 1708 καὶ
2504 1653 2641 1724 Υίῷ,
2677 1653 2797 1718 πῶς
2831 1653 3021 1726 τρίτης
3197 1655 3316 1710 ἐστὶ
3345 1658 3437 1712 καὶ
3470 1657 3759 1729 ἀλλοτρίας

499 1731 552 1788 id
581 1733 751 1798 enim,
780 1735 994 1803 opinor,
1022 1743 1078 1789 et
1105 1735 1247 1803 apud
1273 1733 1464 1788 Isaiam
1497 1734 1667 1788 etiam
1696 1735 1958 1803 scripturn
1985 1743 2064 1790 est

2159 1733 2378 1802 φύσεως
2401 1748 2416 1796 ;
2442 1733 2542 1785 Διά
2567 1733 2730 1786 τοῦτο
2768 1734 2899 1806 γὰρ,
2926 1731 3104 1806 οἶμαι,
3133 1736 3228 1790 καὶ
3261 1739 3411 1808 παρά
3441 1738 3521 1808 τῷ
3558 1740 3759 1812 Ἡσαΐᾳ

489 1822 778 1892 Serapltim
819 1833 906 1879 ter
938 1833 1159 1881 sanctus
1197 1824 1504 1882 exclamare
1529 1825 1547 1856 ί
1579 1863 1595 1888 ,
1629 1826 1771 1894 quod
1809 1827 2071 1883 naturalis

487 1914 748 1970 sanctitas
796 1915 972 1971 tribus
1027 1917 1083 1970 in
1127 1918 1508 1988 liypostasibus
1556 1918 1903 1988 perspicitur.
1957 1919 2070 1975 Nec

487 2017 614 2059 vero
637 2005 740 2062 hoc
767 2008 1084 2064 sanctitatis
1118 2023 1314 2064 nomen
1353 2010 1403 2063 ei
1433 2010 1608 2065 solum
1655 2025 1944 2067 commune
1983 2020 2070 2067 est

486 2111 609 2151 cum
660 2097 824 2154 Patre
857 2109 913 2155 et
940 2099 1104 2165 Filio,
1138 2101 1231 2156 sed
1268 2102 1378 2171 ipsa
1409 2113 1489 2156 est
1521 2103 1682 2157 etiam
1726 2102 1949 2172 spiritus
1973 2119 2068 2174 ap-

485 2186 724 2254 pellatio.
781 2187 921 2243 Deus
963 2191 1109 2245 enim
1158 2199 1234 2243 est
1278 2192 1530 2258 spiritus;
1566 2200 1617 2245 et
1655 2207 1740 2246 eos
1771 2187 2067 2262 qui'ipsum

485 2279 732 2343 adorant,
762 2284 815 2334 in
843 2283 1034 2351 spiritu
1063 2291 1113 2336 et
1163 2284 1383 2336 ueritate
1426 2283 1651 2337 adorare
1686 2293 1886 2352 oportet
1934 2286 1972 2328 ὀ
1999 2283 2068 2340 Et

487 2371 747 2439 propheta
772 2373 848 2426 ait
873 2386 888 2425 :
918 2370 1152 2441 Spiritus
1180 2383 1300 2427 ante
1340 2372 1532 2441 faciem
1563 2384 1797 2428 nostram
1822 2373 2066 2429 Christus

487 2459 765 2526 Dominus,
794 2461 884 2515 ubi
921 2463 1155 2517 diximus
1185 2477 1204 2516 :
1229 2462 1297 2517 In
1343 2464 1528 2517 umbra
1568 2463 1775 2518 alarum
1808 2466 1970 2534 ipsius
1989 2467 2068 2520 oi-

484 2565 657 2601 remus
707 2549 749 2602 ³.
777 2550 922 2619 Quin
953 2563 1006 2610 et
1037 2553 1336 2623 Apostolus
1384 2555 1800 2624 appellationem
1844 2557 2067 2625 spiritus

484 2640 535 2692 in
566 2638 850 2696 Dominum
890 2646 1173 2711 transfert,
1206 2660 1329 2702 cum
1371 2647 1501 2702 dicit
1531 2665 1546 2700 :
1581 2646 1843 2701 Dominus
1887 2659 2064 2704 autem

483 2731 700 2798 spiritus
728 2741 806 2787 est
850 2735 893 2788 ⁸.
928 2737 1004 2790 lix
1034 2737 1120 2792 his
1148 2748 1330 2794 autem
1369 2737 1591 2794 cuilibet
1622 2749 1955 2808 compertum
1983 2749 2067 2794 est

485 2837 548 2876 ac
580 2831 944 2892 perspectum,
975 2842 1080 2882 non
1113 2838 1241 2888 natu
1255 2844 1324 2882 rae
1369 2827 1778 2896 alienationem,
1809 2832 1906 2885 sed
1933 2845 2064 2884 con-

476 2910 814 2979 junctionem
843 2931 966 2970 cum
993 2915 1157 2974 Patre
1183 2927 1238 2974 et
1280 2919 1420 2975 Filio
1455 2933 1551 2988 per
1591 2921 1869 2977 nominum
1917 2936 2066 2978 cout-

486 3006 903 3079 municationem
966 3012 1407 3068 commonstrari.
1459 3013 1525 3068 Et
1571 3012 1715 3068 Deus
1761 3014 1938 3070 dictus
1980 3023 2068 3072 est

483 3103 677 3170 bonus,
708 3113 765 3160 et
795 3115 878 3160 est
909 3123 923 3160 :
962 3109 1136 3165 bonus
1159 3118 1340 3170 autem
1364 3121 1446 3167 est
1465 3121 1520 3170 et
1545 3111 1785 3182 Spiritus
1815 3119 2058 3178 sanctus,
2085 3135 2127 3191 ρ

482 3196 780 3257 bonitatem
809 3201 1020 3259 habens
1049 3217 1158 3258 non
1191 3205 1570 3281 adgentitiam,
1604 3207 1700 3262 sed
1733 3214 1927 3260 natura
1961 3206 2063 3261 sibi

483 3289 746 3348 innatam.
776 3294 990 3366 Alioqui
1019 3294 1189 3352 fuerit
1227 3297 1470 3354 omnium
1515 3298 1989 3363 absurdissimum,
2017 3298 2064 3354 si

481 3383 604 3450 quis
627 3384 774 3457 dicat
796 3402 922 3442 eum
1133 3390 1226 3459 qui
1255 3399 1452 3446 natura
1472 3403 1694 3447 sanctus
1714 3401 1818 3457 est,
1855 3392 2064 3446 bonita-

482 3480 588 3528 tem
649 3485 839 3532 natura
892 3495 997 3534 non
1053 3481 1279 3548 habere,
1343 3483 1438 3538 sed
1475 3484 1762 3552 quamdam
1806 3484 2062 3552 deinceps

479 3571 976 3636 supervenientem,
1007 3572 1166 3642 eique
1195 3573 1498 3628 forinsecus
1526 3577 1890 3631 accedentem.
1920 3574 2058 3640 Quin

479 3657 647 3711 etiam
691 3673 814 3714 cum
870 3661 1132 3718 Dominus
1169 3664 1307 3720 dixit
1339 3683 1354 3721 :
1382 3664 1498 3736 Ego
1529 3665 1721 3736 rogabo
1749 3664 1980 3728 Patrem,
2008 3675 2061 3722 et

476 3747 640 3802 alium
680 3747 1020 3809 Paraclstum
1054 3756 1199 3810 dabit
1246 3751 1390 3812 vobis
1428 3759 1475 3827 ⁸,
1506 3767 1562 3814 et
1603 3760 1718 3830 ipse
1747 3759 2062 3816 Paracletus

479 3851 665 3896 uoster
692 3858 812 3898 esse
849 3847 1181 3904 ostenditur.
1223 3850 1402 3917 Quare
1431 3851 1687 3920 paracleti
1723 3868 1936 3922 quoque
1963 3867 2060 3923 ap-

479 3931 695 3998 pellatio
750 3947 855 3988 non
909 3951 1100 4004 parum
1145 3941 1212 3993 ad
1277 3943 1756 3997 demonstrandam
1821 3944 2059 4012 Spiritus

476 4026 646 4080 sancti
678 4024 1013 4094 majestatem
1050 4029 1277 4084 confert.

655 4206 720 4258 Et
773 4207 991 4260 nuntius
1037 4208 1255 4275 quidem
1305 4226 1425 4280 qua:
1466 4211 1802 4280 majeslatem
1850 4223 2058 4270 natura

479 4295 743 4364 iudicant,
774 4307 902 4352 sunt
935 4301 1205 4366 ejusmodi
1238 4303 1627 4371 :operationes
1659 4319 1792 4360 vero
1818 4305 2056 4375 Spiritus

481 4389 652 4444 Sancti
700 4390 929 4457 quales?
978 4390 1147 4446 Verbo
1178 4391 1412 4462 Domini,
1459 4395 1653 4464 inquit,
1693 4397 1810 4451 ctuti
1855 4396 2058 4466 firmati

2156 1828 2226 1879 τὰ
2255 1823 2507 1895 Σεραφὶμ
2530 1823 2713 1893 τρίτον
2742 1824 3018 1878 ἐκϐοῶντα
3041 1825 3102 1878 τὸ
3125 1825 3288 1896 ἅγιος
3309 1828 3750 1898 ἀναγέγραπται,

2157 1916 2240 1969 ὅτι
2270 1917 2328 1967 ὲν
2351 1914 2499 1986 τρισὶ
2531 1916 2650 1978 ταῖς
2670 1914 3036 1969 ὑποστάσεσιν
3065 1917 3093 1968 6
3116 1915 3259 1969 κατά
3291 1917 3453 1986 φύσιν
3483 1919 3754 1990 ἁγιασμὸς

2157 2003 2462 2077 θεωρεῖται.
2509 2004 2586 2058 Οὐ
2617 2003 2780 2056 τοῦτο
2809 2004 2866 2057 δὲ
2894 2004 3054 2075 μόνον
3087 2005 3239 2076 αὐτῷ
3267 2005 3446 2059 κοινὸν
3475 2007 3612 2079 πρὸς
3638 2009 3754 2062 Πα-

2153 2096 2290 2167 τέρα
2315 2095 2408 2150 καὶ
2434 2095 2564 2148 Υῑὸν
2589 2095 2651 2148 τὸ
2678 2095 2782 2166 τῆς
2806 2096 3119 2166 ἁγιωσύνης
3147 2097 3338 2170 ὄνομα,
3366 2099 3502 2152 ἀλλά
3530 2101 3624 2154 καὶ
3652 2101 3756 2153 αὖ·

2155 2189 2224 2258 τὴ
2275 2189 2307 2260 ἡ
2355 2188 2448 2242 τοῦ
2502 2188 2812 2259 πνεύματος
2871 2190 3230 2261 προσηγορία.
3276 2191 3524 2261 Πνεῦμα
3562 2192 3670 2264 γὰρ
3717 2197 3754 2248 ό

2160 2277 2328 2346 Θεὸς,
2361 2280 2459 2333 καὶ
2482 2279 2625 2345 τοὺς
2645 2281 3146 2347 προσκυνοῦντας
3177 2281 3364 2336 αὐτὸν
3385 2281 3456 2336 ἐν
3483 2285 3752 2353 πνεύμα-

2157 2389 2213 2426 τι
2262 2371 2362 2426 καὶ
2407 2373 2660 2440 ἀληθείᾳ
2690 2371 2787 2425 δεῖ
2821 2373 3209 2441 προσκυνεῖν.
3246 2375 3356 2428 Kal
3394 2377 3422 2429 6
3466 2377 3755 2447 προφήτης

2159 2460 2293 2532 φησί
2311 2477 2324 2491 ·
2361 2461 2605 2527 Πνεῦμα
2633 2462 2746 2528 πρὸ
2781 2460 3108 2529 προσώπου
3293 2463 3462 2534 ’ἡμῶν
3495 2465 3755 2533 Χριστὸς

2157 2554 2375 2618 Κύριος
2393 2594 2406 2613 ,
2437 2548 2510 2607 οὖ
2540 2553 2821 2622 εἴπαμεν·
2871 2553 2974 2606 Ἐν
2997 2552 3073 2620 τῇ
3101 2553 3250 2620 σκιᾷ
3293 2554 3414 2608 τῶν
3439 2558 3756 2626 ξετερύγιων

2157 2643 2344 2698 αὐτοῦ
2378 2642 2692 2713 (nudantia.
2729 2645 2838 2698 Kal
2870 2647 2900 2698 6
2939 2646 3259 2711 Ἀπόστολος
3302 2647 3403 2718 τὴν
3430 2622 3560 2702 ’τοῦ
3583 2622 3752 2702 «sub

2161 2752 2332 2806 ματος
2360 2736 2732 2807 προσηγορίαν
2762 2737 2857 2790 ἐπὶ
2885 2736 2978 2789 τὸν
3002 2737 3208 2809 Κύριον
3235 2738 3496 2809 ἀναφέρει
3533 2737 3711 2806 λέγων
3733 2755 3750 2771 ο

2173 2829 2234 2881 '0
2255 2826 2324 2880 δὲ
2347 2827 2564 2895 Κύριος
2592 2827 2662 2881 τὸ
2693 2827 2931 2897 πνεῦμά
2957 2829 3149 2883 ἐστιν.
3195 2829 3289 2884 Ἐκ
3309 2829 3366 2883 δὲ
3388 2830 3593 2884 τούτων
3614 2848 3754 2884 παν-

2157 2919 2212 2972 τὶ
2241 2918 2421 2990 δῆλον,
2452 2920 2535 2976 ὅτι
2560 2919 2680 2988 οὐχὶ
2707 2917 3065 2990 ἀλλοτρίωσιν
3232 2921 3332 2991 τῆς
3361 2921 3597 2990 φύσεως,
3631 2921 3752 2974 om

2157 3010 2432 3065 οίκείωσιν
2457 3010 2594 3082 πρὸς
2621 3011 2713 3064 τὸν
2744 3012 2965 3082 Πατέρα
3005 3011 3100 3065 καὶ
3134 3011 3262 3066 Υίὸν
3289 3014 3322 3083 ή
3359 3013 3613 3065 κοινωνία
3640 3012 3756 3065 τῶν

2157 3101 2437 3172 ὀνομάτων
2485 3103 2809 3174 παρίστησι.
2861 3104 2973 3157 Kal
3020 3104 3224 3172 ἀγαθὸς
3267 3106 3296 3157 6
3327 3103 3458 3170 Θεὸς
3507 3105 3747 3174 είρηται,

2157 3194 2253 3247 καὶ
2280 3193 2428 3248 ἔστιν
2451 3210 2466 3225 ⁸
2501 3194 2704 3262 ἀγαθὸν
2743 3195 2801 3248 δὲ
2840 3194 2936 3247 καὶ
2972 3195 3034 3248 τὸ
3074 3195 3300 3267 Πνεῦμα
3339 3195 3400 3248 τὸ
3437 3196 3609 3265 ἅγιον,
3644 3197 3751 3250 οὐκ

2157 3287 2560 3358 ὲπισκευαστὴν
2588 3286 2712 3357 ἔχον
2740 3286 2840 3357 τὴν
2874 3287 3208 3358 ἀγαθότητα,
3263 3287 3379 3342 ἀλλ’
3417 3290 3482 3341 ὲκ
3530 3289 3752 3357 φύσεως

2156 3376 2306 3447 αὐτῷ
2338 3379 2807 3449 συνυπάρχουσαν.
2841 3379 2913 3431 Ἦ
2947 3378 3165 3433 πάντων
3197 3379 3263 3433 ἂν
3286 3378 3371 3451 εἴη
3401 3379 3752 3449 ἀλογώτατον

2154 3468 2217 3522 τὸ
2242 3468 2403 3538 φύσει
2435 3469 2592 3539 ἅγιον
2616 3469 2688 3541 μὴ
2720 3471 2878 3540 φύσει
2907 3471 3085 3540 λέγειν
3111 3472 3212 3543 τὴν
3240 3469 3555 3543 ἀγαθότητα
3581 3471 3749 3540 ἔχειν,

2154 3559 2270 3615 ἀλλ’
2285 3561 2542 3632 ἑπιγεννη
2551 3562 2786 3633 ματικὴν
2955 3563 3049 3616 καὶ
3074 3562 3271 3629 ἔξωθεν
3297 3563 3750 3636 προσγεγενημέ-

2153 3668 2254 3725 νην
2276 3651 2443 3723 αὐτῷ.
2491 3653 2579 3706 Ἐν
2600 3645 2645 3720 ᾧ
2675 3653 2734 3707 δὲ
2758 3649 2912 3706 εἶπεν
2937 3653 3186 3728 ῥΚύριος
3219 3656 3322 3720 ὅτι,
3369 3655 3508 3723 Ἐγὼ
3531 3654 3753 3723 ἐρωτή-

2153 3759 2245 3799 σω
2291 3744 2398 3798 τὸν
2439 3745 2694 3814 Πατέρα,
2753 3747 2852 3801 καὶ
2884 3747 3080 3801 ἄλλον
3123 3747 3518 3816 Παράκλητον
3566 3746 3751 3801 δώσει

2154 3835 2316 3905 ὑμῖν,
2338 3834 2433 3889 καὶ
2457 3835 2624 3899 αὐτὸς
2655 3833 2794 3891 εἶναι
2823 3837 3180 3909 Παράκλητος
3208 3838 3746 3908 ἡμῶν-ἐνδείκνυται.

2157 3927 2320 3980 Ὥστε
2365 3928 2460 3981 καὶ
2489 3929 2523 3999 ἡ
2545 3927 2640 3981 τοῦ
2675 3929 3027 4000 παρακλήτου
3068 3932 3408 4002 προσηγορία
3448 3932 3509 3984 οὺ
3549 3933 3750 4004 μικρὸν

2159 4019 2296 4090 πρὸς
2329 4017 2609 4086 ἀπόδειξιν
2799 4021 2898 4091 τῆς
2924 4019 3082 4091 δόξης
3111 4019 3208 4072 τοῦ
3237 4021 3394 4088 ἁγίου
3429 4020 3752 4091 Πνεύματος

2158 4109 2426 4164 συντελεῖ.

2315 4203 2426 4256 Kal
2457 4201 2526 4256 τὰ
2553 4203 2652 4273 μὲν
2677 4202 2922 4273 ὀνόματα
2948 4201 3172 4256 τοιαῦτα
3194 4203 3286 4256 τοῦ
3321 4202 3608 4274 μεγαλείου
3645 4204 3752 4272 τῆς

2155 4296 2373 4366 φύσεως
2397 4295 2703 4351 ἐνδεικτικά
2723 4313 2736 4327 ·
2767 4298 2822 4350 al
2853 4294 2909 4349 δὲ
2948 4296 3222 4368 ἐνέργειαι
3249 4295 3344 4350 τοῦ
3378 4297 3535 4365 ἁγίου
3575 4296 3752 4351 Πνεῦ-

2157 4403 2326 4457 ματος
2455 4376 2718 4453 οἷαι;’Τῷ
2743 4389 2906 4457 λόγῳ
2935 4388 3042 4443 τοῦ
3070 4387 3311 4458 Κυρίου,
3342 4389 3528 4460 φησὶν,
3557 4391 3614 4442 οἱ
3647 4392 3748 4443 οὺ-

474 4491 617 4542 sunt,
643 4491 690 4536 et
715 4479 922 4549 Spiritu
964 4485 1074 4536 oris
1118 4483 1234 4554 ejus
1266 4486 1433 4539 omnis
1488 4486 1648 4541 virtus
1681 4504 1864 4542 eorum
1905 4490 1947 4541 ⁸.
1987 4486 2057 4544 Ut.

2158 4483 2322 4551 ρανοι
2360 4481 2833 4550 ἐστερεώθησαν,
2887 4479 2988 4534 καί
3028 4479 3108 4546 τῷ
3132 4481 3430 4549 [Iv-stipati
3467 4480 3575 4533 τοῦ
3603 4480 3749 4533 atd-

479 4571 638 4630 iuitur
677 4569 820 4625 Dens
872 4571 1106 4625 Verbum
1163 4582 1378 4627 creator
1411 4585 1493 4627 est
1539 4575 1822 4641 calorum,
1877 4576 1949 4629 ita
2002 4583 2058 4629 et

473 4663 708 4730 Spiritus
731 4673 955 4716 sanctus
984 4664 1236 4718 stabilem
1279 4679 1342 4718 ac
1373 4666 1584 4718 lirtnam
1616 4667 1869 4720 virtutem
1903 4675 2055 4734 pote-

473 4753 702 4807 statibus
736 4753 1055 4808 cmlestibus
1097 4753 1358 4822 impertit.
1394 4753 1462 4807 Et
1487 4771 1675 4809 rursus
1703 4755 1807 4810 Job
1835 4773 1850 4810 :
1884 4752 2055 4820 Spiri-

474 4855 556 4896 tus
597 4843 832 4906 Domini,
879 4844 972 4912 qui
1010 4843 1131 4912 fecit
1173 4862 1253 4900 ms
1285 4849 1306 4881 ⁷
1343 4862 1356 4898 :
1389 4862 1497 4901 non
1541 4848 1609 4902 de
1648 4849 1944 4913 creatione,
1995 4855 2056 4902 ut

475 4936 731 5000 arbitror,
771 4937 867 4990 sed
902 4937 970 4990 de
1005 4937 1256 4993 humanm
1302 4939 1520 4993 virtutis
1563 4941 1897 5009 perfectione
1938 4941 2050 4994 dis-

475 5042 680 5084 serens.
716 5027 857 5094 Quin
892 5030 1055 5084 etiam
1093 5032 1316 5098 loquens
1359 5033 1525 5088 Isaias
1557 5048 1624 5086 ex
1659 5032 1872 5086 Domini
1928 5047 2054 5100 per-

474 5136 625 5179 sona,
667 5121 919 5176 videlicet
948 5125 1243 5176 secundum
1271 5124 1389 5190 ejus
1417 5124 1804 5179 humanitatem
1829 5140 1839 5173 :
1867 5123 2053 5178 Domi-

475 5229 593 5278 nus,
630 5210 826 5281 inquit,
862 5212 1005 5266 asisit
1038 5230 1137 5278 me,
1170 5223 1218 5266 et
1249 5212 1480 5281 Spiritus
1511 5215 1627 5282 ejus
1673 5211 1714 5268 '.
1746 5214 1814 5268 Et
1838 5229 2052 5268 rursum

473 5305 714 5374 Spiritus
772 5303 1034 5357 virtutem
1099 5305 1349 5359 universa
1409 5303 1713 5373 pervasisse
1773 5305 2054 5360 declarans

474 5396 713 5465 psalmus
742 5411 758 5450 :
787 5393 905 5460 Quo
952 5397 1059 5459 ibe,
1097 5395 1291 5462 inquit,
1326 5413 1358 5448 rt
1405 5395 1604 5464 Spiritu
1662 5406 1774 5462 tuo,
1815 5406 1861 5450 et
1891 5413 1996 5462 quo
2021 5414 2051 5449 a

476 5486 610 5554 {acie
650 5496 744 5538 tua
784 5485 984 5554 fugiam
1026 5484 1086 5536 ’ί
1116 5483 1492 5538 Bettelicentizn
1520 5496 1701 5539 autem
1747 5501 1866 5556 quin
1896 5488 1963 5542 ab
1989 5503 2054 5541 eo

547 5664 564 5731 ε
603 5665 705 5718 lsa.
743 5679 819 5731 νι,
853 5663 908 5717 5.
987 5665 1007 5694 ⁹
1030 5661 1191 5718 .loan.
1221 5680 1291 5729 Iv,
1323 5663 1414 5717 ει.
1495 5665 1513 5695 ³
1538 5663 1743 5720 Tltren.
1783 5681 1856 5728 tv,
1891 5668 1980 5722 ‘20.

2149 4589 2340 4644 ματος
2364 4573 2550 4628 αὐτοῦ
2579 4571 2748 4627 πᾶσα
2786 4573 2824 4639 ἠ
2850 4570 3102 4640 δύναμις
3125 4570 3343 4626 αὐτῶν.
3387 4571 3474 4634 Ὠς
3501 4571 3679 4624 τοίνυν
3716 4574 3747 4626 6

2153 4667 2286 4729 Θεὸς
2319 4667 2493 4734 Λόγος
2522 4663 2853 4735 δημιουργός
2884 4666 3001 4716 ἐστι
3037 4663 3145 4716 τῶν
3177 4663 3444 4736 οὐρανῶν,
3479 4662 3623 4716 οῦτω
3653 4665 3748 4716 καὶ

2153 4758 2215 4813 τὸ
2250 4757 2475 4828 Πνεῦμα
2509 4757 2570 4809 τὸ
2600 4757 2755 4824 ἀγιον
2781 4757 2844 4810 τὸ
2876 4757 3094 4828 στερεὸν
3124 4757 3219 4810 καὶ
3263 4757 3462 4825 πάγιον
3489 4757 3588 4828 τῆς
3616 4757 3746 4826 ἀρε-

2152 4851 2254 4921 τῆς
2391 4849 2686 4920 παρέχεται
2716 4851 2837 4913 ταῖς
2866 4850 3146 4921 οὐρανίαις
3178 4849 3460 4920 δυνάμεσι.
3500 4850 3608 4903 Kal
3638 4848 3743 4901 πά-

2155 4943 2236 4996 λιν
2265 4945 2294 4996 6
2328 4941 2446 4995 Ἰὼϐ
2470 4957 2484 4972 ⁸
2519 4941 2763 5011 Πνεῦμα
2811 4943 3034 5010 Κυρίου
3073 4942 3140 4996 τὸ
3180 4941 3452 5010 ποιῆσαν
3487 4958 3599 5011 με’
3644 4940 3747 4994 οὒκ

2154 5037 2249 5088 ἐπὶ
2292 5035 2393 5105 τῆς
2425 5034 2805 5106 δημιουργίας,
2851 5033 2926 5098 ὠς
2955 5029 3133 5104 οἶμαι,
3172 5035 3286 5088 ἀλλ’
3331 5035 3424 5088 ἐπὶ
3475 5035 3578 5106 τῆς
3608 5036 3753 5088 κατᾶ

2154 5127 2254 5198 τὴν
2303 5126 2647 5199 ἀνθρωπείαν
2701 5125 2904 5197 ἀρετὴν
2967 5124 3301 5189 τελειώσεως
3351 5126 3547 5196 λέγων.
3590 5127 3649 5180 '0
3696 5127 3756 5180 δὲ

2165 5221 2392 5283 Ἡσαΐας
2419 5222 2483 5272 ὲκ
2514 5217 2808 5290 προσώπου
2836 5217 3044 5288 Κυρίου
3075 5216 3480 5288 διαλεγόμενος,
3519 5218 3664 5272 κατά
3691 5219 3757 5270 τὸ

2154 5313 2494 5385 ἀνθρώπινον
2524 5309 2690 5365 αὑτοῦ
2719 5309 2983 5382 δηλονότι,
3027 5311 3245 5378 Κύριος
3275 5308 3628 5365 ἀπέσταλκέ
3651 5328 3754 5378 με,

2155 5407 2309 5478 φησὶ,
2370 5406 2483 5459 καὶ.
2504 5404 2568 5457 τὸ
2597 5402 2840 5472 Πνεῦμα
2872 5402 3084 5458 αὐτοῦ.
3121 5403 3234 5456 Kal
3269 5403 3430 5456 πάλιν
3459 5403 3487 5454 6
3513 5401 3754 5470 ψαλμὸς,

2155 5500 2222 5552 δι’
2265 5492 2402 5552 ὅλωτ)
2439 5495 2816 5566 κεχωρηκέναι
2862 5494 3092 5564 δύναμιν
3139 5495 3233 5548 τοῦ
3263 5495 3579 5566 Πνεύματος
3612 5511 3759 5558 παρ-

2061 5667 2305 5744 δμίῖοικ
2362 5687 2441 5736 ιιι,
2493 5669 2573 5723 l7.
2653 5668 2855 5727 'Joan.
2898 5688 3006 5735 xw,
3041 5675 3127 5731 16.
3207 5675 3226 5705 ⁸
3263 5677 3409 5733 Psal.
3464 5693 3644 5744 xxxii,
3703 5676 3759 5730 6.

480 5730 499 5760 ⁷
526 5729 626 5788 Job
654 5729 847 5797 sum,
874 5732 926 5788 4.
1005 5731 1148 5787 'lsa.
1173 5749 1374 5799 iiLVlll,
1413 5736 1496 5790 l6.
1576 5740 1595 5769 ’
1629 5734 1775 5792 Psal.
1809 5753 2080 5807 (χχιιι-ιιι,
2112 5739 2140 5789 7

2121 5757 2161 5794 ι.
