4082 6382
432 294 540 358 815

515 445 648 500 Εοιι.
685 441 907 498 Tertius
954 441 1144 498 ordine
1185 449 1240 494 et
1282 448 1514 501 natura,
1573 437 1753 494 Patris
1793 439 2010 507 quidem
2043 441 2081 492 Α

442 545 734 604 praecepto,
766 533 1083 604 operatione
1127 544 1256 584 vero
1289 531 1410 584 Filii
1449 530 1644 596 factus,
1683 531 1846 583 tertio
1890 530 2011 582 loco

443 631 776 692 honoratus,
821 635 1075 696 tanquam
1121 625 1211 693 qui
1249 624 1320 678 sit
1354 624 1586 692 primum
1609 662 1626 687 ,
1658 622 2012 690 omniumque

443 719 772 779 maximum,
823 727 878 772 et
909 715 1083 770 solum
1128 715 1438 783 linjusmodi
1478 713 1753 783 opificium
1807 710 2010 781 Unige-

399 847 408 856 .
443 811 561 869 niti.
595 809 794 863 deitate
821 823 886 863 ac
917 806 1135 862 creandi
1173 807 1408 875 potentia
1439 820 1654 860 carens.

511 899 636 954 Bas.
673 899 789 953 Hoc
818 898 910 966 qui
937 897 1101 961 dicit,
1139 909 1237 951 nec
1267 897 1523 951 deitatem
1552 897 1798 951 habitare
1824 897 1878 950 in
1909 911 2008 951 no-

443 989 524 1044 bis
563 991 770 1043 videtur
809 991 1055 1053 credere,
1109 990 1210 1043 etsi
1258 989 1325 1043 de
1375 988 1484 1043 Deo
1529 986 1766 1043 Joannes
1808 989 1942 1043 dicit
1991 1006 2007 1044 :

443 1078 525 1131 Ea:
555 1082 651 1132 hoc
683 1080 906 1144 scimus,
943 1082 1082 1150 quod
1111 1081 1164 1132 in
1198 1079 1345 1133 nobis
1379 1094 1451 1132 est
1471 1118 1486 1143 ,
1516 1095 1581 1133 ea:
1608 1077 1830 1147 Spiritu,
1857 1095 2011 1149 quem

441 1170 586 1222 nobis
614 1170 756 1222 dedit
799 1173 812 1200 ‘
849 1188 864 1236 ;
905 1169 1307 1236 etApostolus:
1341 1166 1570 1223 Nescitis
1601 1170 1740 1233 quod
1765 1169 2012 1235 temptant

445 1260 700 1326 Dciestis,
717 1271 762 1315 et
784 1259 1018 1328 Spiritus
1042 1260 1351 1314 Deiaabitat
1369 1261 1421 1314 in
1440 1260 1585 1314 vobis
1611 1262 1632 1292 ⁸
1658 1261 1680 1314 ?
1703 1269 1756 1314 et
1775 1275 1964 1314 rursus
1993 1276 2006 1313 :

441 1351 507 1405 In
536 1369 638 1422 quo
668 1353 836 1406 omnis
869 1352 1155 1416 azdiﬁcatio
1181 1361 1544 1422 coagmentata
1573 1353 1754 1406 crescit
1786 1353 1842 1404 in
1875 1361 2009 1404 tem-

439 1444 586 1512 plum
623 1455 863 1497 sanctum
896 1443 951 1496 in
995 1442 1241 1506 Domino,
1282 1445 1336 1496 in
1367 1458 1470 1511 quo
1515 1451 1562 1496 et
1579 1456 1680 1496 τοι
1711 1441 2010 1510 coaediﬁca-

441 1534 571 1587 mini
616 1535 671 1586 in
720 1533 1081 1588 habitaculum
1134 1533 1226 1586 Dei
1257 1534 1312 1585 in
1359 1531 1563 1602 Spiritu
1630 1531 1673 1588 ³.
1723 1531 1935 1601 Itaque,
1967 1531 2011 1585 si

408 1612 412 1616 ’
445 1625 589 1680 Deus
619 1627 676 1681 in
698 1626 860 1680 nobis
884 1640 978 1693 per
1009 1623 1272 1692 Spiritum
1305 1623 1553 1678 habitare
1579 1622 1800 1687 dicitur,
1834 1639 2017 1678 nonne

445 1715 728 1770 manifesta
758 1715 1015 1783 impietas
1047 1725 1151 1779 est,
1185 1713 1361 1782 ipsum
1394 1712 1658 1781 Spiritum
1686 1714 1871 1768 dicere
1898 1714 2014 1769 dei-

1671 294 2050 356 EUTIIYMII
2089 293 2452 356 ZIGABENI

3605 301 3712 364 816

3103 433 3283 505 φύσει,
3331 435 3716 507 προστάγματι

2129 527 2228 598 μὲν
2263 525 2357 580 τοῦ
2394 527 2640 599 Πατρὸς,
2676 527 2928 598 ἐνεργείᾳ
2973 526 3031 580 δὲ
3075 526 3171 580 τοῦ
3225 526 3357 580 Υίοῦ
3397 528 3714 600 γενόμενον,

2126 620 2280 691 τρίτῃ
2307 617 2464 690 χώρᾳ
2493 619 2822 690 τιμώμενον,
2854 619 2931 682 ὼς
2957 618 3173 690 πρῶτον
3197 619 3293 672 καὶ
3321 619 3508 689 μεῖζον
3535 619 3709 674 ἁπάν-

2127 729 2233 765 των
2253 753 2265 773 ,
2307 713 2404 766 καὶ
2457 713 2617 783 μόνον
2651 710 2890 766 τοιοῦτον
2939 711 3034 764 τοῦ
3084 712 3425 780 Μονογενοῦς
3470 711 3707 784 ποίημα,

2126 804 2377 874 θεότητος
2405 806 2497 858 καὶ
2527 804 2922 876 δημιουργικῆς
2943 804 3226 874 δυνάμεως
3251 803 3704 874 ἀπολειπόμενον.

2197 896 2344 948 ΒΑΣ.
2392 896 2448 949 '0
2476 895 2535 948 δὲ
2565 894 2723 948 τοῦτο
2757 894 2932 963 λέγων
2981 894 3127 948 ἔοικε
3164 895 3302 965 μηδὲ
3333 895 3432 966 τὴν
3477 895 3710 968 θεότητα

2126 988 2547 1043 πεπιστευκέναι
2578 990 2636 1042 ὲν
2675 990 2808 1059 ἡμῖν
2835 989 3004 1042 οἰκεῖν
3039 1019 3058 1050 ,
3197 989 3290 1042 τοῦ
3334 989 3582 1043 Ἰωάννου
3617 990 3711 1043 λέ-

2128 1099 2312 1150 γοντος
2349 1082 2475 1152 περὶ
2506 1080 2642 1135 Θεοῦ
2663 1097 2676 1110 °
2723 1081 2816 1134 Ἐκ
2849 1082 3063 1135 τούτου
3089 1080 3484 1151 γινώσκομεν,
3519 1083 3607 1136 ὅτι
3639 1083 3714 1136 ἐν

2128 1172 2272 1241 ἡμῖν
2298 1172 2502 1234 ἐστιν,
2535 1172 2603 1224 ἐκ
2644 1170 2751 1225 τοῦ
2803 1171 3152 1239 Πνεύματος
3201 1166 3275 1225 οὗ
3304 1170 3451 1240 ἡμῖν
3484 1170 3670 1224 ἔδωκε
3694 1187 3709 1200 ·

2129 1263 2222 1317 καὶ⁹
2268 1263 2363 1316 τοῦ
2418 1263 2777 1316 Ἀποστόλου·
2817 1263 2937 1315 Οὐκ
2982 1261 3204 1323 οἴδατε,
3245 1261 3332 1314 ὅτι
3370 1261 3518 1327 ναός
3559 1262 3713 1316 Θεοῦ

2128 1357 2286 1420 ἐστε,
2327 1358 2425 1410 καὶ
2455 1356 2522 1408 τὸ
2553 1356 2794 1425 Πνεῦμα
2827 1356 2932 1408 τοῦ
2971 1355 3118 1408 Θεοῦ
3134 1354 3283 1408 οἰκεῖ
3315 1356 3385 1408 ἐν
3405 1353 3580 1424 ὑμῆς
3616 1355 3709 1408 καὶ

2129 1451 2312 1504 πάλινο
2351 1452 2446 1503 Ἑν
2469 1448 2515 1514 ᾧ
2540 1451 2577 1518 ἡ
2599 1448 2766 1503 πᾶσα
2790 1447 3074 1516 οἰκοδομὴ
3096 1448 3712 1516 συναρμολογουμένη

2130 1544 2299 1607 αὔξει
2336 1545 2423 1608 εὶς
2466 1543 2617 1596 ναὸν
2661 1541 2833 1609 ἅγιον
2862 1541 2931 1594 ἐν
2963 1541 3190 1608 Κυρίῳ,
3223 1539 3292 1592 ἐν
3322 1532 3371 1604 ᾧ
3402 1540 3501 1592 καὶ
3540 1540 3714 1608 ὑμεῖς

2131 1633 2662 1702 συνοικοδομεῖσθε
2701 1637 2787 1698 εἰς
2819 1630 3276 1698 κατοικητήριον
3309 1629 3418 1683 τοῦ
3465 1629 3613 1682 Θεοῦ
3640 1630 3714 1681 ἐν

2132 1727 2448 1795 Πνεύματι.
2481 1727 2543 1778 Ei
2565 1725 2742 1777 τοίνυν
2773 1726 2830 1776 ὲν
2857 1724 2992 1793 ἡμῖν
3018 1723 3046 1774 ὁ
3066 1720 3197 1784 Θεὸς
3232 1722 3462 1773 ἐνοικεῖν
3492 1719 3714 1788 λέγεται

2197 435 2358 489 ΕΥΝ.
2391 434 2588 506 Τρίτον
2622 433 2772 500 τάξει
2810 434 2905 489 καὶ

443 1812 570 1867 tatis
601 1810 917 1866 exsortem?
949 1809 1035 1873 Et,
1060 1809 1104 1864 si
1127 1824 1221 1862 eos
1250 1809 1340 1876 qui
1373 1809 1574 1862 virtute
1603 1806 1828 1876 perfecti
1855 1818 2002 1872 sunt,

2131 1818 2218 1872 διὰ
2243 1819 2336 1872 τοῦ
2365 1817 2699 1888 Πνεύματος,
2730 1816 2846 1879 πῶς
2875 1815 2996 1884 οὐχὶ
3021 1815 3259 1885 φανερᾶς
3289 1813 3541 1876 ἀσεϐείας
3563 1814 3714 1865 ἐστὶν

443 1904 576 1958 deos
603 1902 970 1966 nominamus,
994 1900 1258 1970 perfectio
1280 1908 1464 1952 autem
1493 1907 1578 1953 est
1602 1914 1699 1968 per
1719 1896 2013 1967 Spiritum;

443 1993 714 2065 quomodo
744 1993 836 2061 qui
872 1990 1010 2046 alios
1040 1989 1205 2046 efﬁcit
1254 1991 1408 2058 deos,
1449 1990 1540 2046 ille
1567 1989 1684 2059 ipse
1725 1990 2018 2045 destitutus

445 2088 644 2143 deitate
667 2086 794 2142 est?
831 2085 944 2140 Nec
970 2099 1101 2139 vero
1133 2083 1281 2152 pium
1307 2083 1472 2138 fuerit
1499 2084 1698 2147 dicere,
1738 2093 1797 2137 ut
1831 2085 1882 2136 in
1918 2083 2017 2136 bo-

446 2177 704 2244 tninibus,
753 2175 826 2229 ita
852 2183 907 2230 et
935 2175 988 2227 in
1019 2174 1226 2241 Spiritu
1261 2173 1520 2228 deitatem
1550 2187 1673 2242 qua
1711 2173 2013 2242 participa-

445 2249 592 2324 tione
629 2267 896 2336 acquisita
935 2265 1026 2327 sit,
1062 2266 1345 2331 honorari,
1375 2279 1480 2318 non
1519 2274 1700 2318 autem
1731 2273 1924 2319 natura
1960 2267 2013 2321 ei

443 2369 774 2428 competere.
818 2359 921 2424 Qui
948 2357 1090 2411 enim
1140 2356 1285 2410 dono
1309 2354 1542 2410 efﬁcitur
1571 2355 1737 2419 Deus,
1777 2356 2014 2412 mutabi-

445 2454 509 2508 lis
536 2464 619 2508 est
648 2463 887 2516 naturai,
918 2464 1039 2519 qua:
1084 2463 1468 2516 nonnunquam
1499 2462 1596 2517 per
1626 2447 2010 2518 negligentiam

441 2561 471 2600 a
522 2544 768 2600 bonitate
800 2544 1040 2597 excidat.
1073 2541 1130 2596 ld
1175 2549 1355 2596 autem
1399 2549 1586 2610 aperte
1625 2541 1880 2596 salutaris
1912 2541 2010 2594 ba-

439 2637 622 2707 ptismi
651 2644 915 2706 repugnat
941 2632 1246 2688 traditioni.
1273 2632 1493 2697 Euam,
1523 2633 1722 2703 inquit,
1752 2632 2016 2700 baptizata

440 2732 496 2785 in
527 2729 734 2784 nomine
758 2725 963 2791 Patris,
994 2735 1042 2780 et
1073 2723 1120 2778 F
1125 2724 1230 2789 itii,
1262 2733 1311 2778 et
1340 2723 1577 2790 Spiritus
1611 2723 1784 2778 sancti
1821 2720 1845 2753 ⁵
1872 2759 1890 2776 .
1922 2720 2018 2778 Est

441 2819 587 2874 enim
624 2817 891 2884 baptisma
930 2815 1164 2886 sigillum
1203 2813 1359 2876 fidei,
1397 2813 1530 2867 fides
1580 2827 1710 2866 vero
1753 2825 2013 2866 assensus

443 2922 527 2966 est
583 2908 790 2964 dcitati.
863 2905 998 2961 Nam
1052 2905 1274 2961 credere
1321 2905 1470 2975 prius
1524 2913 1772 2973 Oportet,
1825 2904 2019 2959 deinde

444 3001 770 3072 baptismate
799 2999 1096 3067 obsignari.
1131 2995 1228 3050 Est
1268 3007 1448 3051 autem
1485 3007 1666 3051 noster
1715 2995 2017 3066 baptismus

450 3107 515 3145 cx
533 3090 742 3146 Domini
773 3088 1094 3152 traditione,
1117 3088 1168 3141 in
1187 3102 1383 3141 nomen
1402 3085 1596 3151 Patris,
1620 3095 1675 3142 et
1873 3087 2014 3152 Filii,

442 3194 498 3239 et
549 3182 783 3251 Spiritus
844 3180 1040 3246 sancti,
1109 3179 1252 3234 nulla
1295 3188 1566 3238 creatura.
1621 3191 1798 3245 neque
1854 3190 2017 3232 servo
2054 3177 2096 3233 C

445 3273 594 3327 Patri
635 3287 699 3326 ac
740 3269 881 3326 Filio
936 3269 1250 3339 conjuncta.
1289 3285 1410 3324 cum
1470 3269 1720 3322 dcitasiu
1749 3267 2017 3324 Triuitate

446 3365 806 3431 compleatur.
841 3362 974 3415 Nam
1009 3363 1269 3430 quidquid
1300 3370 1453 3414 extra
1484 3363 1579 3414 hos
1623 3369 1705 3414 est
1727 3399 1741 3422 ,
1771 3360 1824 3414 id
1850 3373 2014 3414 omne

447 3469 764 3508 conservum
793 3463 896 3516 est,
926 3453 1136 3506 etiamsi
1172 3454 1405 3505 tuaxime
1429 3451 1498 3505 ob
1523 3450 1844 3518 dignitatum
1875 3464 2012 3518 prte-

447 3548 700 3601 stantiam
733 3545 838 3598 alia
867 3545 987 3600 aliis
1011 3555 1427 3613 anteponantur.

2132 1909 2263 1964 αὐτὸ
2295 1909 2357 1962 τὸ
2383 1909 2606 1978 Πνεῦμα
2638 1908 2817 1975 λέγειν
2843 1905 3109 1976 ἀμέτοχον
3124 1905 3228 1974 τῆς
3258 1904 3545 1974 θεότητος;
3576 1905 3710 1965 Καὶ,

2131 2003 2183 2054 sl.
2209 2001 2364 2064 θεοὺς
2397 1998 2737 2070 ὀνομάζομεν
2764 1999 2890 2061 τοὺς
2916 1999 3036 2050 κατ’
3068 1994 3270 2066 ἀρετὴν
3301 1993 3562 2058 τελείους,
3594 1996 3627 2065 ἡ
3655 1994 3716 2048 δὲ

2131 2094 2406 2156 τελείωσις
2437 2092 2526 2146 διὰ
2565 2091 2658 2145 τοῦ
2697 2089 3045 2159 Πνεύματος,
3084 2088 3200 2152 πῶς
3233 2087 3295 2142 τὸ
3338 2087 3562 2158 ἑτέρους
3592 2087 3718 2140 θεοο

2131 2185 2316 2240 ποιοῦν
2347 2184 2484 2239 αὐτὸ
2522 2185 2621 2254 τῆς
2655 2183 2905 2253 Θεότητος
2950 2181 3339 2245 ἀπολείπεται;
3393 2179 3554 2232 Ἀλλά
3605 2178 3718 2250 μὴν

2131 2277 2253 2330 οὐδὲ
2281 2275 2525 2339 εὐσεϐὲς,
2569 2274 2755 2346 ὥσπερ
2795 2275 2889 2326 ἐπὶ
2916 2272 3027 2325 τῶν
3068 2272 3374 2344 ἀνθρώπων
3397 2314 3410 2337 ,
3441 2270 3586 2324 οὕτω
3618 2270 3718 2324 καὶ

2131 2370 2223 2422 ἐπὶ
2253 2367 2347 2422 τοῦ
2391 2365 2729 2438 Πνεύματος,
2768 2365 3036 2436 μεθεκτὴν
3063 2364 3244 2432 λέγειν
3276 2362 3571 2433 αὐτοῦ-τὴν
3601 2361 3719 2415 Θεό-

2131 2477 2271 2532 τητα
2291 2456 2614 2529 τετιμῆσθαι
2650 2489 2669 2517 τ
2805 2455 2900 2507 καὶ⁹
2922 2454 3044 2524 οὐχὶ
3073 2453 3232 2523 φύσει
3261 2452 3411 2523 αὑτῷ
3439 2450 3718 2523 συνυπάρ-
3767 2449 3773 2454 ’

2131 2569 2268 2626 χειν.
2311 2551 2370 2604 '0
2408 2550 2517 2621 γὰρ
2558 2548 2740 2619 χάριτι
2773 2545 3187 2616 θεοποιούμενος
3219 2545 3319 2613 τῆς
3354 2547 3718 2615 μεταπτωτῆς

2132 2643 2250 2696 ἔστι
2289 2641 2524 2710 φύσεως,
2564 2638 2621 2705 ἐξ
2660 2636 2991 2710 ἀπροσεξίας
3023 2637 3151 2689 ποτὲ
3189 2635 3285 2689 καὶ
3333 2633 3718 2708 ἀπορρεούσης

2132 2735 2226 2789 τοῦ
2265 2732 2592 2804 κρείττονος.
2639 2729 2810 2784 Τοῦτο
2843 2730 2902 2783 δὲ
2936 2728 3124 2798 σαφῶς
3165 2727 3394 2798 μάχεται
3431 2729 3497 2798 τῇ
3531 2741 3713 2796 παρα-

2131 2823 2388 2881 δόσειτοῦ
2410 2827 2675 2894 σωτηρίου
2701 2822 3091 2892 βαπτίσματος.
3118 2819 3530 2888 Πΰρευθέντες,
3557 2816 3715 2888 φησὶ,

2131 2914 2441 2983 βαπτίζετε
2463 2917 2551 2980 είς
2573 2912 2638 2967 τὸ
2666 2913 2852 2981 ὄνομα
2873 2911 2980 2966 τοῦ
3009 2911 3260 2977 Πατρός,
3287 2911 3383 2963 καὶ
3411 2909 3517 2963 τοῦ
3553 2909 3713 2971 Υίοῦ,

2133 3007 2231 3060 καὶ
2268 3007 2375 3061 τοῦ
2418 3006 2592 3074 ἁγίου
2638 3003 3007 3072 Πνεύματος.
3190 3001 3345 3052 Ἔστι
3372 2999 3482 3068 γὰρ
3510 2999 3572 3051 τὸ
3620 2998 3719 3067 βά.-

2133 3114 2344 3166 πτισμα
2387 3095 2623 3166 σφραγὶς
2659 3095 2758 3165 τῆς
2787 3094 3040 3158 πίστεως,
3081 3093 3115 3160 ἡ
3148 3091 3205 3144 δὲ
3244 3091 3424 3152 πίστις
3463 3089 3718 3159 θεότητος

2134 3187 2550 3259 συγκατάθεσις.
2585 3183 2880 3239 Πιστεῦσαι
2907 3183 3016 3254 γὰρ
3046 3183 3126 3236 δεῖ
3165 3183 3447 3253 πρότερον,
3478 3178 3596 3234 εἶτα
3635 3181 3719 3251 τῷ

2137 3279 2472 3350 βαπτίσματι
2503 3273 3024 3349 ἐπισφραγίσασθαι.
3061 3272 3135 3326 Τὸ
3159 3273 3214 3325 δὲ
3243 3271 3527 3342 βάπτισμα
3559 3270 3719 3340 ἡμῶν

2134 3373 2252 3424 ἐστι
2284 3370 2425 3424 κατὰ
2461 3371 2561 3442 τὴν
2591 3368 2686 3423 τοῦ
2857 3367 3063 3438 Κυρίου
3090 3363 3408 3435 παράδοσιν,
3438 3363 3518 3425 είς
3547 3361 3719 3430 όνομα

2135 3465 2350 3535 Πατρός
2412 3463 2505 3518 καὶ
2558 3461 2690 3517 Υἱοῦ
2749 3462 2845 3514 καὶ
2892 3459 3050 3528 ἁγίου
3101 3455 3451 3525 Ιινεύματος·
3502 3450 3716 3508 οὐδενὸς

2135 3559 2455 3628 κτίσματος,
2489 3556 2610 3609 οὐδὲ
2641 3553 2826 3606 δούλου
2858 3551 3030 3619 Πατρὶ
3061 3551 3156 3602 καὶ
3198 3545 3312 3628 Υίῴ
3348 3537 3718 3628 συντεταγμέ-

446 3653 556 3698 νου.
585 3637 663 3701 ὡς
700 3639 800 3708 τῆς
851 3640 1104 3710 θεότητος
1161 3639 1220 3692 ἐν
1256 3639 1448 3710 Τριάδι
1485 3637 2010 3708 συμπληρουμένης.
2051 3635 2127 3688 Τδ
2151 3635 2210 3688 δὲ
2241 3619 2347 3702 ἔξω
2381 3634 2591 3689 τούτων
2619 3629 2909 3698 ὁμόδουλον
2955 3630 3101 3683 ἀπαν
3153 3625 3301 3691 ἐστὶ,
3355 3621 3461 3676 κᾶν
3491 3620 3560 3674 τά
3614 3619 3728 3688 μά·-

447 3743 600 3791 itura
641 3737 970 3807 ὑπερϐολαῖς
1001 3737 1332 3807 ἀξιωμάτων
1366 3736 1502 3790 ἄλλα
1537 3735 1715 3790 ἀλλων
1749 3734 2200 3805 προτετιμημένα
2237 3732 2486 3802 τυγχάνῃ

516 3829 626 3886 Nec
683 3831 815 3887 mihi
855 3847 1048 3887 rursus
1099 3832 1366 3904 sapientia
1402 3829 1496 3885 illa
1531 3831 1697 3883 verba
1735 3829 1970 3898 objicias
2007 3845 2020 3881 :

447 3922 581 3979 Eun.
639 3923 694 3978 Si
747 3935 998 3980 creatura
1060 3942 1167 3980 non
1221 3933 1325 3987 est,
1383 3924 1550 3993 igitur
1607 3924 1860 3994 genitura
1932 3928 2027 3974 aut

457 4013 752 4088 ingenitus.
801 4013 954 4068 Unus
985 4022 1167 4068 autem
1212 4010 1357 4067 Deus
1395 4019 1480 4066 est
1523 4007 1793 4079 principio
1828 4021 2023 4060 carens

455 4118 620 4177 atque
645 4105 960 4174 .ingenitus.
1007 4103 1192 4172 Neque
1228 4117 1357 4157 vero
1402 4101 1650 4171 genitura
1682 4111 1787 4155 est.
1833 4099 2024 4154 Restat

455 4212 585 4267 ergo
605 4208 666 4251 ut
689 4195 804 4266 ipse
833 4205 1083 4251 creatura
1119 4195 1440 4262 facturaque
1475 4191 1804 4246 nominetur.

527 4286 652 4344 Bas.
701 4287 815 4356 Ego
858 4301 1020 4354 vero,
1048 4285 1093 4340 si
1145 4293 1338 4340 cuncta
1377 4283 1677 4353 iudicarem
1721 4283 2030 4350 cognitione

460 4387 638 4432 nostra
690 4377 1071 4448 comprehendi
1131 4391 1311 4446 posse,
1367 4391 1452 4430 me
1511 4376 1759 4430 fortasse
1799 4377 2033 4443 puderet

461 4465 823 4532 ignorantiam
860 4467 1128 4520 conﬁteri.
1167 4465 1318 4520 Nunc
1353 4476 1535 4520 autem
1570 4466 1884 4530 innumera,
1921 4483 2027 4521 nou

2206 3825 2315 3878 Καὶ
2347 3825 2420 3891 μή
2461 3839 2554 3891 μοι
2581 3820 2746 3875 πάλιν
2779 3817 2851 3872 τὰ
2879 3818 3019 3885 σοφά
3051 3815 3246 3868 ταῦτα’

2202 3916 2366 3972 ΕΥΝ.
2406 3913 2540 3969 Ἐὰν
2583 3914 2658 3982 μὴ
2689 3910 2897 3979 κτίσμα
2924 3909 3096 3971 ἐστὶν,
3150 3905 3350 3960 οὐκοῦν
3378 3905 3649 3974 γέννημα,
3680 3901 3722 3973 ἡ

2129 4002 2449 4074 ἀγέννητον.
2622 3995 2717 4064 Εἷς
2744 4000 2801 4053 δὲ
2830 4001 3064 4071 ἄναρχος
3094 3997 3225 4060 Θεδς
3265 3995 3360 4051 καὶ
3389 3996 3709 4066 ἀγέννητος.

2132 4091 2266 4146 Οὔτε
2299 4092 2404 4163 μὴν
2433 4092 2700 4162 γέννημα.
2727 4089 2987 4142 Λείπεται
3018 4083 3111 4142 οὖν
3137 4086 3342 4156 κτίσμα
3372 4088 3467 4142 καὶ
3493 4087 3712 4157 ποίημα

2130 4183 2262 4237 αὐτὸ
2289 4182 2670 4254 ὀνομάζεσθαι.

2199 4289 2348 4342 ΒΑΣ.
2400 4286 2540 4355 Ἐγὼ
2584 4287 2663 4351 δὲ,
2707 4289 2754 4338 εξ
2808 4285 2907 4356 μὲν
2953 4283 3132 4338 πάντα
3174 4281 3504 4353 διωριζόμην
3539 4297 3712 4334 κατα·

2129 4379 2312 4450 ληπτά
2344 4378 2502 4451 ἡμῶν
2524 4375 2662 4432 εἶναι
2689 4381 2754 4448 τῇ
2782 4374 3001 4444 γνώσει,
3036 4373 3308 4454 ᾐσχύνθην
3335 4372 3401 4427 ἀν
3430 4372 3558 4433 ἴσως
3584 4373 3716 4441 ὁμο-

2129 4471 2356 4542 λογῆσαι
2406 4472 2503 4539 τὴν
2539 4472 2796 4539 ἄγνοιανο
2843 4466 2938 4521 νῦν
2968 4467 3024 4519 δὲ
3062 4465 3231 4537 μυρία
3414 4465 3474 4516 οὐ
3509 4464 3616 4516 τῶν
3655 4466 3715 4516 ὲν

457 4557 630 4612 solum
668 4574 735 4613 ex
766 4558 831 4613 iis
858 4573 977 4626 quae
1006 4559 1162 4614 nobis
1195 4559 1249 4612 in
1279 4557 1462 4612 futuro
1489 4557 1691 4612 sarculo
1727 4557 2021 4612 recondun-

2130 4562 2204 4633 τῷ
2231 4564 2476 4633 μέλλοντι
2501 4563 2660 4615 αἰῶνι
2680 4558 3059 4629 ἀποκειμένων
3080 4559 3214 4628 ἡμῖν
3247 4557 3426 4628 μόνον,
3451 4553 3574 4608 οὒτε
3602 4554 3714 4608 τῶν

460 4659 568 4716 tur,
601 4659 656 4704 et
680 4664 746 4706 ex
786 4649 852 4705 iis
885 4664 1005 4721 qua:
1040 4665 1181 4706 nunc
1212 4650 1263 4704 in
1304 4648 1458 4704 caelis
1498 4657 1644 4711 sunt,
1682 4648 1849 4703 latent
1892 4663 2028 4703 nos:

457 4744 553 4797 sed
583 4756 762 4813 neque
797 4758 858 4797 ea
907 4757 1027 4812 quae
1057 4742 1110 4796 in
1146 4750 1338 4797 nostro
1372 4755 1598 4811 corpore
1631 4740 1856 4803 insunt,
1888 4741 2033 4794 clare

460 4849 523 4888 ac
565 4835 847 4891 evidenter
879 4835 1414 4904 comprehendimus.
1465 4833 1708 4903 Exempli
1755 4846 1920 4887 causa
1968 4832 2033 4886 de

459 4926 608 4989 visu,
651 4934 867 4993 utrum,
893 4927 1019 4980 dum
1054 4941 1234 4980 rerum
1270 4925 1562 4980 visibilium
1596 4924 1864 4993 susceptis
1899 4922 2033 4976 ima-

460 5015 706 5086 ginibus,
741 5017 812 5069 ita
845 5017 1061 5070 deruunt
1094 5016 1306 5084 objecta
1343 5016 1708 5085 percipiamus
1753 5033 1766 5068 :
1803 5023 1858 5067 et
1901 5028 2034 5080 quo-

461 5108 621 5164 modo
659 5108 1017 5162 maximorum
1069 5109 1328 5162 montium
1350 5148 1367 5172 ,
1401 5108 1790 5174 immensueque
1815 5118 2032 5168 deme,

460 5211 514 5254 et
541 5199 734 5254 infiniti
768 5201 972 5266 maris,
1007 5216 1071 5255 ac
1115 5185 1238 5254 c'aeti
1285 5201 1457 5268 ipsius
1501 5200 1682 5270 imago
1728 5199 1780 5251 iu
1837 5199 2029 5268 exigua

463 5303 660 5347 nostra:
702 5291 916 5360 pupillae
960 5306 1214 5346 mensura
1263 5292 1660 5346 contineatur:
1715 5304 1782 5341 an
1829 5305 1950 5342 cum
2002 5308 2028 5339 ει

463 5384 616 5439 nobis
647 5384 920 5454 quidpiam
953 5383 1277 5448 emittimus,
1317 5383 1476 5451 idque
1507 5381 1573 5436 ad
1608 5381 1845 5434 visibilia
1869 5396 2027 5434 acce-

463 5474 555 5539 dit,
591 5474 668 5528 sic
699 5473 897 5527 cadant
925 5476 1023 5526 sub
1051 5487 1270 5526 sensum
1307 5480 1398 5524 :et
1425 5472 1552 5539 quid
1581 5473 1630 5524 id
1665 5471 1736 5523 sit
1767 5479 1821 5524 et
1855 5486 2028 5539 quan-

465 5572 609 5628 tum;
641 5563 776 5617 adeo
809 5572 866 5614 ut
899 5576 1197 5630 expansum
1228 5558 1456 5614 sufﬁciat
1485 5571 1642 5614 tet-ur
1670 5561 1937 5630 marique,
1971 5577 2032 5614 ac

2131 4654 2226 4707 νῦν
2260 4654 2429 4708 ὄντων
2462 4655 2519 4706 ὲν
2548 4655 2659 4715 τοῖς
2692 4653 2941 4722 οὐρανοῖς
2975 4650 3413 4718 ἀποκέκρυπται,
3443 4647 3556 4699 ἀλλ’
3588 4643 3716 4698 οὕτε

2128 4745 2236 4798 τῶν
2265 4745 2617 4814 ὑπαρχόντων
2648 4745 2778 4813 ἡμῖν
2808 4744 2865 4796 ὲν
2895 4741 2972 4812 τῷ
3004 4740 3214 4808 σώματι
3236 4738 3406 4809 τρανὴ
3431 4738 3525 4792 καὶ
3555 4738 3715 4790 ἀναν-

2128 4837 2386 4908 τίρρητός
2420 4837 2568 4888 ἐστιν
2615 4836 2649 4904 ἠ
2697 4832 3024 4902 κατάληψις.
3060 4826 3185 4885 Οἷον
3223 4829 3416 4901 ἀμέλει
3449 4829 3577 4900 περὶ
3613 4826 3712 4894 τῆς

2129 4929 2324 4998 ὂψεως,
2344 4926 2572 4998 πότερον
2603 4926 2970 4996 εἰσδεχόμενοι
2991 4923 3091 4986 τάς
3113 4922 3325 4985 εἰκόνας
3353 4920 3460 4973 τῶν
3482 4916 3712 4990 ὁρατῶν,

2129 5021 2270 5073 οὕτω
2313 5020 2410 5082 τὰς
2451 5017 2766 5090 ἀντιλήψεις
2808 5015 3142 5086 ποιούμεθα·
3178 5014 3272 5067 καὶ
3307 5012 3425 5075 πῶς
3471 5010 3613 5081 ὁρῶν
3656 5025 3719 5061 τε

2133 5110 2526 5182 παμμεγεθιῖνι,
2561 5111 2667 5181 γῆς
2692 5126 2751 5162 τε
2773 5109 3027 5172 ἀπλέτου,
3051 5107 3144 5160 καὶ
3165 5105 3391 5176 ἀπείρου
3417 5102 3720 5171 Θαλάσσης,

2132 5205 2212 5256 ἔτι
2241 5204 2298 5256 δὲ
2466 5203 2561 5256 καὶ
2591 5201 2755 5256 αὑτοῦ
2784 5200 2878 5254 τοῦ
2905 5197 3136 5270 οὐρανοῦ
3165 5201 3198 5270 ἡ
3231 5195 3395 5250 εἰκὼν
3419 5194 3497 5265 τῷ
3525 5194 3724 5264 βραχεῖ

2137 5295 2321 5366 μέτρῳ
2353 5294 2453 5364 τῆς
2486 5295 2656 5365 κόρης
2687 5294 2843 5364 ἡμῶν
2877 5291 3215 5364 περιέχεταιο
3258 5289 3291 5358 ἢ
3339 5285 3723 5357 ὲκπέμποντές

2133 5407 2183 5443 τι
2235 5390 2364 5459 παρ’
2417 5385 2647 5450 ἑαυτῶν,
2704 5382 2797 5436 καὶ
2846 5380 3315 5454 προσπελάζοντος
3369 5379 3556 5433 τούτου
3607 5378 3723 5440 τοῖς

2133 5480 2370 5549 ὁρατοῖς,
2420 5477 2592 5540 οὕτως
2637 5475 2815 5530 αὐτῶν
2852 5476 2951 5544 τὴν
2985 5474 3237 5546 αἴσθησιν
3270 5472 3487 5542 ἔχομεν,
3534 5469 3626 5522 καὶ
3669 5468 3724 5521 τί

2135 5574 2250 5623 ἐστι
2279 5571 2436 5624 τοῦτο
2463 5570 2555 5621 καὶ
2585 5569 2770 5634 πόσον,
2804 5567 2942 5620 ὥστε
2973 5571 3042 5637 γῇ
3072 5569 3165 5621 καὶ
3194 5566 3437 5636 θαλάσσῃ
3469 5563 3724 5634 ἐξαρκεῖν

539 5753 555 5783 ¹
584 5755 601 5804 l
630 5753 786 5808 Jaan.
830 5771 914 5818 ιιι,
944 5757 1035 5812 Ἡ.
1070 5760 1088 5787 ⁸
1117 5755 1135 5809 l
1169 5757 1294 5813 Cur.
1325 5772 1403 5825 tu,
1441 5755 1525 5812 16.
1605 5758 1623 5789 ³
1667 5754 1865 5825 Ephcs.
1908 5758 2021 5822 ",9

2137 5757 2225 5809 Ἡ.
2309 5757 2328 5787 ⁸
2359 5757 2549 5810 Matth.
2583 5771 2766 5815 XXVIII,
2819 5757 2903 5813 19.
