4082 6392
299 324 408 391 817

1221 320 1600 386 PANOPLIA
1645 320 2106 383 DOGMATICA.
2136 346 2204 358 —
2230 319 2376 382 TIT.
2416 318 2552 383 XII.

3451 317 3561 382 818

304 453 741 526 ὲφαπλούμενον,
781 453 876 508 καὶ
921 455 1095 526 περᾷν
1141 452 1240 525 μὲν
1283 452 1385 506 τὸν
1424 453 1628 525 μεταξὺ
1661 453 1766 524 γῆς
1799 454 1892 508 καὶ

1998 466 2157 505 ocum
2199 450 2339 506 inter
2384 459 2584 504 terram
2636 456 2692 505 et
2734 448 2929 506 uelum
2972 450 3401 507 intercedentem
3455 469 3549 522 pe-

305 546 537 618 ούρανοῦ
570 546 756 613 τόπον,
788 542 940 614 αύτῷ
968 561 1028 597 τε
1064 543 1423 615 προσϐάλλειν
1451 544 1530 616 τῷ
1559 544 1774 617 οὐρανῷ
1804 563 1894 599 το-

310 638 483 709 σούτῳ
507 638 662 709 τάχει
683 636 1024 708 κινούμενον,
1056 634 1196 690 ὥστε
1219 639 1276 689 tv
1303 636 1403 707 ἴσῳ
1426 636 1603 709 χρόνῳ
1628 637 1690 690 τό
1713 655 1770 690 τε
1800 655 1896 690 πε-

313 728 621 801 ρικείμενον
650 729 811 800 σῶμα
834 769 849 794 ,
884 728 1133 791 καὶτοὺς
1173 730 1231 780 tv
1272 727 1484 799 οὐρανῷ
1523 728 1759 802 ἀστέρας
1797 745 1896 780 κα-

310 820 771 891 ταμανθάνεσθαι.
806 820 915 873 Καὶ
940 820 992 873 τί
1022 819 1104 873 δεῖ
1129 819 1297 874 τᾶλλα
1331 819 1508 888 λέγειν
1551 836 1567 884 ;
1736 818 1894 872 Ἀλλὰ

311 914 451 966 αὐτὰ
477 911 547 965 τά
572 911 667 966 τοῦ
714 911 806 966 νοῦ
848 913 1146 984 κινήματα,
1194 911 1423 983 πότερον
1462 909 1727 981 κτίζεινῆ
1768 927 1893 979 γεν-

311 1007 405 1075 νᾷν
433 1004 678 1073 πέφυκεν
723 1006 756 1075 ἠ
786 1003 963 1075 ψυχὴ,
994 1003 1076 1068 τίς
1109 1003 1175 1057 ἂν
1208 1002 1453 1074 ἀκριϐῶς
1486 1003 1660 1067 tinet;
1695 1001 1760 1053 Τί
1800 995 1894 1055 οὖν

312 1093 627 1165 θαυμαστὸν
670 1095 766 1148 καὶ
815 1094 1070 1166 περὶτοῦ
1113 1094 1271 1164 ἁγίου
1310 1093 1625 1165 Πνεύματος
1670 1095 1896 1147 ἀνεπαι-

314 1186 557 1257 σχύντως
589 1188 739 1259 ἡμᾶς
787 1187 885 1258 τὴν
936 1187 1157 1256 ἄγνοιαν
1204 1185 1524 1256 ὀμολογεῖν;
1574 1185 1672 1255 τὴν
1714 1185 1895 1255 μέντοι

312 1280 725 1351 ἁναντιρρήτως
768 1277 916 1350 αὐτῷ
955 1279 1554 1351 προσμαρτυρουμένην
1591 1276 1896 1345 δοξολογίαν

312 1372 661 1437 ἀποδιδόναι;
702 1373 821 1426 Ὅτι
869 1373 968 1442 μὲν
1016 1372 1125 1442 γὰρ
1169 1371 1311 1442 ὑπὲρ
1360 1370 1458 1442 τὴν
1501 1371 1678 1424 κτίσιν
1726 1368 1895 1430 ἐστὶν,

314 1460 517 1525 ἱκανῶς
550 1464 683 1532 ἡμῖν
716 1462 1008 1533 παρίστησι
1042 1463 1112 1516 τά
1140 1462 1228 1516 διὰ
1259 1462 1367 1516 τῶν
1400 1462 1633 1534 Γραφῶν
1666 1461 1895 1533 παραδι-

318 1553 519 1623 δόμενα
571 1584 589 1611 .
739 1554 924 1624 ἐπειδή
978 1572 1043 1623 γε
1090 1555 1350 1610 ἀδύνατον
1396 1553 1497 1624 τῆς
1545 1553 1714 1625 αὐτῆς
1759 1548 1899 1606 εἶναι

318 1644 539 1714 φύσεως
570 1645 630 1698 τό
662 1663 722 1698 τε
758 1645 981 1714 ἁγιάζον
1025 1646 1120 1700 καὶ
1159 1646 1228 1701 τὰ
1258 1644 1617 1715 ἀγιαζόμενα,
1661 1643 1721 1697 τὺ
1752 1643 1899 1699 διδά-

320 1750 449 1787 σκον
489 1736 584 1788 καὶ
630 1734 698 1788 τὰ
745 1736 1130 1807 διδασκόμενα,
1172 1735 1234 1789 τὸ
1265 1734 1648 1790 ἀποκαλύπτον
1696 1735 1791 1788 καὶ
1831 1733 1900 1787 τὰ

318 1824 416 1893 τῆς
442 1823 842 1894 ἀποκαλύψεως
868 1798 1258 1896 προσδεόμενα.
1301 1824 1616 1895 Ἀγέννητον
1644 1823 1700 1876 δὲ
1725 1822 1898 1885 οὐδεὶς
1930 1798 1968 1852 Β

316 1913 488 1977 οὕτως
516 1914 621 1979 ἔξω
654 1915 932 1980 παντελῶς
964 1918 1081 1969 ὲστι
1121 1915 1215 1969 τοῦ
1251 1918 1487 1986 φρονεῖν,
1522 1914 1661 1968 ὥστε
1692 1915 1896 1986 τολμῆ-

318 2022 408 2059 σαι
438 2006 626 2077 ἕτερον
655 2007 795 2077 πλὴν
821 2006 915 2060 τοῦ
950 2006 1083 2060 Θεοῦ
1118 2007 1225 2061 τῶν
1255 2007 1390 2060 ὅλων
1427 2007 1900 2078 προσαγορεῦσαι,

313 2096 453 2149 ἀλλὰ
484 2098 591 2169 μὴν
628 2098 749 2151 οὐδὲ
785 2098 932 2164 Υίὸν,
964 2098 1041 2171 τῷ
1068 2098 1165 2151 ἕνα
1192 2094 1331 2152 εἶναι
1366 2098 1458 2151 τὸν
1497 2098 1802 2167 Μονογενῆ.
1832 2098 1897 2150 Τί

310 2182 413 2240 οὖν
436 2187 568 2240 αὐτὸ
590 2188 695 2258 χρὴ
721 2186 905 2241 καλεῖν
950 2206 969 2255 ;
1101 2187 1327 2258 Πνεῦμα
1344 2191 1520 2258 ἇγιον,
1548 2189 1642 2242 καὶ
1672 2187 1899 2258 Πνεῦμα

309 2276 474 2341 Θεοῦ,
521 2277 614 2330 καὶ
646 2277 873 2347 Πνεῦμα
918 2276 1198 2348 ἀληθείας,
1239 2277 1698 2348 ἀποστελλόμενον
1746 2275 1899 2348 παρὰ

307 2367 471 2431 Θεοῦ,
498 2367 585 2421 διά
618 2366 744 2420 Υἱοῦ
776 2356 1202 2439 χορηγούμενον,
1235 2368 1295 2421 οὐ
1340 2367 1544 2431 δοῦλον,
1574 2366 1687 2421 ἀλλ’
1718 2368 1897 2434 ἅγιον,

305 2458 538 2526 ἀγαθὸν.
595 2458 918 2529 ἡγεμονικόν
945 2476 958 2489 ·
1018 2458 1244 2529 Πνεῦμα
1299 2457 1617 2523 ζωοποιοῦν,
1670 2456 1896 2528 Πνεῦμα

309 2550 608 2613 υἱοθεσίας,
641 2550 1001 2619 ἐπιστάμενον
1027 2550 1207 2603 πάντα
1237 2550 1307 2604 τά
1333 2548 1429 2603 τοῦ
1461 2549 1618 2605 Θεοῦ.
1645 2548 1802 2603 Οὕτω
1829 2548 1895 2620 δὴ

308 2646 405 2698 καὶ
444 2646 503 2697 tv
689 2647 755 2714 τῇ
800 2642 989 2714 Τριάδι
1031 2645 1060 2696 ὁ
1088 2643 1188 2713 τῆς
1233 2643 1459 2714 μονάδος
1497 2639 1896 2714 διασωθήσέται

304 2736 488 2804 λόγος,
520 2736 617 2789 ἕνα
648 2735 747 2805 μὲν
780 2735 1002 2806 Πατέρα
1028 2735 1456 2806 ὁμολογούντων,
1486 2735 1582 2789 καὶ
1608 2736 1705 2789 ἕνα
1738 2734 1894 2802 Υἰδν,

311 2827 408 2879 καὶ
437 2824 496 2878 ἓν
528 2824 752 2895 Πνεῦμα
785 2824 962 2892 ἅγιον.
1440 2882 1448 2888 ,

474 2918 774 2987 Κομίζουσι
801 2917 859 2970 δὲ
883 2915 1210 2981 ἀποδείξεις,
1246 2913 1384 2985 πρὸς
1413 2914 1478 2968 τὸ
1507 2914 1716 2984 κτίσμα
1743 2913 1895 2986 εἰρῆ-

313 3009 442 3062 σθαι
470 3009 531 3060 τὸ
562 3008 785 3078 Πνεῦμα
808 3007 868 3060 τὺ
894 3007 1070 3076 ἅγιον,
1098 3006 1226 3077 μίαν
1272 3007 1369 3077 μὲν
1401 3008 1467 3058 ὲκ
1491 3006 1585 3059 τοῦ
1614 3005 1893 3077 προφήτου

313 3097 589 3165 λέγοντος·
622 3096 676 3149 Ὁ
702 3095 964 3164 στερεῶν
975 3097 1267 3164 βροντὴν,
1290 3094 1391 3149 καὶ
1408 3093 1617 3154 κτίζων
1638 3093 1891 3163 πνεῦμα⁶

1981 561 2189 615 netret,
2226 550 2334 603 imo
2379 550 2447 603 ad
2481 549 2656 617 ipsqu
2688 548 2885 602 caelum
2934 550 3254 618 perveniat,
3292 560 3554 619 tantaque

1981 649 2262 695 moveatur
2290 640 2602 707 celeritate,
2637 648 2697 692 ut
2729 638 2928 709 aequali
2984 651 3231 707 tempore
3264 649 3320 695 et
3352 657 3554 710 corpus

1982 731 2444 798 circumpositum,
2468 739 2525 784 et
2551 728 2718 784 stella:
2751 744 2871 799 quae
2911 729 2962 781 in
2996 728 3137 783 cazlo
3173 740 3553 800 sunt,.cogno-

1982 833 2226 878 scantur.
2261 823 2326 877 Et
2356 822 2486 892 quid
2529 820 2725 874 attinet
2756 820 2963 889 reliqua
2996 821 3211 875 dicere?
3252 820 3363 875 lino
3411 824 3577 890 ipsos.

1984 915 2181 968 mentis
2208 923 2383 967 motus
2413 927 2600 967 creare
2626 927 2693 965 an
2721 924 2979 983 generare
3004 911 3177 965 soleat
3215 913 3559 982 anima,quis

1984 1013 2133 1059 certo
2167 1004 2357 1058 dicat?
2385 1002 2523 1070 Quid
2560 1004 2728 1071 igitur
2768 1003 2889 1057 miri
2941 1002 3125 1067 fuerit,
3158 1004 3204 1057 si
3241 1018 3457 1071 quoque
3491 1006 3557 1058 de

1985 1096 2187 1164 Spiritu
2214 1104 2404 1151 sancto
2438 1096 2576 1150 citra
2610 1095 2867 1149 ruborem
2897 1095 3262 1163 ignorantiam
3292 1097 3558 1149 conﬁten-

1984 1202 2128 1251 mur,
2164 1198 2217 1241 et
2249 1197 2429 1241 tamen
2460 1186 2914 1258 gloriﬁcationem
2939 1226 2953 1249 ,
2984 1202 3104 1255 qua:
3154 1186 3203 1238 ci
3247 1188 3579 1241 testimonio.

1985 1278 2186 1332 invicto
2237 1278 2515 1343 tribuitur,
2566 1278 2983 1347 persolvamus?
3037 1278 3247 1332 Etenim
3300 1294 3418 1348 quae
3464 1295 3558 1347 per

1987 1374 2299 1444 Scripturas
2378 1378 2688 1437 traduntur,
2755 1388 2819 1427 ea
2880 1372 3057 1441 ipsum
3127 1386 3290 1439 supra
3344 1380 3561 1424 creatu-

1986 1482 2103 1523 ram
2134 1482 2255 1523 esse
2289 1468 2424 1523 satis
2472 1468 2625 1523 nobis
2669 1468 3083 1527 demonstrant,
3116 1463 3555 1532 quandoquidem

1989 1557 2106 1614 ﬁeri
2147 1573 2255 1614 non
2286 1566 2481 1629 potest,
2534 1565 2606 1614 ut.
2633 1556 2685 1611 id
2718 1558 2862 1625 quod
2892 1554 3221 1617 sanctiﬁcat,
3249 1562 3304 1606 et
3348 1569 3409 1608 ea
3442 1570 3561 1621 qua-

1991 1652 2422 1715 sanctiticantur,
2455 1651 2504 1704 id
2536 1651 2680 1720 quod
2710 1651 2915 1712 docet,
2936 1657 2991 1701 et
3022 1662 3085 1702 ea
3125 1662 3246 1716 qua:
3280 1647 3584 1710 ducentum,

1995 1745 2048 1800 id
2078 1743 2220 1813 quod
2264 1742 2489 1807 revelat,
2535 1751 2589 1796 et
2618 1756 2688 1795 ea
2732 1757 2852 1810 qua:
2910 1738 3239 1813 revelatione
3300 1739 3577 1808 indigent,

1995 1835 2235 1904 ejusdem
2286 1835 2395 1888 sint
2448 1844 2677 1888 naturae.
2742 1831 2911 1885 Nemo
2968 1839 3148 1885 autem
3202 1830 3283 1885 sic
3338 1846 3566 1901 prorsus

1992 1928 2215 1981 demens
2265 1937 2374 1990 est,
2421 1925 2686 1990 utalium
2731 1934 2931 1992 praeter
2975 1923 3141 1978 Deum
3182 1924 3563 1976 universorum

1992 2020 2188 2073 audeat
2245 2018 2541 2087 ingenitum
2596 2016 2905 2085 appellare,
2978 2023 3032 2068 at
3100 2029 3275 2083 neque
3333 2014 3563 2077 Filium,

1992 2110 2135 2178 quod
2182 2124 2319 2163 unus
2362 2108 2434 2161 sit
2486 2106 2825 2177 Unigenitus.
2885 2106 3166 2173 Quomodo
3215 2106 3380 2174 igitur
3440 2122 3576 2160 eum

1993 2201 2173 2254 vocari
2222 2200 2472 2270 oportet?
2515 2200 2778 2269 Spiritum
2816 2210 3064 2253 sanctum
3094 2238 3109 2262 ,
3148 2198 3410 2266 Spiritum
3446 2198 3559 2259 Dei,

1996 2288 2259 2358 Spiritum
2310 2291 2577 2353 veritatis,
2633 2291 2723 2358 qui
2769 2289 3005 2343 mittitur
3052 2304 3081 2340 a
3136 2287 3270 2353 Deo,
3308 2289 3566 2356 suppedi-

1997 2388 2137 2436 tatur
2162 2395 2259 2451 per
2291 2380 2485 2435 Filium
2523 2397 2537 2434 :
2573 2394 2678 2432 non
2718 2394 2935 2434 servum
2956 2418 2971 2443 ,
3012 2379 3107 2433 sed
3148 2388 3395 2431 sanctum
3424 2422 3437 2441 ,
3470 2378 3565 2431 bo-

1995 2486 2144 2537 num,
2176 2470 2555 2540 principalem,
2582 2469 3264 2544 Spiritum'viviiicantem,
3297 2470 3559 2536 Spiritum

1995 2562 2322 2629 adoptionis,
2354 2562 2597 2616 onmium
2624 2576 2748 2631 qua:
2777 2561 2868 2614 Dei
2892 2569 3019 2615 sum
3039 2560 3415 2629 gnarum..Sic
3447 2576 3565 2628 pro-

1993 2653 2147 2709 tecto
2166 2654 2218 2707 in
2255 2652 2523 2708 Trinitate
2565 2651 2987 2706 conservabitur.
3018 2651 3243 2704 unitatis
3284 2652 3424 2703 ratio
3449 2691 3465 2710 .
3516 2652 3582 2702 si.

1996 2759 2160 2799 unum
2190 2743 2428 2807 Patrem,
2468 2758 2633 2796 unum
2674 2740 2892 2806 Filium,
2925 2757 3091 2796 unum
3122 2741 3386 2809 Spiritum
3432 2756 3558 2794 sau-

1996 2846 2144 2892 ctum
2168 2833 2547 2890 conﬁteantur.

2157 2925 2419 2980 Jamvero
2440 2922 2673 2978 atIerunt
2698 2932 3062 2990 argumenta,
3095 2922 3297 2991 quibus
3336 2921 3577 2975 demo»-

1996 3029 2174 3075 strent
2207 3017 2469 3086 Spiritum
2495 3025 2742 3069 sanctum
2768 3016 2971 3069 dictum
3002 3015 3170 3068 fuisse
3203 3023 3514 3069 creaturam
3549 3029 3587 3065 τη

1997 3129 2162 3166 unum
2195 3111 2412 3180 quidem
2444 3124 2507 3171 ex
2539 3109 2799 3178 propheta
2826 3109 3073 3163 dicente:
3097 3107 3199 3171 Qui
3223 3108 3398 3171 ﬁrmat
3431 3106 3565 3158 tonio

314 3186 510 3256 ἑτέραν
538 3184 594 3237 δὲ
622 3184 722 3256 τὴν
748 3188 813 3239 ὲκ
840 3184 933 3238 τοῦ
961 3184 1292 3253 Εὐαγγελίου
1326 3185 1430 3249 ὅτι,
1464 3183 1667 3237 Πάντα
1688 3182 1762 3236 δι’
1790 3182 1897 3235 αὑ·-

1997 3199 2996 3267 truum.etcreaupiritum‘:alterum
3074 3206 3207 3246 vero
3275 3208 3341 3245 ex
3402 3197 3571 3250 tivam

311 3276 420 3331 τοῦ
446 3269 707 3339 ἐγένετο.
746 3268 937 3339 Ἡμεῖς
963 3269 1020 3322 δὲ
1042 3270 1133 3323 τὸν
1154 3271 1491 3342 προφητικὸν
1513 3272 1671 3339 λόγον
1694 3270 1796 3322 οὐκ
1822 3270 1903 3333 εἰς

2010 3272 2149 3339 gelio
2188 3288 2201 3324 :
2248 3273 2440 3326 Omnia
2471 3288 2563 3338 per
2610 3274 2778 3341 ipsum
2820 3275 2959 3340 facta
2996 3284 3116 3326 sunt
3163 3280 3205 3327 ⁸.
3250 3275 3316 3326 At
3354 3276 3574 3343 prophe-

310 3363 375 3418 τὸ
427 3361 656 3434 Πνεῦμα
693 3362 755 3415 τὸ
792 3362 969 3431 ἅγιον,
1019 3362 1137 3418 ἀλλ’
1190 3365 1270 3427 είς
1319 3364 1420 3434 τὴν
1470 3362 1653 3432 κοινὴν
1697 3360 1900 3431 ταύτην

312 3454 515 3526 πνοὴν,
556 3454 618 3507 τὸ
654 3452 748 3508 τοῦ
789 3453 949 3525 ἀέρος
1004 3452 1241 3523 πνεῦμα,
1294 3451 1639 3522 πεπείσμεθα
1688 3452 1896 3522 φέρειν.

317 3544 481 3613 Δῆλον
523 3543 581 3596 δὲ
614 3541 843 3597 ἐκεῖθεν.
877 3542 952 3594 Οὐ
987 3540 1096 3612 γὰρ
1126 3540 1299 3605 εἶπεν,
1342 3542 1399 3595 Ὀ
1422 3541 1616 3602 κτίσας
1660 3538 1896 3608 πνεῦμα,

321 3630 432 3682 ἀλλ’
477 3632 528 3682 Ὀ
566 3629 771 3691 κτίζων
803 3629 1057 3699 πνεῦμα.
1103 3632 1188 3693 Ὠς
1220 3630 1329 3701 γὰρ
1375 3632 1407 3701 ἡ
1458 3629 1654 3699 βροντὴ
1704 3628 1804 3680 οὐκ
1842 3630 1897 3681 tv

318 3722 613 3775 ὑποστάσει
652 3720 757 3775 τινί
792 3722 906 3773 ἐστι
941 3724 1224 3792 σωματικῇ
1260 3721 1407 3785 ἅπαξ
1439 3721 1745 3784 κτισθεῖσα,
1782 3718 1897 3773 ἀλλ’

311 3812 403 3865 ἀεὶ
425 3811 563 3883 πρὸς
595 3812 656 3865 τὸ
679 3811 773 3864 τοῦ
808 3800 954 3864 Θεοῦ
981 3811 1226 3882 βούλημα
1258 3812 1349 3865 ἐπὶ
1375 3812 1524 3884 φόϐῳ
1550 3811 1657 3865 τῶν
1687 3810 1896 3883 ἀνθρὼ-

308 3920 431 3958 πων
473 3904 845 3975 ἐνεργουμένη
885 3903 1130 3972 γίνεσθαι
1164 3904 1257 3956 καὶ
1287 3903 1600 3958 διαλύεσθαι
1632 3903 1894 3972 πέφυκεν,

307 3993 455 4046 οὕτω
501 3994 687 4047 καὶτὸ
734 3992 951 4063 πνεῦμα
1001 4010 1015 4025 ο
1198 3993 1292 4046 νῦν
1340 3995 1438 4065 μὲν
1486 3994 1698 4064 γίνεται
1742 3994 1896 4065 δίκην

308 4084 560 4155 ποταμοῦ
595 4085 806 4156 ῥέοντος
834 4082 930 4137 τοῦ
960 4084 1121 4155 ἀέρος
1142 4103 1154 4113 ·
1189 4084 1352 4138 πάλιν
1386 4085 1443 4138 δὲ
1473 4085 1707 4150 παύεται
1738 4086 1899 4156 ἀτρε-

311 4177 546 4247 μοῦντος
572 4175 662 4228 τοῦ
698 4177 961 4247 πρότερον
999 4177 1344 4247 κινουμένου,
1381 4177 1522 4230 κατὰ
1560 4178 1622 4229 τὸ
1652 4175 1897 4248 βούλημα

307 4268 407 4321 τοῦ
450 4268 521 4320 τά
549 4268 729 4321 πάντα
764 4268 857 4321 ἐπὶ
894 4268 1138 4338 σωτηρία
1187 4270 1281 4322 καὶ
1322 4268 1580 4322 συστάσει
1613 4268 1721 4322 τῶν
1761 4269 1897 4322 ὅλων

306 4356 721 4428 οἰκονομοῦντος
742 4372 754 4384 ·
799 4356 940 4408 ὥστε
972 4356 1060 4408 διὰ
1091 4357 1271 4427 πάσης
1308 4358 1405 4427 τῆς
1445 4356 1697 4422 κτίσεως,
1743 4357 1808 4410 ἐκ
1840 4374 1898 4410 τε

310 4450 551 4519 βροντῶν
578 4450 673 4503 καὶ
699 4447 917 4519 ἀνέμων
941 4448 1035 4501 καὶ
1062 4449 1161 4518 τῆς
1189 4447 1382 4517 λοιπῆς
1416 4448 1779 4519 δημιουργίας
1804 4448 1897 4501 τὸν

2010 3358 2174 3410 ticum
2215 3358 2418 3414 dictum
2467 3377 2572 3413 nun
2615 3360 2681 3414 ad
2730 3369 2978 3415 sanctum
3028 3360 3325 3431 Spiritum,
3367 3366 3462 3419 sed
3503 3368 3571 3419 ad

2001 3462 2344 3517 communem
2384 3455 2527 3505 hunc
2573 3451 2795 3517 ﬂatum,
2830 3456 2976 3510 aeris
3007 3456 3259 3511 videlicet
3286 3456 3578 3526 spiritum,

2000 3539 2274 3593 credinms
2321 3542 2612 3607 pertinere.
2670 3543 2823 3609 Quod
2874 3545 3001 3599 inde
3049 3555 3217 3613 patet.
3262 3545 3382 3601 Non
3428 3550 3575 3603 enim

2000 3628 2155 3693 dixit,
2189 3628 2289 3695 Qui
2320 3632 2523 3686 creavit
2553 3633 2825 3701 spiritum,
2849 3634 2968 3697 sed,
3004 3635 3109 3700 Qui
3130 3646 3272 3690 creat
3305 3639 3573 3706 spiritum.

1999 3720 2464 3786 Quemadmodum
2490 3724 2636 3778 enim
2667 3726 2966 3780 tonitruum
2995 3728 3084 3780 ubi
3115 3729 3286 3783 semel
3324 3739 3407 3782 est
3429 3746 3576 3784 crea-

2002 3821 2136 3876 tum,
2172 3812 2224 3865 in
2260 3812 2558 3869 substantia
2603 3816 2838 3884 quadam
2873 3818 3141 3885 corporali
3186 3835 3292 3874 non
3325 3832 3443 3885 est;
3478 3824 3577 3876 sed

1998 3916 2216 3972 semper
2259 3903 2539 3959 voluntate
2585 3906 2679 3961 Dei
2727 3909 2792 3961 ad
2831 3911 3113 3965 terrendos
3162 3910 3413 3965 homines
3448 3927 3574 3982 pro-

1997 3994 2238 4063 ductum,
2270 3995 2385 4052 ﬁeri
2417 4011 2481 4051 ac
2509 3998 2726 4052 dissolvi
2768 3998 2905 4055 solet
2935 4017 2947 4055 :
2983 4002 3054 4055 ita
3091 4012 3152 4055 et
3182 3999 3405 4071 spiritus
3431 4018 3577 4057 nunc

1999 4088 2217 4154 quidem
2250 4089 2327 4155 tit,
2359 4087 2562 4143 ﬂuente
2586 4090 2757 4144 instar
2778 4089 3014 4145 ﬂuminis
3038 4107 3197 4147 aere:
3233 4108 3423 4148 rursus
3448 4110 3589 4146 vero

1996 4190 2175 4233 cessat
2218 4188 2369 4245 tum,
2403 4196 2527 4235 cum
2566 4181 2709 4251 quod
2750 4181 2901 4248 prius
2938 4184 3255 4239 movebatur
3302 4185 3533 4254 quiescit
3558 4224 3581 4249 ,

1999 4271 2299 4324 secundum
2358 4270 2691 4327 voluntatem
2738 4272 2899 4342 ejus,
2949 4273 3041 4342 qni
3076 4275 3144 4328 ad
3195 4275 3574 4330 universorum

1999 4360 2429 4417 incolumitatem
2458 4367 3038 4442 conservationemque
3060 4367 3329 4437 gubernat
3364 4370 3571 4431 omnia,

1999 4461 2058 4504 ut
2108 4467 2204 4520 per
2244 4467 2459 4507 omnem
2501 4466 2807 4511 creaturam
2841 4468 2894 4513 et
2927 4458 3184 4513 tonitruis
3222 4469 3279 4513 et
3324 4462 3501 4516 ventis
3525 4471 3586 4515 et

304 4539 642 4611 δημιουργὸν
679 4540 1135 4608 ἀναγγέλλεσθαι.
1182 4540 1382 4611 Διόπερ
1414 4540 1552 4609 μετά
1589 4540 1649 4591 τὸ
1690 4541 1892 4592 εἰπεῖν’

2000 4539 2222 4607 reliquis
2253 4543 2511 4609 operibus
2540 4546 2790 4599 conditor
2821 4548 3200 4601 annuntietur.
3231 4547 3577 4617 Quapropter

319 4633 389 4685 ου
434 4630 695 4701 στερεῶν
747 4631 1052 4698 βροντὴν,
1106 4632 1205 4685 καὶ
1240 4630 1446 4691 κτίζων
1490 4632 1742 4700 πνεῦμα,
1792 4648 1895 4703 φη-

308 4716 417 4777 σίν⁸
469 4723 578 4777 Καὶ
624 4723 1021 4792 ἀπαγγέλλων
1070 4724 1215 4789 τοῖς
1242 4722 1576 4791 ἀνθρώποις
1621 4724 1726 4777 τὸν
1768 4726 1893 4791 Χρι-

305 4816 464 4867 στιῖν
507 4813 717 4867 αὐτοῦ.
761 4814 847 4875 Ὠς
889 4814 996 4881 γὰρ
1025 4817 1074 4866 οι
1119 4815 1339 4885 οὐρανοὶ
1384 4814 1692 4885 διηγοῦνται
1737 4814 1895 4878 δόξαν

305 4904 447 4956 Θεοῦ
488 4908 601 4967 τοῖς
641 4904 958 4975 δυναμένοις
1007 4906 1063 4970 ἐξ
1104 4903 1284 4957 αὐτῶν
1308 4905 1407 4975 τὴν
1431 4907 1523 4958 τοῦ
1563 4906 1894 4977 δημιουργοῦ

305 4993 506 5064 τέχνην
554 4992 1175 5061 ἀναλογίζεσθαι,νοῦτω
1218 4994 1312 5047 καὶ
1353 4993 1581 5065 βροντῆς
1606 4992 1750 5065 ἦχοι,
1803 4996 1895 5049 καὶ

308 5085 638 5153 πνευμάτων
697 5086 961 5153 κινήσεις,
1011 5084 1102 5137 τὸν
1153 5084 1483 5155 δημιουργὸν
1534 5086 1724 5137 αὐτῶν
1762 5087 1894 5139 ἀνα-

308 5175 666 5247 κηρύττουσι.
694 5176 846 5246 Τάχα
883 5176 928 5229 δ’
977 5175 1042 5229 ἂν
1089 5174 1247 5228 τοῦτο
1293 5178 1387 5229 καὶ
1428 5178 1734 5247 προφητεία
1779 5179 1894 5248 εἴη,

309 5271 452 5341 πρὸς
518 5270 615 5339 τὴν
692 5267 1107 5338 ὲνανθρώπησιν
1178 5267 1273 5320 τοῦ
1336 5268 1541 5339 Κυρίου
1612 5268 1855 5338 φέρουσα
1881 5286 1896 5299 ο

309 5360 401 5412 ὅτε
462 5362 495 5431 ἡ
550 5356 679 5429 μὲν
710 5359 884 5430 φωνὴ,
938 5362 971 5430 ἡ
1034 5360 1301 5431 γενομένη
1530 5357 1590 5423 ἐξ
1644 5359 1897 5428 ούρανοῦ,

311 5453 513 5522 βροντὴ
552 5452 728 5505 ἐδόκει
763 5454 878 5512 τοῖς
918 5450 1219 5504 ἀκούσασιν
1258 5446 1421 5513 εἶναι,
1458 5450 1649 5519 ἥντινα
1689 5449 1899 5519 ἀφῆκεν

2001 4633 2283 4692 postquam
2322 4626 2495 4679 dixit:
2530 4625 2633 4691 Qui
2659 4628 2835 4695 ﬁrmat
2871 4631 3161 4683 tonitruum
3195 4643 3242 4685 et
3290 4645 3431 4685 creat
3464 4635 3576 4698 spi-

2004 4717 2162 4767 ritum
2199 4725 2251 4781 ι,
2279 4716 2352 4768 ait
2392 4731 2406 4769 :
2440 4716 2507 4771 Et
2541 4720 2629 4787 qui
2663 4722 2945 4774 annuntiat
2972 4722 3267 4777 hominibus
3310 4724 3589 4778 Christum

2005 4824 2157 4860 suum
2181 4808 2204 4839 ⁵
2232 4847 2246 4861 .
2270 4807 2421 4862 Sicut
2443 4810 2586 4864 enim
2608 4811 2725 4866 caeli
2754 4824 3008 4866 enarrant
3032 4813 3260 4881 gloriam
3295 4815 3385 4869 Dei
3447 4817 3511 4870 iis
3552 4819 3572 4846 ⁸

2004 4896 2093 4963 qui
2124 4911 2187 4950 ex
2215 4897 2346 4965 ipsis
2374 4908 2595 4967 possunt
2628 4902 2923 4956 conditoris
2947 4912 3119 4957 artem
3148 4906 3418 4961 azstimare
3448 4927 3461 4961 :
3498 4910 3576 4961 sic

2004 4986 2169 5038 etiam
2195 4986 2413 5040 tonitrui
2440 4986 2623 5057 fragor
2646 5005 2709 5044 ac
2736 4992 3021 5059 spirituum
3045 5004 3222 5049 imitus
3245 4999 3577 5051 ιὀειιΙιιιΓιιιη

2006 5091 2162 5128 suum
2184 5079 2498 5145 praedicant.
2521 5079 2775 5136 Fortasse
2790 5092 2965 5137 autem
2987 5086 3272 5154 hocipsum
3298 5090 3604 5156 pmphctia.

2005 5178 2109 5231 est,
2134 5184 2252 5237 qure
2281 5170 2346 5224 ad
2362 5170 2571 5224 Domini
2597 5174 3020 5230 incarnationem
3046 5186 3253 5246 spectat
3276 5196 3292 5246 ;
3312 5180 3597 5248 siquidem.

2006 5272 2108 5315 vox
2155 5276 2275 5329 quae
2305 5262 2372 5316 de
2412 5263 2550 5318 coelo
2592 5264 2733 5320 facta
2776 5275 2892 5329 est,
2927 5269 3223 5321 tonitruum
3258 5285 3377 5323 esse
3422 5271 3569 5321 video

2013 5354 2171 5406 batur
2204 5354 2545 5410 audientibus
2584 5363 2604 5391 °
2636 5374 2650 5411 :
2678 5373 2838 5428 quant
2898 5361 3035 5416 Deus
3074 5372 3127 5415 et
3175 5359 3336 5414 Pater
3368 5362 3589 5423 emisit,

2009 5456 2066 5498 ut
2098 5461 2195 5514 per
2225 5463 2343 5502 eam
2376 5448 2651 5503 Christum
2697 5451 3006 5508 hominibus
3051 5452 3417 5507 annuntiaret.
3454 5453 3574 5517 Spi-

307 5547 345 5599 ὁ
397 5544 529 5608 (θεὸς
589 5546 683 5598 καὶ
744 5546 970 5612 Πατὴρ,
1028 5542 1166 5596 ὥστε
1228 5544 1296 5596 δι’
1347 5543 1518 5610 αὐτῆς
1576 5542 1900 5609 ἀναγγεῖλαι

2010 5550 2142 5591 I‘Iltls
2190 5550 2369 5593 autem
2424 5542 2513 5607 qui
2564 5543 2781 5596 excitati
2823 5555 2968 5605 sunt,
3001 5553 3055 5597 et
3086 5556 3234 5596 mare
3284 5541 3572 5596 conturba-

427 5779 443 5810 ⁸
464 5778 632 5831 Attius
660 5795 733 5839 ιν,
763 5778 842 5829 i3.

926 5778 943 5805 ³
980 5773 1139 5829 Joan.
1175 5791 1211 5836 ι,
1246 5777 1300 5831 ὅ.
1380 5777 1400 5807 ³
1431 5774 1599 5829 .lmos
1624 5790 1694 5839 tv,
1731 5774 1808 5827 l5.
1891 5772 1913 5804 ⁵
1938 5771 2069 5828 ηοω.
2150 5774 2169 5804 ⁸
2204 5771 2321 5825 ΡδλΙ
2352 5788 2505 5836 xviii,
2542 5771 2597 5830 2.

2678 5772 2696 5803 ⁸
2727 5766 2881 5823 σΙυίιτι.
2902 5785 2995 5830 \tt,
3036 5768 3128 5820 ξολ
