4082 6392
379 307 488 375 εει

1256 320 1259 327 ’
1296 312 1673 376 PANOPLIA
1712 318 2174 383 DOGMATICA.
2215 347 2281 362 --
2321 327 2473 387 Tl'l‘.
2515 326 2665 391 ΧΠ.

3545 340 3652 406 τ’ἑὲ

385 446 628 513 διανοίας
668 448 808 503 εἰσιν
838 448 1102 515 εὐσεϐεῖς,
1130 449 1181 503 0i
1210 448 1266 503 δὲ
1300 448 1574 520 τολμῶσιν
1604 449 1847 503 εὐσεϐεῖν
1875 468 1943 504 κα

2071 469 2125 514 et
2175 458 2514 529 exploratum
2561 462 2890 531 habuerunt,
2946 481 3048 533 ea,
3089 476 3148 523 ut
3198 470 3393 537 aiunt,
3441 473 3656 528 ratione

384 542 499 603 τοῖς
529 539 784 609 χείλεσιν.
816 538 1023 592 ’Δλλων
1050 538 1107 592 δὲ
1134 540 1347 610 ηκουσα
1371 538 1713 611 μετρούντων
1739 540 1969 612 θεότητα

329 665 337 672 -
389 629 713 699 σοφωτέρων
755 668 770 691 ,

386 719 543 789 τοῦσι
575 716 645 774 τά
680 720 966 792 νοούμενα,
998 718 1249 775 τοσοῦτον
1290 720 1347 775 δὲ
1384 720 1629 792 ἀλλήλων
1658 722 1967 793 διέστησαν,

386 811 463 875 ὡς
491 808 553 865 τὸ
584 812 703 884 μὲν,
742 815 837 867 καὶ
878 812 1033 884 οὐσίᾳ
1076 814 1170 867 καὶ
1210 813 1438 885 δυνάμει
1478 816 1652 867 ποιεῖν
1680 815 1967 885 ἀόριστονσ

389 906 446 958 τὸ
469 905 549 968 δὲ,
575 904 804 977 δυνάμει
845 906 963 975 μὲν,
992 907 1092 959 οὐκ
1131 906 1288 978 οὐσίᾳ
1320 905 1376 959 δέ
1397 921 1412 937 ’
1444 906 1504 960 τὸ
1540 907 1598 959 δὲ
1638 906 1968 977 ἀμφοτέροις

384 1000 791 1070 πεμγραπτὸν·
835 999 991 1054 ἀλλον
1040 999 1238 1070 τρόπον
1294 998 1643 1070 μιμούμενοι,
1689 1000 1816 1063 τοὺς
1865 1000 1962 1071 δη-

387 1090 666 1163 μιουργὸν,
694 1092 790 1146 καὶ
815 1091 1095 1162 συνεργὸν,
1122 1092 1215 1145 καὶ
1241 1091 1549 1162 λειτουργὸν
1573 1091 1959 1161 ὀνομάζοντας,

384 1186 478 1238 καὶ
503 1184 601 1253 τὴν
642 1185 701 1237 ἐν
729 1188 843 1249 τοῖς
878 1184 1104 1255 ὀνόμασι
1135 1184 1287 1248 τάξιν
1326 1185 1421 1238 καὶ
1463 1184 1643 1256 χάριν,
1682 1184 1792 1237 τῶν
1821 1201 1962 1256 πρα-

382 1275 610 1347 γμάτων
780 1276 1099 1330 ἀκολουθίαν
1129 1272 1267 1329 εἶναι
1306 1275 1650 1344 νομίζοντας.

910 629 959 682 οῖ
994 629 1120 700 τρία
1151 629 1250 701 μὲν
1275 625 1414 683 εἶναι
1442 630 1565 685 καθ’
1601 632 1749 701 ἡμᾶς
1779 632 1971 702 ὁμολο-

2071 550 2267 619 ducti,
2347 554 2486 620 quod
2556 554 2832 623 Scriptura
2908 570 3160 614 neutrum
3228 562 3423 615 borum
3492 561 3652 630 plane

2071 651 2364 712 aperteque
2426 647 2868 703 demonstrasset.
2933 651 3012 705 Ac
3062 652 3291 720 proinde
3319 667 3421 709 nec
3473 654 3648 722 ipsum

2071 740 2419 798 venerantur,
2481 751 2579 790 nec
2645 749 3025 807 contemnunt,
3073 742 3169 797 sed
3205 744 3385 798 medio
3411 744 3647 813 quodam

2072 823 2248 885 modo,
2303 822 2385 876 vel
2414 824 2597 893 potius
2627 827 2821 882 misere
2844 830 3164 899 perditeque
3209 834 3342 901 erga
3369 848 3493 887 eum
3532 834 3651 888 ὢν

2069 913 2305 967 ciuntur.
2329 914 2405 967 Ex
2432 914 2521 970 his
2547 931 2708 985 porro
2734 919 2827 986 qui
2868 919 3036 973 licunt
3070 920 3245 989 ipsum
3284 924 3646 987 credunt,alii

2070 1004 2251 1058 animo
2271 1014 2427 1060 tenus
2453 1007 2523 1074 pii
2572 1018 2734 1077 atque
2781 1012 3069 1067 orthodoxi
3130 1023 3290 1081 sunt;
3346 1014 3435 1068 alii
3479 1016 3663 1072 labiis-

2068 1110 2283 1165 quoque
2311 1098 2442 1166 ipsis
2471 1100 2725 1167 pietatem
2750 1100 2991 1170 proﬁteri
3042 1119 3149 1158 non
3182 1115 3457 1160 verentur.
3493 1106 3651 1163 Aliae

2066 1189 2229 1241 etiam
2264 1190 2524 1257 quosdam
2560 1192 2923 1260 sapientiores
2955 1197 3157 1259 audivi,
3180 1196 3273 1265 qui
3302 1198 3641 1251 divinitatem

2069 1278 2384 1345 metiuntur,
2414 1292 2479 1333 ac
2511 1280 2611 1334 tria
2638 1274 2880 1349 quidem,
2919 1283 3142 1351 perinde
3167 1299 3233 1338 ac
3262 1299 3383 1347 nos,
3416 1284 3638 1352 intelligi

366 1376 716 1435 conﬁtentur,
743 1371 839 1427 sed
867 1384 931 1426 ea
963 1370 1037 1426 ita
1070 1370 1213 1425 inter
1229 1383 1289 1426 se
1322 1370 1656 1438 disjungnut,
1693 1379 1755 1424 ut
1782 1384 1946 1424 unum
1986 1386 2173 1426 eorum
2206 1380 2260 1425 et
2318 1371 2552 1427 essentia
2604 1378 2661 1424 et
2729 1379 3014 1439 potestate,
3058 1372 3328 1429 inﬁnitum
3379 1385 3653 1443 statuant,

366 1469 597 1523 alterum
632 1472 929 1533 putestate,
989 1478 1095 1518 non
1125 1466 1252 1518 item
1302 1463 1562 1523 essentia,
1615 1473 1947 1529 postremum
1991 1473 2219 1534 utroque
2246 1463 2744 1533 circumscriptum.
2776 1463 2869 1517 Sic
2909 1464 3016 1518 alia
3045 1467 3279 1534 quodam
3338 1470 3497 1522 modo
3552 1486 3669 1525 eos-

365 1564 671 1625 imitantur,
697 1561 787 1631 qui
814 1559 1089 1628 opiﬁcem,
1150 1568 1204 1612 et
1238 1558 1654 1625 conperaritltn,-
1724 1569 1780 1611 et
1847 1559 2153 1612 ministrum
2187 1561 2492 1622 nominaut,
2549 1567 2713 1626 atque
2769 1559 3020 1613 ordinum
3066 1571 3120 1614 et
3188 1562 3445 1628 gratiam,
3516 1580 3645 1631 quae

365 1654 677 1711 nominibus
706 1654 866 1716 inest,
924 1666 1103 1707 rerum
1138 1665 1357 1721 quoque
1402 1652 1596 1705 seriem
1645 1664 1764 1706 esse
1804 1651 2157 1707 arbitrantur.

573 1743 733 1812 Ἡμῖν
772 1742 828 1794 δὲ
868 1742 1004 1813 πρὸς
1041 1741 1141 1813 μὲν
1175 1742 1303 1806 τοὺς
1346 1742 1467 1796 οὐδὲ
1497 1741 1635 1797 εἶναι
1673 1745 2023 1815 unarmed-[3

364 1851 489 1897 τας,
515 1833 696 1897 οὐδεὶς
875 1833 1053 1901 λόγος,
1090 1834 1123 1905 ἢ
1168 1836 1295 1898 τοὺς
1338 1835 1642 1908 ληροῦντας
1677 1836 1736 1891 ἐν
1768 1837 1966 1909 Ἕλλη-

363 1942 470 1978 σιν.
518 1924 673 1995 Μηδὲ
719 1927 829 1996 γάρ
868 1925 1213 1997 ἁμαρτωλῶν
1258 1925 1424 1998 ἐλαίῳ
1475 1928 1838 2000 πιανθείημεν
1880 1931 1965 1993 είς

358 2020 453 2069 τὸν
487 2016 667 2085 λόγον.
728 2014 873 2089 Πρὸς
924 2018 980 2070 δὲ
1022 2018 1149 2082 τοὺς
1205 2017 1399 2082 ἄλλους
1451 2017 1594 2072 οὕτω
1653 2019 1964 2091 διαλεξόμε-

356 2108 431 2163 θα
468 2126 483 2142 ο
639 2109 700 2163 τὸ
742 2108 969 2180 Πνεῦμα
998 2108 1058 2161 τὸ
1089 2110 1265 2178 ἂγιον,
1301 2111 1334 2180 ἢ
1370 2110 1475 2163 τῶν
1509 2112 1612 2165 καθ
1798 2112 1958 2165 ἐαυτδ

354 2200 771 2272 ὑφεστηκότων,
830 2202 1051 2265 πάντως
1097 2201 1418 2265 ὑποθετέον,
1461 2200 1493 2272 ἢ
1542 2201 1649 2255 τῶν
1687 2203 1746 2255 ἐν
1788 2204 1962 2273 ἑτέρῳ

359 2292 758 2364 θεωρουμένων
784 2309 798 2324 ο
832 2287 908 2347 ὧν
949 2294 1010 2347 τὸ
1063 2294 1183 2365 μὲν,
1228 2294 1415 2348 οὐσίαν
1455 2294 1712 2349 καλοῦσιν
1745 2297 1795 2349 0i
1830 2296 1960 2365 περὶ

354 2384 538 2437 ταῦτα
607 2384 813 2449 δεινοὶ,
865 2384 926 2437 τὸ
983 2383 1079 2451 δὲ,
1146 2384 1515 2457 συμϐεϐηκός.
1573 2385 1636 2439 El
1708 2385 1809 2456 μὲν
1866 2381 1961 2442 οῦν

353 2475 748 2546 συμϐέϐηκεν,
801 2474 1052 2546 ἐνέργεια
1099 2474 1258 2529 τοῦτο
1290 2476 1357 2530 ἂν
1415 2477 1500 2548 εἴη
1535 2476 1693 2533 Θεοῦ.
1733 2477 1799 2530 Τί
1848 2490 1956 2553 γαρ

348 2568 568 2640 ἓτερον,
625 2567 659 2637 ἢ
694 2567 869 2633 τίνος;
908 2568 1065 2621 τοῦτο
1107 2568 1218 2640 γάρ
1268 2586 1386 2633 πως
1420 2570 1640 2640 μᾶλλον,
1676 2571 1772 2624 καὶ
1824 2578 1955 2640 φεύ-

348 2678 436 2727 γει
507 2658 778 2714 σύνθεσιν.
860 2660 970 2715 Καὶ
1030 2663 1077 2714 εἰ
1156 2662 1444 2734 ἐνέργεια,
1527 2664 1955 2736 ἐνεργηθήσεται

346 2752 601 2824 δηλονότι
653 2787 670 2813 ,
845 2753 946 2807 οὐκ
999 2754 1306 2827 ἐνεργήσει,
1358 2756 1450 2810 καὶ
1502 2756 1638 2827 ὁμοῦ
1680 2757 1759 2828 τῷ
1810 2759 1957 2830 ἐνερ-

346 2840 613 2911 γηθῆναι,
647 2840 937 2896 παύσεται.
981 2842 1234 2897 Τοιοῦτον
1274 2845 1393 2917 γάρ’
1435 2847 1468 2917 ὴ
1516 2847 1788 2919 ἐνέργεια.
1828 2848 1956 2913 Πῶς

342 2928 438 2986 οὖν
486 2935 722 3005 ἐνεργεῖ,
763 2935 856 2988 καὶ
900 2934 1025 2989 τάδε
1064 2934 1235 3005 λέγει,
1272 2937 1367 2990 καί⁵
1401 2938 1672 3010 ἀφορίζει,
1722 2940 1814 2993 καὶ
1855 2938 1951 2993 λυ-

343 3028 550 3090 πεῖται,
590 3025 686 3078 καὶ
721 3025 1106 3096 παροξύνεται,
1144 3028 1239 3081 καί⁸
1269 3028 1369 3082 ὅσα
1404 3030 1726 3099 κινουμένου
1763 3032 1951 3101 σαφῶς

2233 1742 2343 1798 Nos
2367 1756 2518 1807 vero,
2550 1758 2651 1799 nec
2675 1758 2799 1800 cum
2830 1744 2897 1797 iis
2952 1744 3044 1813 qui
3097 1762 3164 1799 no
3217 1746 3482 1814 Spiritum
3507 1750 3631 1817 qni-

2046 1835 2167 1891 deut
2190 1850 2311 1890 esse
2353 1844 2601 1900 censent,
2656 1850 2755 1889 nec
2810 1850 2932 1889 cum
2996 1838 3353 1907 nugatoribus
3398 1841 3646 1894 ethnicis.

2046 1924 2210 1981 verba
2244 1924 2333 1977 illa
2366 1924 2845 1978 commutabimus.
2903 1924 3053 1979 Absit
3108 1927 3251 1980 enim
3298 1936 3357 1981 ut
3385 1939 3638 1998 peccato-

2047 2033 2165 2073 rum
2198 2018 2320 2070 oleo
2347 2030 2655 2071 sermonem
2683 2025 2927 2070 nostrum
2964 2017 3364 2087 impingttcmus
3434 2018 3473 2073 '.
3495 2020 3647 2075 Cum

2042 2109 2257 2166 caeteris
2290 2116 2473 2164 autem
2501 2107 2569 2162 ad
2608 2109 2754 2163 hunc
2779 2108 2997 2162 modum
3047 2110 3481 2178 disputabimus;
3511 2111 3633 2181 Spi-

2042 2202 2181 2259 ritus
2209 2210 2449 2268 sanctus,
2507 2201 2590 2256 vel
2625 2218 2690 2256 ex
2740 2216 2928 2255 eorum
2986 2218 3232 2268 numero,
3287 2219 3407 2272 quae
3442 2219 3541 2273 per
3573 2222 3631 2259 se

2043 2296 2368 2359 subsistunt,
2421 2292 2643 2347 omnino
2707 2294 3032 2348 statuendus
3082 2302 3187 2358 est,
3240 2294 3328 2346 vel
3387 2294 3530 2347 inter
3561 2311 3629 2347 en

2041 2386 2408 2451 collocandus,
2462 2400 2581 2455 quae
2632 2386 2685 2439 itt
2743 2385 2848 2440 alio
2890 2386 3348 2452 considerantur;
3387 2401 3635 2455 quorum-

2040 2482 2268 2535 altcrum
2303 2478 2690 2542 substantiam,
2728 2476 2959 2531 alterum
2991 2478 3246 2532 accidens
3301 2478 3625 2544 vocant,qui

2042 2571 2231 2625 barum
2267 2583 2448 2623 rerum
2490 2568 2774 2623 scientiam
2809 2566 3030 2620 callent.
3091 2567 3170 2620 Ac
3204 2567 3250 2621 si
3277 2568 3497 2636 quidem
3531 2582 3623 2619 ac-

2040 2662 2245 2724 cidens,
2272 2662 2352 2713 vis
2378 2661 2565 2729 utique
2598 2670 2652 2714 et
2716 2659 2954 2714 facultas
3002 2660 3251 2726 quzedam
3320 2660 3411 2714 Dei
3440 2660 3621 2713 fuerit.

2039 2755 2176 2821 Quid
2210 2754 2354 2807 enim
2390 2753 2557 2816 aliud,
2615 2762 2709 2806 aut
2757 2750 2952 2821 cujus?
3010 2749 3123 2805 Hoc
3174 2750 3421 2821 profecto
3453 2752 3624 2819 magis

2039 2854 2485 2909 consentaneum,
2542 2840 3062 2913 compositionisque
3107 2856 3323 2910 expers.
3375 2841 3432 2895 Si
3466 2842 3545 2895 vis
3571 2852 3625 2895 et

2038 2936 2292 3001 facultas,
2329 2948 2519 3007 agetur
2547 2937 2687 2992 baud
2717 2936 2902 3001 dubie,
2945 2952 3051 2992 non
3105 2947 3229 3004 aget
3268 2952 3283 2989 :
3331 2934 3621 3003 simulque,

2038 3039 2097 3083 ut
2129 3038 2284 3085 actus
2311 3030 2496 3093 fuerit,
2531 3029 2761 3085 desinet.
2808 3029 3095 3100 Ejusmodi
3152 3031 3352 3099 quippe
3401 3037 3487 3082 est
3538 3042 3629 3080 ac-

342 3117 514 3181 ἐστιν,
546 3118 607 3170 οὐ
640 3118 904 3187 κινήσεως
931 3137 944 3184 ;
978 3120 1041 3172 Εἰ
1067 3117 1124 3172 δέ
1152 3120 1310 3173 οὐσία
1340 3138 1442 3187 τις,
1468 3120 1529 3174 οὐ
1559 3119 1668 3175 τῶν
1693 3123 1820 3194 περὶ
1851 3121 1943 3193 τὴν

2040 3128 2123 3175 tus
2171 3131 2387 3175 natura.
2447 3120 2546 3186 Qui
2605 3120 2663 3176 fit
2705 3134 2872 3190 ergo,
2948 3131 3009 3175 ut
3052 3130 3178 3192 agat
3236 3121 3391 3189 ipse,
3459 3128 3635 3188 atque

335 3208 551 3271 οὐσίαν,
614 3210 735 3281 ἦτοι
792 3211 999 3283 κτίσμα
1054 3211 1503 3283 ύποληφθήσεται
1546 3228 1562 3278 ,
1716 3214 1751 3286 ἢ
1790 3212 1943 3279 9:6;-

341 3299 507 3369 μέσον
542 3300 652 3372 γάρ
684 3318 737 3353 τι
768 3299 998 3367 τούτων,
1030 3301 1148 3373 ἢτοι
1200 3302 1498 3375 μηδετέρου
1536 3304 1785 3375 μετέχον,
1817 3305 1850 3375 ἦ
1887 3306 1947 3372 ἐξ

338 3393 549 3461 ἀμφοῖν
581 3390 863 3457 σύνθετον,
896 3391 1004 3444 οὐδ’
1036 3391 1102 3445 ἂν
1125 3392 1175 3445 οἱ
1204 3394 1331 3458 τοὺς
1361 3382 1739 3467 τραγελάφους
1772 3396 1944 3450 πλάτ-

341 3498 531 3545 τοντες
560 3482 892 3553 ἐννοήσαιεν.
937 3483 1077 3536 Ἀλλ’
1100 3485 1148 3536 εἰ
1176 3485 1273 3555 μὲν
1299 3487 1522 3557 κτίσμα,
1553 3487 1669 3552 πῶς
1700 3489 1779 3553 εἰς
1811 3488 1945 3543 αὐτὸ

343 3573 694 3645 πιστεύομεν,
724 3574 758 3647 ἢ
790 3576 850 3629 ἐν
891 3574 1042 3646 αύτῷ
1072 3574 1463 3650 τελειούμεθα;
1504 3580 1565 3633 οὐ
1602 3580 1711 3651 γὰρ
1743 3582 1942 3635 ταυτόν

340 3668 456 3721 ἐστι
491 3666 771 3721 πιστεύειν
810 3667 891 3732 είς
926 3685 1002 3733 τι,
1045 3668 1138 3722 καὶ
1174 3670 1303 3741 περὶ
1344 3670 1510 3723 αὑτοῦ
1540 3671 1836 3726 πιστεύειν.
1868 3672 1942 3727 Τὸ

337 3755 440 3824 μὲν
484 3756 596 3829 γάρ
646 3759 762 3811 ἐστι
800 3755 1077 3830 θεότητος,
1124 3758 1187 3811 τὸ
1234 3758 1290 3812 δὲ
1344 3760 1547 3824 παντὸς
1587 3760 1936 3833 πράγματος.

338 3850 403 3903 Ei
433 3849 491 3903 δέ
526 3850 679 3915 Θεὸς,
715 3849 830 3903 ἀλλ’
860 3850 923 3904 ού
958 3850 1186 3921 κτίσμα,
1231 3850 1353 3905 οὐδὲ
1390 3852 1624 3923 ποίημα,
1653 3854 1775 3907 οὐδὲ
1808 3848 1938 3907 σὺν-

332 3940 543 4004 δουλον,
568 3941 678 3995 οὐδ’
708 3942 845 4004 ὅλως
874 3942 929 3995 τὶ
965 3942 1077 3995 τῶν
1110 3945 1384 3997 ταπεινῶν
1417 3946 1722 4015 ὀνομάτων.

2041 3213 2153 3268 ιιῖες
2178 3222 2230 3266 et
2262 3212 2351 3265 illa
2382 3212 2547 3275 dicat,
2576 3222 2630 3267 et
2681 3218 2931 3282 segreget
2970 3210 2990 3242 ⁸
3023 3250 3039 3278 ,
3081 3220 3137 3267 et
3172 3210 3528 3265 contristetur
3565 3210 3620 3269 ³,

2038 3314 2094 3359 et
2116 3304 2179 3357 ad
2207 3304 2340 3357 iram
2374 3303 2651 3368 incitetur,
2721 3312 2778 3358 et
2836 3317 3175 3373 quaecunque
3224 3303 3301 3357 rei
3334 3312 3480 3356 motu
3510 3302 3623 3371 agi-

2042 3403 2165 3449 tata:
2200 3394 2484 3462 perspicue
2528 3402 2675 3459 sunt,
2733 3406 2837 3447 non
2879 3402 3059 3447 autem
3111 3393 3365 3448 motionis
3421 3392 3626 3462 ipsius?

2037 3485 2131 3538 Sin
2164 3495 2342 3539 autem
2370 3484 2671 3539 substantia
2694 3492 2796 3548 est,
2821 3498 2928 3538 non
2949 3483 3228 3549 accidens,
3257 3484 3343 3537 vel
3370 3491 3622 3537 creatura

2032 3578 2363 3642 censebitur,
2421 3576 2503 3631 vel
2552 3576 2712 3630 Deus.
2773 3575 3007 3631 Medium
3063 3576 3210 3631 enim
3245 3575 3449 3645 aliquid
3473 3576 3620 3628 inter

2033 3669 2168 3731 hac,
2188 3678 2281 3722 aut
2304 3668 2446 3737 quod
2477 3654 2727 3722 neutrius
2758 3669 3033 3736 particeps
3060 3667 3158 3730 sit,
3183 3676 3281 3721 aut
3300 3682 3367 3721 ex
3385 3675 3626 3736 utroque

2031 3761 2388 3830 compositum
2627 3769 2790 3827 atque
2828 3757 3155 3821 conﬂatum,
3214 3771 3283 3813 tte
3305 3758 3340 3813 ii
3375 3759 3617 3828 quidem,

2030 3852 2120 3921 qui
2157 3851 2493 3921 tragelapbos
2521 3850 2927 3915 conﬂuxerunt,
2956 3850 3261 3921 intelligere
3296 3860 3521 3919 queant.
3557 3852 3625 3903 Si

2029 3950 2303 4002 creatura,
2333 3944 2601 4009 quomodo
2634 3940 2688 3995 in
2723 3955 2845 3995 eum
2877 3940 3175 4005 credimus,
3200 3950 3295 3995 aut
3320 3942 3374 3995 in
3404 3956 3470 3996 eo
3495 3957 3616 4011 per-

332 4033 584 4088 ficimur?
610 4031 794 4101 Neque
822 4032 968 4087 enim
1027 4029 1170 4085 idem
1220 4039 1325 4095 est,
1359 4031 1581 4085 credere
1632 4030 1686 4083 in
1718 4028 1942 4100 aliquid,
1976 4043 2030 4088 et
2096 4035 2320 4092 credere
2359 4036 2426 4092 de
2480 4036 2681 4107 aliquo.
2711 4038 2847 4094 lllttd
2874 4040 3018 4096 enim
3052 4041 3321 4100 divinitati
3343 4046 3617 4107 convenit,

334 4130 438 4183 IlOC
461 4127 682 4183 cuilibet
713 4127 899 4183 τοί.Ἑί
924 4135 1106 4181 autem
1150 4125 1313 4189 Deus,
1360 4135 1510 4180 certe
1585 4140 1686 4181 nec
1744 4136 1994 4183 creatura
2035 4141 2141 4194 est,
2172 4149 2270 4186 nec
2306 4133 2538 4197 factum,
2575 4149 2671 4187 nec
2702 4150 3019 4200 conservus,
3049 4155 3150 4194 nec
3182 4140 3417 4210 denique
3451 4141 3631 4197 ullum.

326 4224 476 4281 aliud
509 4222 711 4278 humile
741 4229 903 4291 atque
931 4219 1197 4288 abiectum
1224 4232 1439 4274 nomen.

515 4316 779 4372 Ἐνταῦθα
804 4316 898 4379 σὸς
926 4317 955 4369 ό
985 4314 1164 4384 λόγος,
1196 4316 1254 4369 αἱ
1288 4314 1571 4383 σφενδόναι
1600 4315 1920 4385 πεμπέσθωο

324 4422 451 4474 σαν,
472 4409 523 4461 0i.
552 4407 904 4477 συλλογισμοὶ
925 4405 1334 4459 πλεκέσθωσαν.
1368 4405 1439 4456 Ἦ
1465 4405 1762 4476 ἀγέννητον
1790 4407 1927 4461 πάν-

321 4501 520 4573 τως,ἢ
572 4500 853 4570 γεννητόν.
920 4498 1030 4552 Καὶ
1079 4499 1128 4551 εί
1191 4497 1291 4569 μὲν
1346 4495 1665 4570 ἀγέννητον,
1721 4499 1816 4552 δύο
1855 4500 1924 4554 τὰ

318 4593 558 4663 ἄναρχα.
598 4593 662 4645 Ei
695 4590 751 4644 δέ
788 4588 1067 4659 γεννητὸν,
1094 4587 1399 4657 ύποδιαίρει
1569 4587 1761 4643 πάλιν·
1795 4588 1828 4659 ἢ
1860 4592 1924 4644 ἐκ

317 4683 418 4736 τοῦ
450 4682 663 4753 Πατρὸς
700 4678 882 4743 τοῦτο,
920 4680 953 4750 ἢ
990 4682 1053 4733 ἐκ
1075 4680 1171 4733 τοῦ
1205 4677 1357 4733 Υίοῦ.
1385 4679 1498 4734 Καὶ
1530 4682 1578 4733 ει
1615 4679 1714 4751 μὲν
1740 4682 1804 4733 ἐκ
1829 4680 1923 4734 τοῦ

320 4776 562 4848 Πατρὸς,
603 4775 725 4828 Υἱοὶ
755 4773 849 4827 δύο
884 4774 979 4827 καὶ
1005 4770 1246 4844 ἀδελφοί.
1277 4772 1350 4825 Σὺ
1379 4771 1437 4825 δέ
1473 4790 1563 4844 μοι
1596 4771 1796 4826 πλάττε
1831 4774 1922 4826 καὶ

317 4865 602 4935 διδύμους,
629 4865 679 4917 εί
711 4863 910 4935 βούλει,
947 4863 980 4935 ἢ
1029 4863 1120 4916 τὸν
1170 4861 1271 4934 μέν
1316 4861 1707 4934 πρεσϐύτερον,
1744 4862 1837 4916 τὸν
1866 4862 1923 4916 δὲ

318 4957 615 5027 νεώτερονο
649 4955 837 5026 ἐπειδὴ
876 4955 998 5008 λίαν
1036 4949 1087 5007 εἴ
1125 4952 1525 5025 φιλοσώματος.
1554 4956 1618 5008 El
1640 4955 1697 5008 δὲ
1727 4956 1790 5008 ὲκ
1822 4955 1920 5007 τοῦ

319 5045 478 5110 Υίοῦ,
513 5045 746 5115 πέφηνε,
780 5045 937 5116 φησὶ,
974 5044 1067 5097 καὶ
1102 5044 1293 5107 υἱωνὸς
1325 5047 1459 5115 ἡμῖν
1491 5043 1651 5109 Θεός·
1684 5039 1744 5098 οὗ
1775 5047 1829 5099 τί
1856 5048 1922 5100 ἂν

318 5140 538 5210 γένοιτο
568 5139 1000 5210 παραδοξότερον
1030 5155 1042 5199 ;
1083 5137 1258 5191 ταῦτα
1304 5138 1405 5208 μὲν
1448 5133 1540 5191 οὖν
1569 5140 1616 5191 oi
1645 5141 1799 5209 σοφοὶ
1826 5140 1919 5193 τοῦ

319 5231 714 5301 κακοποιῆσαι,
738 5230 809 5283 τὰ
830 5229 888 5283 δέ
918 5228 1099 5297 ἀγαθὰ
1127 5228 1361 5298 γράφειν
1385 5230 1446 5307 ού
1478 5228 1741 5294 θέλοντες.
1778 5231 1920 5300 Ἐγὼ

316 5325 381 5377 δέ
412 5325 460 5375 εἰ
491 5323 591 5393 μὲν
629 5322 819 5395 ἐώρων
859 5321 1166 5390 ἀναγκαίαν
1197 5321 1295 5391 τὴν
1328 5321 1610 5392 διαίρεσιν,
1648 5322 1918 5394 ἐδεξάμην

318 5414 389 5468 ἂν
424 5418 491 5467 τά
519 5413 843 5483 πράγματα,
876 5413 937 5465 ού
976 5412 1235 5483 φοϐηθεὶς
1268 5412 1337 5465 τά
1367 5411 1634 5483 ὀνόματα.
1678 5413 1753 5466 Oti
1786 5414 1915 5486 γὰρ,

320 5504 515 5575 ἐπειδὴ
542 5504 683 5557 κατά
701 5521 823 5555 τινα
854 5503 1037 5573 σχέσιν
1059 5503 1397 5575 ὑψηλοτέραν
1414 5502 1542 5567 Υἱὸς
1567 5506 1594 5558 ὁ
1751 5506 1875 5569 Tib;
1896 5545 1911 5571 ,

320 5597 385 5650 οὐ
408 5595 744 5661 δυνηθέντων
766 5595 921 5666 ἡμῶν
944 5595 1139 5659 ἄλλως,
1165 5595 1389 5667 ἢοῦτως
1410 5596 1748 5665 ἐνδείξασθαι
1770 5598 1827 5652 τὺ
1850 5602 1915 5655 ἐκ

410 5750 429 5781 ⁸
462 5748 600 5805 Psal.
633 5764 757 5815 οτι,
784 5750 837 5805 5.
919 5751 939 5781 ¹
969 5752 1090 5805 Act.
1122 5764 1240 5815 xm,
1264 5763 1313 5806 ι.
1393 5750 1413 5782 ³
1442 5749 1647 5820 Ephes.
1688 5767 1761 5818 tv,
1802 5751 1894 5807 δυ.

2260 4314 2376 4369 Jam
2444 4315 2625 4382 lingua
2684 4325 2771 4368 tua
2811 4315 2877 4369 ad
2924 4315 3307 4386 disputandum
3343 4320 3631 4388 prosiliatr

2038 4406 2219 4461 funda:
2247 4407 2543 4473 jactentur,
2575 4418 2894 4475 argumenta
2930 4420 3241 4463 nectuntur.
3267 4408 3376 4465 Aut
3406 4412 3617 4480 ingeni-

1958 4477 2000 4530 ί)
2036 4507 2125 4553 tus
2158 4498 2378 4551 omnino
2402 4506 2506 4561 est,
2567 4497 2769 4565 inquis,
2815 4507 2909 4551 aut
2955 4499 3189 4569 genitus.
3222 4500 3281 4555 Si
3319 4477 3618 4570 ingeri—itas,

2034 4603 2164 4657 ergo
2194 4592 2302 4643 duo
2323 4597 2484 4642 erunt
2518 4588 2771 4657 principii
2827 4597 3099 4657 expertes.
3167 4590 3226 4644 Si
3258 4599 3438 4645 autem
3459 4594 3616 4663 geni-

2031 4684 2140 4740 tus,
2183 4690 2372 4731 rursus
2422 4676 2754 4730 subdividis:
2812 4684 2905 4731 aut
2956 4693 3022 4732 ex
3056 4677 3215 4734 Patre
3263 4680 3478 4749 genitus
3504 4692 3617 4744 est,

2032 4779 2127 4823 aut
2157 4784 2223 4822 ex
2259 4767 2418 4822 Filio.
2448 4768 2505 4821 Si
2532 4784 2597 4822 ex
2624 4767 2810 4835 Patre,
2843 4769 2953 4823 duo
3010 4770 3171 4839 igitur
3208 4780 3335 4827 sunt
3379 4772 3501 4828 Filii
3551 4789 3616 4829 at:

2032 4866 2249 4915 tratres.
2282 4858 2555 4915 Gemellos
2580 4860 2744 4915 etiam
2788 4862 2948 4931 tinge,
2983 4861 3029 4916 si
3061 4862 3232 4928 lubet,
3262 4871 3358 4917 aut
3381 4865 3615 4921 alterum

2033 4961 2162 5006 natu
2194 4950 2478 5021 majorem,
2508 4949 2735 5004 alterum
2762 4953 3062 5019 minorem;
3088 4967 3213 5008 eum
3240 4954 3619 5027 itaeorporeis

2031 5044 2194 5097 rebus
2216 5042 2509 5096 immersus
2548 5059 2628 5098 es.
2664 5042 2720 5097 Si
2756 5056 2935 5097 autem
2965 5059 3031 5099 ex
3078 5044 3239 5111 Fille,
3269 5045 3385 5117 jam
3432 5050 3615 5115 nobis,

2030 5132 2266 5201 inquies,
2297 5144 2465 5201 nepos
2531 5131 2670 5187 Dens
2733 5134 2960 5189 exstitit
2994 5134 3131 5202 Quo
3160 5136 3291 5206 quid
3325 5137 3616 5193 absurdius

2024 5223 2154 5293 tingi
2185 5222 2391 5293 possit?
2455 5223 2581 5280 llzec
2628 5225 2881 5281 homines
2909 5227 2976 5280 ad
3036 5226 3486 5285 malefaciendum
3520 5245 3607 5285 sa-

2027 5314 2238 5381 pientes
2287 5316 2309 5346 ⁵
2345 5324 2401 5368 et
2424 5314 2711 5385 ingeniosi,
2749 5317 2903 5372 bona.
2951 5327 3131 5374 autem
3185 5321 3424 5376 scribere
3451 5336 3611 5376 recu-

2023 5416 2229 5459 santes.
2272 5405 2387 5476 Ego
2418 5420 2570 5472 vero,
2626 5408 2669 5461 si
2705 5408 3027 5464 divisionem
3068 5412 3210 5465 bane
3239 5410 3622 5478 necessariam

2020 5495 2284 5559 viderem,
2347 5513 2433 5553 res
2490 5499 2634 5569 ipsus
2694 5500 2942 5570 profecto
2997 5501 3617 5571 excepissem,nomioa-

2024 5589 2159 5642 nihil
2195 5591 2419 5645 veritus.
2451 5591 2566 5647 Non
2608 5594 2774 5655 enim,
2822 5594 2952 5661 quia
2988 5591 3291 5648 mundum
3326 5591 3603 5652 excelsio~

1973 5750 1997 5785 δ
2018 5748 2221 5809 Jercm.
2252 5768 2327 5819 tv,
2359 5754 2449 5808 22.
