4082 6420
393 338 495 401 8-28

1622 327 1940 387 EUTHYM
1957 326 2012 384 ll
2056 324 2414 384 ZIGABENI

3536 328 3643 393 εει

394 464 509 506 rem
554 445 846 518 quamdam
888 443 1208 501 relationem
1233 436 1405 493 Filius
1428 446 1507 491 est
1540 433 1712 489 Filius
1768 437 1957 503 (quod

2069 430 2156 484 τοῦ
2190 429 2329 484 Θεοῦ
2360 433 2452 518 καί
2516 430 2826 503 όμοούσιον,
2886 434 2991 507 ἥδη
3028 435 3125 491 καὶ
3189 436 3373 500 πάσας
3430 437 3645 506 οἰητέον

394 538 647 593 videlicet
676 537 1052 603 aliter,,quam
1072 532 1173 585 hoc
1208 527 1391 589 modo,
1428 525 1677 581 indicare
1711 537 1957 593 nequea-

338 658 346 681 ι
399 644 523 683 inus
568 627 620 682 id
667 625 813 695 quod
854 639 920 679 ex
957 622 1069 677 Deo
1105 630 1211 685 est,
1256 617 1607 686 essentiaque
1658 617 1801 671 idem
1835 631 1961 670 cum

395 724 561 791 ipso),
582 720 790 773 idcirco
808 726 1025 770 terrena
1050 727 1269 781 quoque
1282 712 1468 767 omnia
1496 708 1958 777 cognationisque

395 823 595 867 nostra:
624 812 842 865 nomina
874 804 944 861 ad
981 806 1150 860 Deum
1199 803 1514 859 necessario
1568 799 1952 855 transferenda

395 916 516 957 esse
538 899 837 970 putandum
859 907 961 951 est.
1004 893 1248 964 Alioqui,
1284 894 1413 963 quid
1448 891 1703 964 impedit,
1739 896 1961 959 quomi-

394 1008 503 1047 nus
529 990 717 1046 eadem
754 990 963 1044 ratione
990 986 1321 1050 masculum,
1347 985 1518 1038 Deum
1549 992 1799 1039 nostrum
1848 982 1965 1037 exis

394 1085 605 1148 stiones,
634 1082 894 1152 quoniam
926 1081 1071 1135 Deus
1089 1086 1144 1134 et
1184 1079 1342 1132 Pater
1380 1077 1735 1132 nominatur?
1767 1076 1845 1131 Ac
1889 1076 1967 1129 ie-

396 1175 636 1228 mineum
681 1174 962 1243 quiddam,
1004 1172 1291 1236 Deitatem,
1324 1180 1590 1240 quantum
1627 1170 1849 1238 quidem
1899 1186 1966 1223 ex

394 1270 547 1320 vocis
579 1282 780 1335 genere
797 1264 1057 1319 :estimari
1078 1273 1249 1333 potest
1275 1262 1384 1317 ?Et
1410 1263 1647 1331 denique
1672 1261 1965 1331 Spiritum,

396 1370 677 1421 neutrum,
709 1357 966 1425 quoniam
1004 1354 1141 1408 nihil
1160 1354 1375 1422 gignit?
1409 1353 1564 1419 Quod
1595 1354 1639 1408 si
1676 1355 1833 1420 juxta
1872 1371 1965 1407 ve—

399 1460 544 1505 teres
566 1450 779 1505 fahulas
809 1459 862 1504 et
886 1464 1057 1518 nugas
1092 1447 1197 1501 hoc
1222 1461 1444 1516 quoque
1466 1446 1629 1499 modo
1658 1445 1881 1509 luseris,
1912 1457 1971 1499 ut

2068 523 2366 590 ἀναγκαῖον
2397 517 2656 585 εἷναιτὰς
2690 524 2840 577 κάτω
2862 525 3107 595 κλήσεις,
3161 527 3255 579 καὶ
3305 528 3406 598 τῆς
3443 529 3645 599 ⁴ἢμετέ-

2072 632 2170 683 ρας
2206 615 2548 682 συγγενείας,
2577 615 2908 685 μεταφέρειν
2955 618 3052 671 ἐπὶ
3080 618 3140 669 τὸ
3174 620 3336 674 οείον.
3406 621 3478 673 Ἦ
3502 622 3646 691 τάχα

2070 708 2138 761 ἂν
2173 706 2236 759 σύ
2269 724 2333 775 γε
2366 706 2458 760 καὶ
2482 707 2689 777 ἄρρενα
2713 707 2805 760 τὸν
2838 708 2971 763 Θεὸν
2995 711 3127 778 ἡμῖν
3148 710 3467 778 ὑπολάϐοις,
3501 714 3651 767 κατὰ

2072 801 2164 852 τὸν
2194 798 2352 865 λόγον
2384 799 2593 863 τοῦτον,
2631 801 2712 853 ὅτι
2742 800 2871 860 Θεὸς
2900 801 3254 869 ὀνομάζεται,
3286 803 3380 857 καὶ
3413 804 3605 874 Πατήρ
3630 822 3651 872 ;

2068 891 2162 944 καὶ
2195 890 2327 958 θῆλύ
2388 908 2439 943 τι
2499 892 2597 961 τὴν
2649 890 2897 962 θεότητα.
2935 893 3060 945 ὅσον
3095 894 3185 945 ἐπὶ
3231 895 3351 954 ταῖς
3379 894 3605 963 κλήσεσι
3630 936 3653 962 ,

2076 983 2171 1037 καὶ
2202 983 2263 1037 τὸ
2300 982 2530 1051 Πνεῦμα
2590 985 2901 1056 οὐδέτερον,
2956 986 3038 1039 ὅτι
3078 988 3153 1055 μὴ
3200 989 3523 1057 γεννητικόν
3545 1006 3564 1055 ;
3600 992 3653 1042 εἰ

2077 1077 2134 1129 δέ
2176 1095 2260 1132 σοι
2294 1080 2395 1132 καὶ
2432 1076 2593 1131 τοῦτο
2632 1078 2912 1148 παιχθείη,
2962 1082 3029 1149 τῇ
3070 1079 3270 1132 ἑαυτοῦ
3305 1081 3524 1149 θελήσει
3559 1082 3656 1133 τὸν

2073 1169 2205 1222 Θεὸν
2239 1170 2657 1240 συγγενόμενον,
2694 1170 2836 1223 κατὰ
2873 1171 2998 1234 τοὺς
3023 1172 3295 1233 παλαιοὺς
3323 1171 3518 1242 λήρους
3554 1173 3651 1224 καὶ

2084 1260 2312 1330 μύθους,
2349 1263 2719 1333 γεννήσασοαι
2771 1265 2862 1314 τὸν
2904 1262 3053 1327 Υἱὺν,
3102 1265 3333 1335 εἰσήχθη
3389 1283 3475 1326 τις
3516 1266 3653 1333 ἡμῖν

2077 1354 2170 1407 καὶ
2207 1354 2533 1424 Μαρκίωνος
2555 1396 2569 1419 ,
2606 1355 2703 1409 καὶ
2735 1353 3057 1409 Βαλεντίνου
3090 1355 3220 1418 Θεὸς
3251 1356 3643 1428 αρρενόθηλυς,

2074 1443 2170 1494 τοῦ
2210 1446 2335 1507 τοὺς
2389 1447 2604 1508 καινοὺς
2643 1444 2847 1506 αἰῶνας
2886 1443 3367 1509 ἀνατυπὼσαντος.

400 1544 570 1609 dicas,
601 1547 770 1600 Deum
802 1560 923 1599 cum
953 1544 1234 1597 voluntate
1263 1556 1363 1596 sua
1380 1555 1732 1609 congressum
1762 1540 1962 1595 Filium
1997 1541 2269 1611 genuisse,
2316 1538 2609 1596 Marcionis
2635 1541 2860 1610 quidem
2886 1555 2950 1595 ac
2984 1539 3283 1607 Valentini,
3338 1542 3431 1611 qui
3478 1556 3656 1599 novos

400 1649 584 1690 aeon'as
612 1644 955 1689 commentus
981 1641 1087 1694 est,
1137 1630 1646 1698 liermapbroditum
1680 1630 1968 1698 quemdam
2002 1630 2170 1685 Deum
2206 1632 2506 1687 induxeris.

475 1729 749 1795 Quoniam
832 1742 998 1796 porro
1066 1725 1390 1780 divisionem
1471 1733 1619 1780 tuam
1707 1724 1964 1794 primam,

2146 1725 2301 1779 Ἐπεὶ
2363 1727 2422 1779 δέ
2459 1743 2554 1780 σου
2608 1726 2709 1798 τὴν
2776 1728 3003 1797 πρώτην
3076 1728 3343 1796 διαίρεσιν
3397 1729 3460 1782 οὐ
3498 1729 3659 1801 δεχό-

400 1826 507 1882 qua
550 1811 695 1865 inter
729 1810 1025 1877 ingenitum
1055 1820 1107 1860 et
1150 1808 1390 1879 genitqm
1427 1807 1558 1858 nihil
1597 1805 1836 1859 medium
1863 1820 1983 1858 esse

405 1902 716 1961 arbitraris,
746 1900 1161 1967 haudquaquam
1197 1898 1556 1960 admittimus.
1606 1902 1855 1967 protinus
1885 1900 1979 1954 tibi

403 2007 525 2047 cum
555 1991 810 2061 praelata
864 2001 956 2045 tua
1012 1989 1281 2043 divisione
1312 1989 1509 2045 fratres
1563 1990 1635 2044 illi
1667 2000 1723 2046 et
1758 2002 1983 2062 nepotes

401 2084 678 2151 peribunt,
711 2092 766 2135 ut
806 2081 923 2149 qui,
982 2082 1157 2148 primo
1218 2079 1311 2133 illo
1338 2081 1719 2149 disputationis
1750 2091 1854 2135 tua:
1892 2098 1981 2136 ca—

402 2176 535 2244 pite,
557 2174 712 2243 quasi
746 2172 1057 2240 multiplicis
1092 2170 1374 2240 cujusdam
1411 2187 1585 2227 nexus
1621 2173 1775 2227 initio
1809 2174 1983 2239 primo

402 2261 767 2323 soluto,simul
792 2276 1005 2330 quoque
1031 2260 1191 2315 soluti
1211 2275 1272 2315 ac
1290 2260 1479 2331 dilapsi
1672 2263 1803 2326 sint,
1821 2273 1984 2333 atque

407 2375 435 2405 ει
477 2354 781 2407 divinitatis
806 2354 1052 2407 doctrina
1108 2367 1231 2407 sese
1276 2354 1651 2408 subduxerint.
1690 2354 1788 2409 Ubi
1814 2356 1981 2418 enim,

408 2460 616 2512 σμικεο,
642 2459 810 2513 pones
837 2444 909 2508 id,
942 2445 1085 2513 quod
1117 2445 1380 2513 procedit,
1412 2447 1556 2514 quod
1599 2446 1817 2515 quidem
1842 2449 1985 2502 inter

403 2540 539 2589 ιιιιιιε
576 2535 859 2589 divisionis
909 2546 1011 2589 tua:
1062 2545 1249 2606 partes
1311 2536 1659 2605 interiectum
1708 2550 1830 2590 esse
1855 2552 1985 2591 con-

401 2639 533 2691 stat,
563 2637 727 2696 atque
777 2644 806 2680 ιι
852 2628 1125 2697 theologo,
1157 2628 1326 2683 multo
1380 2638 1433 2683 te
1480 2630 1865 2697 prastantiori,
1902 2632 1982 2684 ui-

404 2716 599 2768 mirum
631 2731 658 2767 a
691 2715 972 2770 Salvatore
996 2726 1208 2781 nostro,
1240 2718 1636 2772 introducitur?
1664 2717 1777 2773 Nisi
1822 2718 1983 2786 forte,

405 2819 629 2875 propter
657 2808 877 2861 tertium
932 2817 1082 2862 tuutn
1140 2808 1574 2873 Testamentum,
1626 2826 1810 2866 vocent
1839 2812 1984 2867 illam

406 2915 470 2950 ιιι
530 2899 833 2967 Ενιιιιειτιίἰε
890 2900 1219 2963 sustuleris,
1266 2902 1501 2970 Spiritus
1561 2914 1798 2972 sanctus,
1823 2908 1914 2976 qui
1952 2923 1987 2961 ι

406 2987 572 3040 Patre
606 2987 840 3055 procedit
904 2993 920 3022 ³
952 2988 1109 3058 ;qui,
1160 2998 1429 3058 quatenus
1479 2991 1547 3043 ab
1594 2990 1683 3044 illo
1719 2992 1985 3059 procedit,

406 3093 652 3136 creatura
686 3096 790 3136 non
815 3090 899 3136 est
929 3099 942 3135 :
977 3090 1248 3151 quatenus
1286 3095 1485 3136 rursus.
1507 3081 1721 3151 genitus
1754 3094 1979 3146 nonest,

2069 3109 2154 3145 του
2180 3092 2279 3157 τὰς
2302 3093 2410 3146 τῶν
2445 3092 2822 3162 συλλογισμῶν
2852 3093 3024 3161 ἄρκυς
3047 3089 3329 3159 διαφυγὼν
3366 3131 3383 3157 ,

407 3172 573 3227 Filius
600 3189 706 3227 non
733 3181 845 3228 est:
871 3182 1141 3242 quatenus
1175 3182 1354 3227 autem
1413 3172 1558 3227 inter
1592 3172 1892 3242 ingenitum
1934 3186 1986 3230 et

408 3266 648 3331 genitum
668 3266 879 3319 medius
896 3273 998 3330 est,
1019 3264 1289 3335 Deusest.
1306 3266 1483 3331 Atque
1509 3266 1583 3318 ita
1611 3267 1795 3320 vitatis
1823 3268 1984 3337 syllo-

410 3358 711 3427 gismorum
760 3365 997 3410 tuorum
1034 3356 1261 3423 laqueis,
1318 3357 1458 3410 Deus
1504 3357 1790 3411 manifeste
1821 3374 1987 3427 appa-

410 3449 544 3512 ruit,
572 3448 930 3503 divisionibus
960 3448 1064 3501 tuis
1090 3447 1298 3501 firmior
1322 3458 1377 3501 et
1405 3447 1690 3503 valentior.
1711 3448 1838 3514 Quae
1861 3464 1989 3518 ergo

410 3551 493 3594 est
521 3541 633 3594 haec
664 3539 971 3607 processio?
1000 3539 1232 3608 inquies.
1274 3539 1366 3594 Dic
1394 3548 1451 3593 tu
1478 3555 1595 3608 quae.
1640 3539 1815 3594 Patris
1842 3540 1985 3610 iuge-

413 3633 591 3686 nitura
624 3632 714 3697 sit,
759 3641 814 3684 et
866 3644 966 3701 ego
996 3629 1120 3685 Filii
1180 3632 1608 3701 generationem,
1671 3643 1724 3685 et
1753 3630 1989 3701 Spiritus

410 3725 815 3794 processionetn
851 3722 1124 3792 explicare
1150 3721 1458 3792 aggrediar,
1483 3738 1589 3792 quo
1619 3723 1709 3777 [iet
1742 3735 1799 3777 ut
1829 3727 1990 3779 ambo

414 3816 723 3879 deliremns,
755 3812 807 3867 in
831 3810 926 3867 Dei
960 3814 1218 3882 mysteria
1246 3812 1431 3869 oculos
1451 3813 1766 3884 .injicieutes
1789 3832 1804 3867 :
1831 3815 1990 3882 idque

411 3909 502 3978 qui
540 3904 799 3962 tandem?
858 3901 1060 3974 Nempe
1118 3905 1211 3972 qui
1254 3920 1320 3959 ne
1348 3920 1409 3961 ea
1464 3908 1701 3975 quidem,
1725 3920 1845 3975 quae
1868 3917 1992 3959 ante

416 4000 579 4071 pedes
607 4010 755 4063 sunt,
787 3997 954 4065 scire,
1008 4013 1107 4053 nec
1163 4013 1383 4053 arenam
1422 3999 1609 4064 maris,
1667 4010 1759 4054 aut
1797 4001 1992 4070 pluviae

2065 1807 2225 1879 μεθα,
2265 1807 2365 1878 τὴν
2399 1808 2565 1878 μηδὲν
2598 1809 2894 1879 ἀγεννήτου
2925 1809 3019 1861 καὶ
3044 1806 3305 1878 γεννητοῦ
3337 1807 3499 1878 μέσον
3523 1809 3660 1863 ὕπο-

2060 1896 2464 1966 λαμόἀνουσαν,
2489 1898 2690 1950 αὐτίκα
2719 1897 3027 1967 οἰχήσονταί
3050 1915 3132 1950 σοι
3165 1897 3303 1969 μετὰ
3326 1899 3425 1970 τῆς
3448 1899 3656 1970 σεμνῆς

2058 1991 2374 2061 διαιρέσεως
2425 1993 2473 2044 οἱ
2508 1992 2725 2062 ἀδελφοὶ
2767 1992 2863 2045 καὶ
2904 1994 2952 2044 οἱ
3004 1992 3225 2058 υἱωνοὶ,
3275 1992 3464 2064 ὥσπερ
3501 1994 3654 2056 τινος

2059 2082 2260 2154 δεσμοῦ
2321 2082 2661 2137 πολυπλόκου
2719 2084 2818 2154 τῆς
2884 2083 3106 2155 πρώτης
3153 2085 3330 2155 ἀρχῆς
3385 2085 3655 2139 διαλυθείο

2062 2192 2161 2246 σης
2206 2217 2222 2241 ,
2367 2175 2830 2244 συνδιαλυθέντες,
2874 2176 2967 2229 καὶ
2996 2178 3092 2247 τῆς
3124 2175 3402 2245 Θεολογίας
3432 2178 3652 2249 ὑποχω-

2064 2269 2343 2339 ρήσαντες.
2381 2267 2491 2320 Ποῦ
2524 2268 2632 2339 γὰρ
2666 2269 2850 2339 Θήσεις
2891 2268 2955 2322 τὸ
2992 2270 3342 2340 ὲκπορευτὸν,
3375 2270 3497 2322 εἰπέ
3528 2287 3648 2339 μοι,

2062 2359 2226 2429 μέσον
2268 2360 2538 2429 ἀναφανὲν
2577 2364 2676 2430 τῆς
2712 2362 2810 2432 σῆς
2996 2360 3334 2433 διαιρέσεως.
3377 2362 3470 2414 καὶ
3503 2361 3659 2432 παρὰ

2059 2449 2377 2518 κρείσσονος
2408 2449 2442 2520 ἢ
2474 2451 2617 2504 κατά
2649 2450 2708 2502 σὲ
2738 2448 3012 2519 θεολόγον,
3048 2448 3158 2502 τοῦ
3180 2450 3432 2520 Σωτῆρος
3464 2450 3651 2521 ἡμῶν,

2059 2539 2414 2610 εἰσαγόμενον
2460 2558 2475 2606 ;
2614 2539 2678 2593 Εἰ
2709 2541 2784 2612 μὴ
2813 2540 2912 2609 τὴν
2949 2539 3129 2612 φωνὴν
3161 2541 3373 2612 ἐκείνην
3399 2540 3506 2594 τῶν
3542 2541 3657 2594 σῶν

2058 2629 2261 2695 ἐξεῖλες
2294 2633 2666 2701 Εὑαγγελίων,
2701 2631 2790 2686 διὰ
2828 2632 2929 2703 τὴν
2977 2634 3170 2703 τρίτην
3220 2651 3314 2685 σου
3352 2634 3654 2703 Διαθήκην,

2058 2723 2123 2775 τὸ
2158 2723 2404 2793 Πνεῦμα
2420 2724 2487 2777 τὸ
2510 2724 2699 2793 ἅγιον,
2725 2723 2755 2777 ὃ
2781 2726 2942 2793 παρὰ
2961 2723 3065 2778 τοῦ
3090 2725 3321 2791 Πατρός
3336 2725 3658 2792 ἐκπορεύε-

2056 2830 2181 2868 ται·
2218 2814 2247 2867 ὃ
2285 2816 2409 2869 καθ’
2450 2817 2573 2869 ὅσον
2618 2818 2716 2886 μὲν
2754 2815 2965 2869 ἐκεῖθεν
3004 2816 3362 2886 ἐκπορεύεται
3387 2857 3398 2879 ,
3440 2816 3500 2867 οὐ
3533 2815 3654 2867 κτί-

2059 2922 2204 2976 σμαο
2246 2906 2369 2959 καθ’
2409 2907 2532 2961 ὅσον
2558 2907 2615 2960 δὲ
2638 2908 2697 2960 οὐ
2733 2907 3011 2978 γεννητὸν,
3052 2909 3151 2977 οὐχ
3194 2906 3320 2969 Υἱός
3341 2926 3352 2936 ·
3384 2906 3504 2959 καθ’
3527 2907 3654 2959 ὅσον

2055 2997 2111 3051 δὲ
2128 2999 2423 3070 ἁγεννήτου
2449 3000 2545 3052 καὶ
2566 2998 2825 3069 γεννητοῦ
2846 2999 3031 3070 μέσον,
3054 2997 3185 3062 Θεός
3206 3040 3217 3052 .
3239 2998 3344 3052 Καὶ
3508 2992 3657 3048 οὕτω

3514 3087 3654 3151 Θεὸς

2058 3184 2402 3254 ἀναπέφηνε,
2447 3183 2557 3236 τῶν
2602 3184 2710 3238 σῶν
2756 3184 3075 3254 διαιρέσεων
3290 3180 3652 3252 ἰσχυρότερος.

2058 3276 2155 3338 Τίς
2184 3271 2277 3329 οὖν
2305 3278 2339 3345 ἡ
2376 3276 2741 3346 ἐκπόρευσιςς
2779 3274 2917 3328 Εἰπὲ
2954 3276 3017 3328 σὺ
3059 3272 3157 3343 τὴν
3190 3271 3520 3341 ἀγεννησίαν
3555 3269 3654 3324 τοῦ

2059 3366 2295 3438 Πατρός,
2326 3365 2482 3435 κάγὼ
2506 3366 2605 3437 τὴν
2647 3365 2901 3433 γέννησιν
2937 3363 3032 3416 τοῦ
3074 3362 3203 3415 Υίοῦ
3245 3361 3654 3432 φυσιολογήσω,

2059 3458 2155 3511 καὶ
2178 3458 2278 3527 τὴν
2303 3457 2626 3529 ὲκπόρευσιν
2655 3457 2750 3508 τοῦ
2780 3454 2920 3507 Πνεύ
2930 3471 3119 3524 ματος,
3149 3453 3244 3505 καὶ
3274 3450 3656 3522 παραπληκτί-

2061 3566 2227 3620 σομεν
2394 3549 2567 3619 ἄμφω
2595 3549 2673 3609 εἰς
2694 3545 2829 3600 Θεοῦ
2866 3547 3140 3617 μυστήρια
3165 3544 3645 3613 παρακόπτοντες·

2058 3640 2152 3691 καὶ
2184 3638 2357 3692 ταῦτα
2393 3638 2566 3701 τίνες;
2599 3637 2661 3690 Οἱ
2697 3634 2830 3706 μηδὲ
2871 3634 2938 3686 τὰ
2974 3635 3031 3685 ὲν
3062 3634 3218 3687 ποσὶν
3262 3632 3460 3686 εἰδέναι
3490 3631 3653 3684 δυνά-

2062 3746 2233 3801 μενοι,
2271 3729 2407 3800 μηδὲ
2437 3729 2664 3799 ψάμμον
2702 3725 3015 3787 Οαλασσῶν,
3045 3727 3139 3778 καὶ
3172 3726 3435 3793 σταγόνας
3464 3723 3647 3787 ὑετοῦ,

2058 3821 2153 3873 καὶ
2185 3820 2399 3892 ἡμέρας
2437 3819 2634 3884 αἰῶνος
2681 3816 3115 3888 ἐξαριθμεῖσθαι,
3152 3817 3226 3887 μὴ
3276 3817 3357 3869 ὅτι
3399 3833 3463 3884 γε
3510 3812 3651 3868 Θεοῦ

2059 3910 2281 3981 βάθεσιν
2327 3913 2682 3983 ἐμϐατεύειν.
2729 3913 2825 3966 καὶ
2871 3913 3028 3981 λόγον
3064 3912 3286 3982 ὑπέχειν
3335 3911 3433 3981 τῆς
3476 3910 3652 3975 οὕτως

2058 4006 2301 4075 ἀρρήτου
2341 4006 2433 4058 καὶ
2458 4006 2598 4077 ὑπὲρ
2632 4006 2790 4073 λόγον
2818 4004 3053 4073 φύσεως.

406 4106 609 4165 guttas,
632 4107 686 4150 et
709 4097 825 4150 dies
856 4097 1042 4151 saeculi
1072 4111 1395 4150 enumerare
1432 4110 1743 4163 possumus.
1792 4093 1992 4148 nedum
2043 4096 2098 4150 in
2142 4094 2238 4150 Dei
2280 4094 2545 4165 profunda
2570 4106 2875 4168 penetrare,
2924 4107 3240 4167 naturaeque
3269 4099 3405 4153 adeo
3426 4113 3662 4165 arcaum,

409 4198 571 4257 atque
593 4206 805 4243 Omnem
842 4190 1067 4242 rationis
1107 4188 1417 4241 faeiittatom
1452 4205 1626 4257 usque
1662 4191 1799 4242 adeo
1821 4191 2130 4258 superantis
2160 4192 2396 4246 rationes
2418 4193 2665 4248 reddere.

908 4323 989 4376 Ex
1006 4324 1186 4377 eadem
1219 4329 1479 4380 aratione.

2536 4326 2638 4381 Ἐκ
2671 4326 2775 4381 τοῦ
2808 4327 2994 4382 αὑτοῦ
3027 4331 3234 4397 λόγου.

481 4460 622 4526 Quid
661 4475 791 4532 ergo
827 4473 930 4527 est,
962 4461 1238 4530 inquiunt,
1275 4466 1417 4531 quod
1450 4465 1678 4533 Spiritui
1716 4468 1886 4535 deest,
1914 4468 1979 4523 ad

2164 4453 2229 4504 Τί
2283 4448 2377 4506 οῦν
2438 4456 2578 4517 ἐστι,
2644 4456 2829 4522 φησὶν,
2883 4455 2911 4510 ὃ
2968 4458 3153 4511 λείπει
3219 4458 3296 4529 τῷ
3351 4460 3665 4531 Πνεῦματι,

414 4556 517 4611 hoc
542 4566 600 4610 ut
628 4557 700 4609 sit
728 4554 938 4611 Filius?
964 4557 1080 4612 Nisi
1110 4575 1257 4613 enim
1301 4560 1503 4629 aliquid
1537 4561 1777 4624 deesset,
1803 4560 1979 4619 Filius

2091 4544 2224 4615 πρὸς
2274 4546 2334 4596 τὸ
2390 4540 2531 4599 εἶναι
2588 4545 2760 4612 Υἱόνς
2823 4548 2882 4600 El
2934 4550 3045 4618 γὰρ
3077 4552 3151 4620 μὴ
3203 4550 3392 4605 λείπόν
3458 4569 3511 4606 τι
3569 4549 3664 4622 ἦν,

410 4658 577 4704 esset.
599 4648 795 4703 Doesse
810 4649 944 4703 nihil
960 4650 1219 4705 dicimus.
1238 4649 1354 4704 Non
1377 4653 1523 4705 enim
1551 4651 1659 4707 Deo
1686 4654 1979 4723 quidquam

2093 4634 2223 4697 Υἱὸς
2257 4634 2323 4687 ἂν
2369 4630 2458 4704 ἦν.
2511 4638 2583 4690 Οὐ
2618 4637 2829 4692 λείπειν
2890 4641 3092 4710 φαμέν·
3153 4643 3275 4696 οὐδὲ
3330 4644 3437 4716 γὰρ
3496 4646 3670 4698 ἐλλει-

410 4742 582 4795 deest.
618 4740 817 4797 Verum
859 4744 1345 4808 manifestatiouis,
1391 4752 1455 4797 ut
1489 4745 1560 4799 ita
1588 4747 1788 4813 dicam,
1862 4765 1979 4801 mu-

2092 4731 2199 4798 πὴς
2266 4729 2419 4791 Θεόςο
2464 4728 2524 4780 ab
2585 4729 2643 4780 δὲ
2704 4731 2806 4800 τῆς
2882 4734 3223 4802 ἐκφάνσεως,
3285 4738 3559 4801 ῖνόὔτως
3588 4741 3668 4792 εἵ-

414 4842 627 4901 tumque
644 4851 725 4888 eoi
743 4836 1133 4889 uiurelationis
1149 4837 1483 4901 dilierentia,
1517 4838 1735 4892 diversa
1767 4855 1979 4908 quoque

2095 4838 2203 4885 πω,
2233 4821 2264 4890 ἢ
2301 4821 2402 4890 τῆς
2432 4821 2569 4889 πρὸς
2602 4822 2810 4894 ἄλληλα
2839 4827 3079 4896 σχέσεως
3098 4828 3379 4900 διάφορον,
3404 4832 3657 4900 διάφορον

413 4925 546 4991 ipsis
578 4929 1159 4995 nomiuaiprocreavit.
1194 4929 1387 4999 Neque
1417 4931 1566 4985 enim
1598 4930 1741 4985 Filio
1771 4931 1978 4999 aliquid

412 5016 582 5075 deest,
641 5017 707 5069 ad
740 5019 839 5070 hoc
871 5026 929 5070 ut
957 5019 1027 5072 sit
1056 5020 1214 5073 Pater
1241 5020 1365 5082 (nec
1391 5021 1569 5090 enim]
1592 5021 1841 5076 defectus
1904 5028 1990 5075 est

419 5103 654 5172 tiliatio),
686 5121 787 5161 nec
813 5118 1103 5177 propterea
1130 5119 1309 5166 tamen
1345 5111 1503 5165 Pater
1530 5124 1631 5167 est.
1665 5111 1885 5181 Alioqui
1901 5127 1990 5166 ea-

416 5196 536 5247 dem
568 5195 777 5250 ra:ione
797 5197 943 5251 Patri
963 5199 1169 5269 aliquid
1188 5201 1385 5262 deerit,
1408 5202 1473 5256 ad
1499 5203 1603 5255 hoc
1624 5213 1683 5255 ut
1698 5204 1770 5256 sit
1788 5203 1981 5258 Filius.

415 5286 525 5341 Nec
555 5289 698 5342 enim
723 5289 935 5343 PaterF
941 5292 1067 5347 ilius
1097 5302 1200 5347 est.
1228 5292 1332 5347 Sed
1360 5295 1474 5348 haec
1495 5294 1771 5349 defectum
1797 5296 1983 5359 procul

413 5376 582 5432 dubio
614 5380 980 5452 undequaque
1015 5399 1125 5438 non
1158 5394 1415 5453 arguunt,
1449 5400 1548 5440 nec
1582 5387 1833 5441 essentia:
1857 5388 1984 5441 sub-

419 5469 729 5527 missiouetn
759 5492 773 5529 :
816 5474 949 5543 quin
985 5475 1167 5544 potius
1186 5490 1253 5529 ex
1288 5475 1378 5530 his
1408 5476 1627 5531 verbis:
1665 5476 1815 5541 Quod
1845 5481 1989 5548 geni-

424 5569 506 5614 tus
538 5579 645 5618 non
673 5568 764 5632 sit,
784 5577 845 5622 et
869 5568 1009 5636 quod
1048 5568 1281 5637 genitus,
1309 5578 1365 5621 et
1393 5568 1533 5637 quod
1580 5569 1848 5637 procedat,
1886 5571 1988 5626 hoc

497 5741 511 5767 ’
542 5739 698 5793 Joan.
737 5759 825 5808 xv,
848 5744 943 5799 9.6.

2095 4912 2275 4966 αὐτῶν
2320 4914 2410 4965 καὶ
2442 4913 2540 4983 τὴν
2576 4915 2768 4983 κλῆσιν
2795 4920 3119 4984 πεποίηκεν.
3162 4921 3299 4974 Οὐδὲ
3330 4924 3527 4992 γὰρτῷ
3553 4921 3667 4993 Υἱῷ

2089 5004 2263 5058 λείπει
2289 5022 2342 5057 τι
2403 5006 2539 5078 πρὸς
2582 5010 2641 5061 τὸ
2695 5008 2838 5063 εἶναι
2875 5012 3095 5080 Πατέρα
3156 5014 3298 5084 (οὐδὲ
3360 5017 3468 5085 γὰρ
3496 5015 3671 5068 ἔλλει-

2086 5097 2178 5165 ψις
2210 5100 2247 5169 ἡ
2286 5098 2518 5170 υίότης),
2549 5102 2665 5153 ἀλλ’
2693 5102 2755 5154 οὐ
2795 5107 2948 5173 παρὰ
2976 5106 3136 5158 τοῦτο
3176 5108 3387 5177 Πατήρ.
3426 5110 3494 5161 Ἦ
3527 5107 3677 5161 οὕτω

2090 5209 2151 5259 γε
2195 5194 2289 5246 καὶ
2345 5193 2425 5264 τῷ
2467 5196 2648 5263 Πατρὶ
2694 5196 2871 5249 λείπει
2909 5214 2962 5249 τι
3020 5199 3159 5267 πρὸς
3222 5199 3284 5250 τὸ
3337 5196 3476 5253 εἶναι
3519 5198 3675 5250 Υῑόνι

2086 5286 2146 5337 οὐ
2172 5286 2283 5355 γὰρ
2328 5286 2455 5348 Υἱὸς
2504 5288 2532 5339 ό
2571 5287 2789 5358 Πατήρ.
2826 5289 2969 5342 Ἀλλ’
2993 5292 3093 5342 οὐκ
3145 5290 3437 5359 ἐλλείψεως
3492 5291 3675 5343 ταῦτά

2093 5381 2286 5446 ποθεν,
2317 5381 2437 5433 οὐδὲ
2460 5380 2559 5450 τῆς
2585 5384 2729 5436 κατὰ
2768 5382 2866 5449 τὴν
2898 5382 3092 5436 οὐσίαν
3126 5386 3398 5451 ὑφέσεωςο
3452 5386 3584 5438 αὐτὸ
3608 5386 3669 5437 δὲ

2090 5474 2292 5540 τὺ,Μὴ
2330 5472 2714 5542 γεγενῆσθαι,
2764 5475 2857 5528 καὶ
2915 5475 2978 5527 τὸ
3023 5475 3405 5546 γεγενῆσθαι,
3463 5479 3557 5529 καὶ
3614 5478 3675 5531 τὸ

2090 5571 2547 5647 ἐκπορεύεσθαι,
2600 5572 2690 5623 τὸν
2725 5572 2823 5642 μὲν
2874 5573 3114 5644 Πατέρα,
3179 5575 3267 5631 τὸν
3297 5576 3350 5629 δὲ
3406 5575 3559 5639 Υἰὸν,
3608 5574 3672 5626 το
