4082 6410
366 338 479 403 825
1331 338 1706 401 PANOPLIA
1744 338 2201 401 DOGMA'l‘lCA.
2237 364 2305 375 —
2345 339 2493 402 TlT.
2532 340 2675 403 xu.
3518 347 3628 412 εεσ

372 480 430 532 δὲ
490 513 506 536 .
649 471 795 528 τοῦθ’
837 471 974 540 ὅπερ
1004 470 1262 538 λεγεται,
1300 464 1526 534 Πνεῦμα
1578 463 1733 533 ἅγιον
1781 477 1981 533 προσ-ι

2065 473 2275 528 ﬂ‘ectum
2307 484 2412 539 est,
2445 484 2503 529 ut
2529 475 2669 531 alius
2700 474 2879 542 Pater,
2921 474 3060 529 alius
3102 473 3292 541 Filius,
3320 475 3461 531 alius
3501 474 3629 541 Spi-

368 566 694 636 ηγὸρευσεν,
714 562 801 614 ἴνα
826 559 887 612 τὺ
906 556 1210 627 ἀσύγχυτον
1235 552 1473 623 σώζηται
1498 552 1607 605 τῶν
1634 551 1799 624 τριῶν
1830 551 1954 605 ὑπο-

2065 567 2175 620 itus
2194 576 2417 621 sanctus
2451 564 2769 633 appelletur,
2800 574 2963 634 atque
3014 565 3087 618 ita
3124 566 3411 620 iuconfusa
3456 567 3621 621 trimn

374 657 619 710 στάσεων
648 654 708 707 ὲν
735 654 801 722 τῇ
840 651 941 721 μιᾷ
969 649 1131 720 φύσει
1157 665 1217 701 τε
1249 647 1343 700 καὶ
1369 644 1497 716 ἀξίᾳ
1538 643 1638 714 τῆς
1679 642 1951 712 θεότητος.

2066 670 2384 711 ersonarum
2415 655 2694 710 distinctio
2728 657 2781 710 in
2835 671 2940 709 una
2986 656 3284 711 divinitatis
3329 669 3522 711 natura
3572 672 3627 712 et

377 746 516 800 Οὔτε
545 745 656 816 γὰρ
682 746 711 796 ὁ
738 743 867 804 Tib;
896 742 1088 811 Πατὴρ
1112 735 1225 811 (εἷς
1249 738 1359 807 γὰρ
1396 734 1630 806 Πατὴρ),
1672 734 1786 787 ἀλλ’
1816 734 1955 802 ὅπερ

2068 748 2289 816 ignitate
2317 756 2690 802 conservetur.
2720 746 2903 816 Neque
2929 747 3072 801 enim
3106 747 3276 801 Filius
3320 757 3406 801 est
3463 748 3629 801 Pater

374 841 405 891 6
430 838 620 907 Πατήρ
639 854 654 867 ’
686 833 809 888 οὔτε
836 834 898 885 τὸ
925 832 1151 903 Πνεῦμα
1178 830 1303 892 Υίὸς
1339 869 1356 894 ,
1484 828 1566 881 ὅτι
1599 826 1665 879 ὲκ
1689 823 1783 878 τοῦ
1818 822 1954 877 Θεοῦ

2065 853 2201 891 unus
2223 838 2363 893 enim
2393 847 2474 892 est
2504 836 2721 907 Pater),
2767 841 2862 891 sed
2893 847 2977 892 est
3016 838 3066 891 id
3107 838 3249 906 quod
3292 836 3457 892 Pater
3485 855 3498 891 :
3526 853 3626 893 nec

381 923 482 992 ἐἷς
528 929 638 999 γὰρ
684 929 713 980 6
752 925 1115 995 Μονογενὴς),
1162 922 1275 976 ἀλλ’
1322 922 1461 990 ὅπερ
1505 921 1534 972 6
1580 917 1736 981 Υἱόςο
1782 916 1840 969 ἓν
1887 916 1957 968 τὰ

2065 930 2267 997 »ρίι-ἱιιιε
2305 938 2388 983 est
2432 928 2623 993 Filius,
2678 929 2801 997 quia
2845 944 2912 982 ex
2948 927 3057 982 Deo
3103 937 3186 982 est
3246 927 3424 999 (unus
3480 928 3625 981 enim

377 1021 507 1092 τρία
534 1022 602 1090 τῇ
638 1018 875 1089 θεότητι,
907 1017 999 1070 καὶ
1023 1016 1084 1068 τὸ
1129 1014 1185 1067 ἓν
1225 1013 1351 1085 τρία
1375 1014 1496 1073 ταῖς
1537 1010 1822 1080 ἰδιότησιν*
1869 1006 1956 1059 ἵνα

2065 1020 2431 1091 luigenitus),
2484 1023 2578 1076 sed
2634 1031 2717 1075 est
2754 1021 2805 1073 id
2861 1021 3003 1089 quod
3050 1018 3220 1073 Filius
3268 1037 3281 1073 :
3335 1020 3436 1073 tria
3508 1018 3627 1072 hare

382 1112 523 1182 μήτε
546 1110 607 1163 τὺ
638 1109 697 1161 ἓν
730 1107 1019 1161 Σαϐέλλιον
1044 1101 1101 1180 ᾖ,
1141 1105 1279 1175 μήτε
1313 1102 1380 1157 τά
1415 1101 1542 1174 τρία
1577 1100 1679 1170 τῆς
1714 1096 1957 1167 πονηρᾶς

2072 1130 2219 1177 num,
2248 1114 2292 1167 si
2316 1114 2652 1166 divinitatem
2872 1120 3113 1181 spectes,
3141 1122 3195 1166 et
3224 1128 3386 1164 unum
3423 1111 3547 1176 tria,
3579 1111 3626 1166 si

646 1200 981 1271 διαιρέσεως.

2065 1208 2426 1276 ιτοριοίειοιιιιιι
2454 1206 2715 1259 rationem
2755 1204 2988 1270 habeas;
3021 1214 3077 1257 ut
3108 1218 3205 1256 nec
3237 1219 3402 1255 unum
3439 1202 3628 1257 Sabel—

2032 1298 2327 1361 liol‘aveat,
2382 1311 2481 1350 nec
2530 1297 2634 1349 tria
2710 1296 2979 1363 pestifera:
3027 1295 3316 1358 divisioni,
3352 1310 3471 1362 qum
3528 1295 3630 1347 hac

380 1202 479 1256 νῦν

555 1471 619 1523 Τί
653 1466 776 1535 οὗν;
825 1467 956 1531 Θεὸς
1000 1466 1060 1519 τὸ
1107 1464 1364 1537 Πνεῦμα;
1413 1462 1561 1517 Πάνυ
1609 1477 1696 1530 γε.
1736 1458 1803 1511 Τί
1844 1452 1961 1524 οὖν,

2037 1401 2355 1461 tempestate
2377 1391 2541 1460 viget.

2203 1484 2342 1550 Quid
2367 1483 2535 1551 ergo?
2556 1479 2793 1549 Spiritus
2820 1489 3042 1534 sanctus
3062 1486 3145 1532 est
3174 1477 3352 1531 Deus?
3374 1475 3625 1530 Maxime.

383 1564 701 1637 ὀμοοὺσιονς
735 1560 905 1631 Εἴπερ
941 1558 1094 1621 Θεός.
1137 1558 1236 1620 Δὸς
1277 1551 1369 1610 οὖν
1405 1572 1514 1626 μοι,
1546 1552 1731 1623 φησὶν,
1770 1552 1834 1603 ὲκ
1868 1545 1961 1602 τοῦ

2065 1572 2518 1631 ionsubstantialis
2574 1570 2775 1641 igitur?
2839 1568 3105 1630 Prorsus.
3147 1567 3415 1635 siquidem
3463 1565 3626 1618 Deus.

386 1657 579 1718 αὑτοῦ,
612 1655 670 1707 τὸ
719 1652 817 1723 μὲν
857 1650 1004 1714 Υἱὸν,
1046 1649 1109 1701 τὸ
1140 1649 1196 1701 δὲ
1225 1649 1321 1719 οὐχ
1357 1647 1505 1711 Υἱδν,
1540 1641 1658 1698 εἶτα
1681 1641 1961 1714 ὁμοούσια,

387 1749 483 1802 καὶ
528 1748 755 1816 δέχομαι
951 1741 1105 1803 Θεὸν,
1148 1740 1240 1793 καὶ
1279 1740 1433 1793 Θεόν.
1478 1739 1579 1801 Δός
1626 1755 1718 1808 μοι
1763 1737 1856 1789 καὶ
1900 1736 1964 1789 σὺ

384 1840 543 1894 ἄλλον
569 1836 722 1899 Θεὸν,
754 1834 849 1887 καὶ
884 1831 1046 1898 φύσιν
1080 1829 1236 1897 Θεοῦ,
1270 1830 1366 1881 καὶ
1410 1828 1566 1881 δώσω

385 1931 555 2001 αὐτὴν
598 1926 805 2000 Τριάδα
860 1923 998 1996 μετά
1048 1922 1156 1977 τῶν
1207 1923 1387 1975 αὐτῶν
1441 1921 1722 1991 ὀνομάτων
1775 1937 1832 1971 τε
1876 1919 1968 1970 καὶ

387 2022 757 2094 πραγμάτων.
786 2019 849 2071 Ei
889 2016 945 2069 δὲ
984 2010 1065 2077 εἷς
1097 2015 1126 2066 ὁ
1155 2012 1288 2075 Θεός
1317 2030 1375 2065 τε
1406 2012 1501 2066 κα¹ι⁹
1679 2011 1776 2080 μία
1810 2008 1970 2076 φύσις

389 2118 425 2185 ὴ
464 2113 748 2173 ἀνωτάτω,
776 2106 941 2160 πόθεν
974 2104 1307 2174 παραστήσω
1339 2119 1419 2154 σοι
1444 2101 1543 2169 τὴν
1576 2100 1868 2169 ὁμοίωσιν;
1900 2100 1970 2150 Ἢ

390 2205 575 2273 ζητεῖς
773 2196 935 2249 πάλιν
979 2196 1044 2246 ὲκ
1078 2191 1188 2245 τῶν
1231 2192 1381 2246 κάτω
1428 2192 1521 2243 καὶ
1564 2190 1670 2243 τῶν
1704 2190 1831 2256 περ).
1876 2188 1969 2249 σέ;

389 2296 528 2350 Δίαν
581 2293 677 2363 μὲν
725 2287 971 2359 αἰσχρὸν,
1022 2285 1117 2339 καὶ¹
1170 2284 1271 2336 οὐκ
1327 2281 1551 2352 αἰσχρὸν
1608 2280 1787 2352 μόνον,
1840 2279 1975 2333 ἀλλὰ

393 2387 491 2440 καὶ
531 2384 757 2455 μάταιον
802 2377 1085 2444 ἐπιεικῶς,
1127 2379 1193 2428 ὲκ
1246 2374 1353 2428 τῶν
1395 2374 1546 2427 κάτω
1578 2371 1684 2424 τῶν
1718 2369 1829 2423 ἄνω
1876 2371 1974 2440 τὴν

393 2478 645 2531 εἰκασίαν
686 2472 1005 2544 λαμϐάνειν,
1034 2470 1128 2522 καὶ
1152 2466 1259 2520 τῶν
1310 2467 1579 2535 ἀκινήτων
1619 2464 1683 2515 ὲκ
1713 2461 1813 2532 τῆς
1850 2463 1974 2532 ῥευ-

397 2569 532 2635 στῆς
588 2563 824 2632 φύσεως,
879 2559 1011 2624 καὶ,
1059 2558 1087 2610 ὅ
1123 2571 1289 2627 φησιν
1330 2555 1578 2617 Ἡσαΐας,
1630 2549 1977 2622 ὲκζητεῖσθαι

396 2657 465 2709 τὰ
511 2653 692 2718 ζῶντα
886 2651 946 2702 ὲν
975 2651 1088 2712 τοῖς
1136 2648 1369 2718 νεκροῖς.
1397 2646 1585 2715 Ὅμως
1612 2644 1669 2697 δὲ
1719 2642 1979 2714 πειράσο-

402 2763 525 2817 μαι,
558 2743 656 2813 σὴν
689 2742 870 2812 χάριν,
903 2737 1197 2792 κάντεῦθεν
1221 2735 1401 2789 δοῦναί
1433 2752 1557 2789 τινα
1586 2735 1663 2807 τῷ
1831 2733 1976 2801 λόγῳ

402 2835 675 2906 βοήθειαν.
733 2832 814 2885 Τὰ
876 2830 974 2901 μὲν
1020 2825 1111 2882 οὖν
1158 2827 1294 2883 ἄλλα
1351 2827 1619 2904 παρήσειν
1676 2844 1766 2896 μοι
1813 2824 1977 2890 δοκῶ,

404 2926 576 2980 πολλὰ
609 2925 675 2978 ἂν
724 2922 862 2993 ἔχων
898 2922 963 2975 ὲκ
1010 2921 1107 2990 τῆς
1138 2919 1268 2990 περὶ
1321 2917 1475 2983 ζώων
1512 2916 1749 2988 ἱστορίας
1778 2919 1980 2980 εἰπεῖν,

402 3018 476 3071 τὰ
509 3018 606 3088 μὲν
650 3016 780 3085 ἡμῖν
809 3011 1083 3095 γνώριμα,
1125 3011 1194 3063 τὰ
1234 3011 1291 3063 δὲ
1321 3011 1431 3071 τοῖς
1460 3008 1689 3075 ὀλίγοιςσ
1722 3010 1822 3061 ὅσα
1855 3006 1982 3079 περὶ

404 3109 505 3171 τὰς
557 3107 665 3159 τῶν
716 3103 872 3168 ζώων
924 3102 1232 3171 γενέσειςὴ
1289 3099 1449 3168 φύσις
1506 3098 1978 3169 ἐφιλοτεχνήσατο.

2040 1673 2112 1726 Da
2143 1669 2307 1739 igitur
2339 1667 2493 1730 mihi,
2530 1663 2730 1733 inquis,
2761 1678 2826 1717 ex
2852 1660 3039 1715 eodem
3070 1660 3213 1712 aliud
3244 1673 3364 1712 esse
3407 1654 3628 1719 Filium,

2041 1762 2185 1815 aliud
2214 1799 2229 1823 ,
2260 1758 2402 1826 quod
2441 1755 2611 1809 Filius
2652 1769 2756 1806 non
2784 1752 2875 1814 sit,
2903 1758 2960 1803 et
2998 1757 3178 1802 tamen
3228 1747 3471 1814 ejusdem
3506 1760 3630 1799 cum

1752 1844 1834 1879 σοι
1868 1827 1966 1894 τὴν
1986 1842 2129 1910 Billu
2158 1850 2493 1916 substantim,
2535 1864 2595 1901 ac
2627 1846 2816 1908 Deum,
2851 1853 2905 1898 et
2935 1843 3101 1896 Deum
3132 1842 3434 1895 admittam.
3470 1841 3542 1893 Da
3571 1850 3626 1893 tu

2041 1956 2255 2012 quoque
2280 1940 2410 1994 mihi
2440 1940 2604 1992 Deum
2635 1934 2820 1994 alium,
2872 1931 3073 2001 Deique
3119 1942 3391 1991 naturam,
3428 1939 3482 1983 ct
3529 1931 3624 1983 tibi

2041 2036 2283 2089 eamdem
2317 2029 2641 2084 Trinitatem
2667 2039 2787 2077 cum
2822 2021 3013 2076 iisdeui
3046 2019 3357 2073 nominibus
3380 2034 3443 2072 ac
3467 2019 3629 2072 rebus

2042 2130 2203 2183 dabo.
2230 2125 2361 2179 Cum
2401 2134 2530 2175 vero
2561 2118 2700 2172 Deus
2722 2131 2883 2179 unus,
2909 2122 3069 2182 atque
3103 2127 3207 2166 una
3243 2124 3496 2179 suprema
3528 2123 3627 2163 na-

2043 2229 2162 2275 tura
2192 2218 2281 2277 sit,
2310 2214 2450 2268 unde
2499 2209 2713 2263 tandem
2746 2205 3155 2259 similitudinem
3184 2201 3276 2255 tibi
3325 2214 3622 2269 repraesen-

2048 2308 2321 2366 tabo?Au
2376 2317 2563 2358 rursus
2614 2297 2854 2369 postulas
2904 2312 2969 2350 ex
3013 2293 3245 2348 terrenis
3279 2301 3334 2346 et
3384 2289 3634 2345 humanis

2044 2417 2161 2459 eam
2188 2397 2346 2455 duci?
2369 2395 2535 2451 Valde
2557 2390 2798 2460 proiecto
2827 2398 2982 2456 turpe
3012 2395 3115 2449 est,
3148 2400 3244 2439 nec
3272 2394 3426 2452 turpe
3452 2383 3631 2445 modo,

2046 2495 2140 2551 sed
2174 2492 2338 2545 etiam
2359 2487 2515 2542 valde
2538 2483 2763 2538 stultum
2805 2489 2859 2534 et
2888 2480 3068 2539 inane,
3099 2490 3166 2529 ex
3221 2474 3517 2527 humilibus
3550 2487 3636 2525 re-

2050 2587 2170 2648 bus,
2199 2592 2515 2650 superarum
2548 2570 2955 2637 cmlestiumqne
2998 2564 3347 2619 simulacrum
3396 2574 3633 2625 sumere,

2049 2649 2339 2741 rerumque
2370 2678 2637 2723 certarum
2668 2672 2829 2729 atque
2851 2653 3216 2711 constantiam
3251 2666 3317 2704 ex
3347 2649 3487 2702 ﬂuxa
3522 2650 3637 2701 fra-

2052 2767 2255 2839 gilique
2287 2771 2503 2821 natura,
2527 2754 2776 2823 quodque
2824 2749 2989 2803 Isaias
3024 2747 3101 2799 ait
3136 2741 3371 2797 viventia
3410 2742 3461 2792 in
3494 2754 3641 2792 mor-

2051 2829 2448 2924 tuis-requirere
2492 2846 2529 2900 ¹.
2544 2846 2607 2899 Ει
2623 2855 2799 2897 tamen
2820 2839 3058 2901 adnitar,
3079 2833 3295 2903 quando
3314 2832 3389 2884 ita
3410 2829 3641 2894 vis,hinc

2050 2916 2266 3020 quoque
2312 2936 2621 2995 nonnullam
2679 2928 2909 2987 orationi
2966 2935 3164 2979 nostra:
3217 2934 3373 2988 opem
3427 2916 3640 3020 aﬂ'erre.

2051 3002 2227 3108 Atque
2250 3034 2354 3088 alia
2387 3029 2603 3100 quidem
2655 3016 3109 3093 praetermittenda
3137 3014 3293 3074 duco,
3323 3009 3421 3062 etsi
3476 3002 3642 3061 multa

2052 3134 2119 3185 de
2148 3124 2463 3183 animalium
2501 3115 2728 3173 historia
2782 3120 3212 3165 commemorare
3244 3118 3465 3179 queam.
3520 3115 3644 3167 par-

405 3196 702 3253 Γεννᾶσθαι
735 3194 842 3265 γὰρ
875 3193 1112 3261 λέγεται,
1149 3192 1247 3245 οὐκ
1288 3192 1352 3243 ὲκ
1384 3190 1494 3243 τῶν
1537 3189 1714 3243 αὐτῶν
1746 3189 1811 3242 τὰ
1845 3189 1981 3242 αὐτά

2065 3225 2152 3277 tim
2191 3219 2347 3273 nobis
2396 3221 2545 3273 nota,
2576 3205 2768 3276 partim
2821 3199 3006 3270 paucis
3055 3196 3291 3264 cognita,
3327 3208 3444 3259 qua:
3498 3190 3642 3244 circa

406 3292 588 3363 μόνον,
630 3288 751 3341 οὐδὲ
780 3286 839 3351 ἐξ
883 3286 1083 3355 ἐτέρων
1113 3286 1278 3354 ἒτερα
1316 3318 1332 3344 ,

405 3400 514 3455 ρων
542 3380 611 3434 τὰ
644 3378 804 3443 αὐτὰ,
831 3378 925 3431 καὶ
951 3377 1016 3429 ὲκ
1046 3374 1152 3429 τῶν
1175 3373 1355 3428 αὐτῶν
1381 3373 1563 3443 ἕτερα.
1589 3372 1650 3424 Ei
1674 3370 1731 3424 δέ
1908 3384 1986 3433 τῳ

407 3472 599 3537 πιστὸς
628 3473 657 3524 6
699 3471 879 3539 λόγος,
915 3470 1008 3522 καὶ
1046 3458 1354 3531 ἄλλος’ὲστὶ
1401 3465 1601 3536 τρόπος
1655 3465 1983 3534 γεννήσεως,

408 3566 540 3618 αὐτό
580 3580 632 3616 τι
683 3563 773 3630 ὑφ’
812 3559 1006 3615 ἑαυτοῦ
1057 3557 1445 3630 δαπανώμενον
1494 3558 1588 3609 καὶ
1646 3556 1983 3626 τικτόμενον.

413 3657 570 3708 Ἐστι
602 3654 660 3706 δὲ
710 3628 874 3706 άκαὶ
924 3628 1218 3714 ὲξίστατα(
1264 3665 1381 3712 πως
1435 3644 1664 3711 ἑαυτῶν,
1715 3645 1775 3710 ἐξ
1810 3644 1987 3698 ἄλλων

411 3746 569 3814 ζώων
596 3747 675 3807 εἰς
704 3743 838 3799 ἄλλα
888 3739 1259 3812 μεθιστάμενά
1287 3755 1344 3791 τε
1388 3737 1483 3790 καὶ
1525 3735 1983 3807 μεταποιούμενοι,

410 3835 691 3906 φιλοτιμίᾳ
735 3832 968 3904 φύσεως.
1002 3831 1141 3900 Ἤδη
1184 3829 1242 3882 δὲ
1282 3830 1374 3882 καὶ
1420 3825 1513 3880 τοῦ
1560 3824 1745 3889 αὑτοῦ,
1788 3826 1848 3877 τὸ
1889 3824 1987 3895 μὲν

406 3927 467 3981 οὐ
510 3924 777 3995 γέννημα,
805 3923 866 3976 τὸ
905 3921 963 3974 δὲ
1001 3919 1267 3989 γέννημα,
1311 3918 1451 3986 πλὴν
1501 3915 1793 3986 ὁμοούσια·
1826 3915 1854 3968 ὃ
1895 3915 1988 3968 καὶ

406 4017 485 4087 τῷ
526 4017 756 4088 παρόντι
790 4031 908 4076 πως
951 4011 1150 4082 μᾶλλον
1191 4007 1530 4080 προσέοικεν.
1565 4008 1662 4060 Ἐν
1702 4007 1759 4059 δέ.
1793 4024 1843 4059 τι
1880 4005 1988 4059 τῶν

407 4108 692 4178 ἡμετέρων
739 4103 927 4169 εἰπὼν,
969 4103 997 4156 ὃ
1026 4102 1120 4156 καὶ
1168 4103 1302 4154 πᾶσι
1347 4097 1642 4171 γνώριμον,
1686 4100 1769 4166 ἐφ’
1804 4099 1988 4168 ἕτερον

410 4200 620 4270 μεταϐή
629 4214 791 4270 σομαι
821 4196 997 4264 λόγον.

1482 3280 1617 3334 ἀλλὰ
1648 3281 1742 3333 καὶ
1787 3281 1846 3346 ἐξ
1874 3279 1987 3333 ἑτέ·-

2056 3309 2414 3369 animantium
2439 3311 2591 3357 ortus
2635 3312 2699 3350 ac
2744 3292 3124 3362 generationes
3164 3295 3354 3341 natura
3392 3287 3528 3335 miro
3563 3296 3646 3334 ar-

2062 3405 2227 3461 tilicio
2275 3396 2458 3455 edidit.
2496 3389 2652 3457 Gigni
2684 3385 2882 3453 etenim
2919 3381 3199 3441 dicuntur,
3245 3390 3349 3428 non
3384 3374 3541 3426 modo
3575 3384 3642 3424 ex

2058 3495 2247 3552 iisdem
2278 3490 2489 3548 eadem,
2530 3465 2778 3549 atqueex
2807 3472 3033 3528 diversis
3089 3469 3337 3532 diversa;
3361 3464 3454 3518 sed
3480 3464 3643 3515 etiam

2056 3587 2242 3643 eadem
2272 3596 2339 3636 ex
2372 3574 2624 3635 diversis,
2674 3583 2737 3621 ac
2776 3567 2987 3619 diversa
3038 3575 3106 3614 ex
3164 3557 3374 3612 iisdem.
3415 3551 3565 3619 Quod
3597 3549 3643 3603 si

2058 3679 2220 3734 etiam
2254 3671 2506 3738 cuiquam
2539 3663 2696 3716 (idem
2734 3656 2865 3710 facit
2901 3652 2989 3708 hic
3035 3663 3236 3709 sermo,
3269 3644 3405 3698 alius
3438 3652 3521 3695 est
3552 3655 3640 3709 ge-

2067 3737 2604 3824 nerationismodns,
2634 3760 2691 3805 ut
2738 3746 2878 3802 idem
2909 3740 3110 3797 animal
3144 3754 3173 3792 a
3206 3737 3384 3802 seipso
3438 3746 3645 3785 consu-

2067 3821 2243 3908 inatnr
2273 3858 2327 3902 et
2351 3851 2683 3915 procreetur.
2710 3835 2849 3890 Sunt
2868 3833 3033 3887 etiam
3059 3844 3203 3895 qum,
3230 3824 3375 3878 velut
3408 3821 3642 3891 quadam

2064 3954 2267 3997 ιιηιιιτιε
2303 3930 2723 4005 magniﬁcentia,
2772 3942 2803 3980 a
2866 3924 3059 3994 seipsis
3105 3921 3504 3991 quodammodo
3554 3920 3648 3974 de-

2067 4036 2325 4095 sviscant,
2354 4038 2511 4096 atque
2537 4040 2604 4078 ex
2635 4021 2756 4075 aliis
2786 4016 3108 4071 animalibus
3135 4014 3188 4068 in
3228 4012 3328 4067 alia
3364 4020 3641 4066 transeant

2067 4140 2228 4195 atque
2258 4126 2629 4176 immutentur.
2656 4110 2957 4178 Quinetiam
2992 4108 3133 4163 idem
3168 4106 3389 4169 animal,
3444 4108 3641 4174 partim

2069 4234 2171 4271 nun
2207 4215 2468 4286 genitum,
2512 4208 2706 4279 partim
2747 4203 3006 4273 genitum,
3064 4209 3118 4255 et
3153 4209 3334 4253 tamen
3393 4198 3637 4266 ejusdem

409 4297 733 4352 substantiae
773 4296 1017 4366 reperire
1051 4304 1134 4350 est
1170 4310 1185 4349 :
1218 4296 1362 4365 quod
1408 4296 1628 4365 quidem
1682 4295 1747 4349 ad
1794 4294 2078 4364 praesentis
2112 4297 2434 4366 qumstionis
2467 4297 2877 4353 similitudinem
2919 4302 3149 4371 propius
3210 4299 3443 4356 accedit.
3478 4297 3655 4353 Unum

408 4390 671 4458 quiddam
728 4403 795 4443 ex
859 4388 1061 4443 nostris
1121 4388 1212 4442 ubi
1270 4403 1813 4449 commemoravero.
1872 4387 2017 4458 quod
2070 4389 2231 4444 etiam
2296 4392 2501 4445 nemini
2552 4391 2800 4459 ignotum
2833 4404 2952 4459 est,
3013 4395 3121 4450 alio
3167 4406 3357 4467 postea
3405 4394 3661 4448 transibit

406 4482 607 4538 oratio.

498 4575 555 4626 ’0
593 4572 769 4642 ’Δδὰμ
826 4572 880 4625 τί
920 4588 1050 4626 ποτε
1106 4565 1218 4643 ἦν;
1281 4570 1513 4639 Πλάσμα
1566 4572 1725 4625 Θεοῦ.
1785 4572 1851 4624 Τί
1892 4571 1980 4625 δαὶ

2154 4564 2295 4632 Quid
2354 4566 2570 4619 tandem
2637 4564 2879 4620 Adamus
2935 4567 3100 4621 erat?
3164 4568 3252 4622 Dei
3316 4567 3659 4637 ﬁgmentum.

405 4668 441 4733 ἡ
483 4658 592 4717 Εὗα
624 4680 640 4729 ;
671 4664 883 4734 Τμῆμα
906 4661 1002 4717 τοῦ
1040 4662 1382 4734 πλάσματος.
1407 4664 1471 4717 Τί
1498 4664 1586 4716 δαὶ
1619 4665 1648 4717 6
1680 4663 1785 4733 Σήθ
1806 4678 1820 4727 ;
1844 4662 1984 4732 Ἀμ-

406 4756 657 4826 φοτέρων
709 4754 982 4825 γέννημα.
1037 4751 1170 4825 'Ap'
1213 4751 1307 4810 οὖν
1340 4756 1537 4809 ταυτόν
1592 4772 1678 4808 σοι
1734 4755 1986 4824 φαίνεται

406 4846 663 4917 πλάσμα,
698 4847 793 4900 καὶ
816 4847 1034 4917 τμῆμα,
1063 4848 1159 4900 καὶ
1183 4847 1461 4918 γέννημα,
1487 4847 1612 4911 Πῶς
1628 4846 1689 4901 οῦ
1711 4846 1982 4916 ;’ομοού-

416 4956 513 4993 om
552 4939 609 4993 δὲ
639 4938 837 5006 ταῦτα,
875 4938 909 5009 ἢ
941 4938 994 4990 τί
1009 4954 1027 5006 ;
1080 4938 1204 5002 Πῶς
1264 4937 1309 4991 δ’
1339 4936 1439 5006 ob;
1479 4938 1849 5009 Ὥμολόγηται
1874 4937 1988 5002 ,οὖν

410 5032 513 5084 καὶ
537 5032 608 5085 τὰ
634 5031 908 5101 διαφόρως
964 5030 1276 5083 ὑποστάντα
1334 5029 1438 5100 τῆς
1497 5031 1668 5100 αὐτῆς
1704 5026 1846 5085 εἶναι
1894 5031 1991 5084 οὑ-

415 5122 540 5183 σίας
578 5121 919 5191 ἐνδέχεσθαι.
952 5120 1113 5189 Λέγω
1144 5121 1203 5174 δὲ
1226 5120 1423 5186 ταῦτα,
1456 5122 1555 5174 οὐκ
1590 5122 1687 5174 ἐπὶ
1738 5124 1839 5193 τὴν
1874 5122 1992 5175 θεό-

420 5230 562 5281 τητιι
590 5212 775 5283 φέρων
812 5212 911 5282 τὴν
939 5211 1160 5277 πλάσιν,
1185 5212 1220 5283 ἦ
1247 5212 1347 5283 τὴν
1381 5212 1577 5283 τομὴν,
1613 5212 1647 5283 ἡ
1674 5229 1728 5265 τι
1756 5214 1866 5266 τῶν
1892 5215 1995 5266 ὅσα

420 5303 678 5371 σώματος
700 5302 798 5373 (μή
835 5304 1029 5373 μοίτις
1052 5302 1370 5373 ὲπιφνέσθω
1412 5302 1574 5355 πάλιν
1604 5304 1715 5356 τῶν
1753 5303 1996 5373 λογομά-

421 5396 579 5465 κων),
608 5395 805 5449 suae:
841 5394 1049 5450 τούτων
1076 5396 1322 5467 θεωρῶν,
1379 5396 1458 5460 ὡς
1502 5397 1597 5451 ἐπὶ
1639 5396 1869 5466 σκηνῆς,
1928 5398 1996 5450 τὰ

427 5485 719 5556 νοούμενα.
745 5487 880 5542 Οὐδὲ
902 5490 1014 5559 γὰρ
1039 5484 1150 5543 οἷόν
1176 5505 1236 5541 τε
1258 5488 1369 5542 τῶν
1418 5488 1795 5559 εἰκαζομένων
1837 5488 1996 5543 οὐδὲν

422 5579 564 5648 πρὸς
598 5581 779 5633 πᾶσαν
805 5581 1135 5647 ἐξικνεῖσθαι
1160 5581 1415 5651 καθαρῶς
1434 5582 1533 5653 τὴν
1566 5582 1846 5653 ἀλήθειαν.
1875 5583 1985 5637 Καὶ

498 5759 517 5791 ⁸
550 5757 653 5814 lsa.
696 5773 813 5824 vtu,
846 5757 929 5812 19.

2084 4659 2225 4726 Quid
2243 4659 2388 4712 Eva?
2414 4657 2682 4727 Figmenti
2712 4668 3077 4727 segmentmn.
3095 4659 3237 4723 Quid
3262 4659 3422 4713 Sella?
3447 4661 3665 4716 Utrius-

2087 4769 2192 4823 que
2223 4751 2462 4806 soboles.
2510 4750 2735 4805 idemne
2765 4764 2931 4818 porro
2950 4750 3045 4804 tibi
3096 4766 3216 4804 esse
3250 4752 3526 4818 videntur,
3565 4756 3662 4823 lig-

2090 4854 2358 4909 mentum,
2379 4853 2747 4913 segmentum,
2765 4850 2821 4896 et
2839 4843 3092 4898 soboles?
3109 4843 3309 4909 Quidni
3326 4844 3350 4897 ?
3368 4848 3501 4917 Age,
3520 4848 3666 4915 ejus-

2092 4937 2290 4991 demne
2348 4935 2463 4988 haec
2538 4933 2791 4989 essentize
2846 4932 2988 4987 inter
3049 4948 3107 4987 se
3140 4944 3291 5001 sunt,
3343 4951 3412 4989 an
3488 4936 3670 4991 diver-

2096 5026 2205 5081 sae?
2235 5025 2523 5095 Ejusdem.
2552 5024 2606 5078 ln
2624 5023 2877 5079 confesso
2909 5024 3075 5094 igitur
3103 5036 3213 5089 est,
3246 5038 3327 5089 ut,
3363 5044 3486 5097 quae
3523 5045 3605 5083 vai
3623 5032 3673 5085 ie

2100 5120 2398 5184 exsistunt,
2423 5117 2669 5172 eamdem
2694 5126 2875 5171 tamen
2901 5119 3199 5172 essentiam
3258 5118 3519 5175 habeant.
3567 5121 3677 5174 Nec

2103 5230 2237 5270 vero
2261 5214 2379 5269 hac
2426 5226 2493 5267 eo
2526 5225 2556 5266 a
2592 5226 2681 5266 me
2737 5211 3022 5278 dicuntur,
3067 5214 3216 5283 quod
3248 5214 3546 5279 ﬁctionem,
3583 5224 3677 5268 aut

2104 5308 2431 5373 sectionem,
2455 5312 2551 5360 aut
2578 5303 2790 5373 aliquid
2835 5304 2980 5359 aliud
3012 5320 3078 5360 ex
3108 5304 3220 5368 his,
3242 5321 3365 5374 quae
3420 5305 3672 5371 corporis

2109 5398 2478 5469 uaturaJert,
2532 5397 2591 5452 in
2642 5396 2984 5453 divinitatem
3032 5397 3313 5453 conferam
3350 5397 3497 5462 (nec
3527 5395 3674 5448 enim

2108 5494 2238 5547 mihi
2253 5507 2446 5547 rursus
2471 5505 2686 5563 pugnax
2702 5490 2977 5560 quispiam
3000 5496 3280 5559 argutator
3302 5485 3562 5540 insidiose
3579 5502 3675 5537 un-

2111 5587 2358 5651 mineat),
2374 5584 2473 5640 sed
2495 5593 2554 5638 ut
2582 5584 2637 5638 in
2668 5585 2755 5640 his
2773 5583 2940 5639 rebus
2964 5596 3050 5647 ea,
3079 5580 3233 5635 velut
3262 5579 3319 5633 in
3341 5591 3528 5641 scena,
3547 5590 3677 5647 spe-
