4082 6384
407 317 512 378 82⁸1

1663 315 2045 379 EUTHYMII
2081 316 2441 378 ZIGABENI

3564 334 3672 398 828

408 445 574 500 etem,
607 447 732 502 quae
767 446 876 487 non
910 432 1012 487 nisi
1043 431 1318 487 intellectu
1361 430 1764 501 percipiuntur.
1790 433 1976 503 Neque

2078 434 2130 487 τι
2154 433 2345 498 ταῦτα,
2383 433 2580 502 φασίνς
2617 436 2692 491 Οὐ
2722 436 2832 506 γὰρ
2877 436 2973 492 τοῦ
2999 438 3141 506 ἑνὸς,
3170 441 3233 493 τὸ
3266 441 3370 510 μὲν
3395 445 3664 517 γέννημα.

407 525 560 578 enim
597 524 712 577 lieri
771 533 970 591 potest,
1005 532 1063 577 ut
1086 523 1266 592 imago
1291 522 1400 576 ulia
1434 533 1492 576 et
1517 525 1844 589 similitudo,
1906 527 1983 580 rei

409 617 696 670 veritatem
717 617 878 684 plane
900 615 1251 684 perfecteque
1267 626 1613 684 assequatur.
1643 615 1746 671 Sed
1768 617 1980 683 dicunt,

411 721 676 772 quorsum
699 706 853 760 haec?
902 705 1013 759 Nec
1043 707 1193 759 enim
1229 707 1393 760 unius
1417 707 1797 777 ejusdemque,
1841 709 1981 763 alter

417 793 605 860 Filius,
641 797 780 849 alter
807 794 960 849 aliud
1007 796 1333 865 quidquam.
1377 797 1516 863 Quid
1551 797 1760 864 igitur?
1790 798 1900 852 Eva
1922 807 1980 852 et

408 884 564 950 Seth,
629 899 810 940 nonne
842 901 910 939 ex
933 887 1126 941 eodem
1151 888 1361 942 Adamo
1389 889 1554 944 sunt?
1584 889 1658 943 Ex
1691 905 1798 958 quo
1828 891 1976 944 enim

405 977 512 1029 alio
533 976 555 1028 ?
585 974 778 1029 Utrum
803 987 986 1031 autem
1000 977 1162 1033 ambo
1185 993 1253 1032 ex
1274 993 1338 1034 eo
1357 981 1523 1050 geniti
1547 991 1676 1036 sunt
1691 985 1715 1035 ζ’
1730 981 1976 1037 Minime.

403 1067 546 1131 Quid
575 1070 958 1137 ergoiAltera
996 1081 1342 1141 segmentum
1408 1083 1518 1138 est,
1580 1074 1720 1128 alter
1790 1075 1977 1130 illius:

405 1161 556 1227 atqui
608 1162 770 1216 ambo
805 1163 951 1218 inter
987 1178 1047 1218 se
1077 1164 1222 1220 idem
1279 1173 1452 1221 sunt:
1490 1168 1742 1224 homines
1787 1169 1976 1224 enim:

401 1263 566 1301 nemo
591 1258 678 1304 est
707 1253 798 1319 qui
840 1254 1133 1310 inﬁcietur.
1171 1256 1470 1313 Desinesne
1508 1257 1674 1326 igitur
1698 1259 1980 1316 ‘adversus

2090 525 2150 576 τὸ
2173 527 2230 578 δὲ
2253 527 2383 580 ἄλλο
2405 541 2481 580 τι.
2513 525 2579 580 Τί
2609 527 2742 595 οῦν;
2777 529 2842 582 Ἢ
2873 529 2984 584 Εὔα
3037 531 3133 584 καὶ
3162 534 3192 587 ὁ
3224 533 3358 602 Σὴθ,
3417 537 3539 607 οὐχὶ
3563 541 3659 594 τοῦ

2087 624 2251 676 αὑτοῦ
2277 625 2372 677 τοῦ
2396 623 2570 694 Ἀδὰμ
2596 642 2612 694 ;
2665 627 2824 690 Τίνος
2869 631 2976 698 γὰρ
3000 628 3202 696 anno;
3237 626 3316 684 Ἦ
3361 633 3457 683 καὶ
3489 635 3668 704 ἀμφό-

2085 733 2236 786 τεροι
2267 718 2614 786 γεννήματα;
2652 719 2936 789 Οὐδαμῶς.
2966 721 3129 777 Ἀλλὰ
3159 723 3213 776 τί
3233 739 3250 790 ;
3269 724 3344 778 Τὸ
3386 725 3493 796 μιν
3523 729 3670 796 τμῆ-

2091 823 2186 876 μα,
2221 807 2283 860 τὸ
2313 807 2370 862 δὲ
2401 809 2667 880 γέννημα·
2706 813 2800 864 καὶ
2835 814 2941 883 μὴν
2971 815 3274 883 ἀμφότεροι
3321 818 3523 870 ταυτὸν
3555 821 3661 872 et.

2086 899 2290 968 λήλοις·
2325 899 2604 971 ἄνθρωποι
2632 903 2763 972 γάρ’
2815 898 2989 968 οὐδεὶς
3024 906 3265 977 ἀντερεῖ.
3309 909 3505 982 Datim
3555 908 3657 964 οὖν

2087 989 2516 1060 ἀπομαχόμενος
2573 992 2711 1062 πρὸς
2755 995 2820 1047 τὸ
2877 997 3125 1067 Πνεῦμα,
3203 998 3276 1063 ὡς
3331 1000 3663 1074 ῆγέννημα

2087 1081 2326 1146 πάντως,
2352 1082 2385 1152 ἦ
2417 1084 2491 1153 μὴ
2518 1084 2826 1149 ὀμοούσιον,
2860 1089 2996 1160 μηδὲ
3020 1089 3174 1156 Θεὸν,
3205 1091 3303 1146 καὶ
3346 1091 3410 1147 ὲκ
3432 1094 3542 1146 τῶν
3569 1095 3666 1148 ἁν-

2087 1173 2375 1242 θρωπίνων
2407 1175 2469 1228 τὸ
2499 1175 2725 1232 δυνατὸν
2753 1177 2937 1232 λαϐὼν
2982 1180 3086 1251 τῆς
3114 1182 3395 1253 ἡμετέρας
3451 1185 3665 1256 ὑπολή-

2085 1264 2232 1334 ψεως
2257 1282 2274 1334 ;

402 1338 669 1408 Spiritum
704 1347 989 1412 dimicare,
1048 1349 1202 1418 quasi
1228 1351 1484 1408 videlicet
1537 1365 1634 1409 aut
1669 1357 1889 1423 genitus
1929 1357 2155 1414 omnino
2194 1362 2289 1428 sit,
2330 1371 2427 1418 aut
2478 1365 2964 1424 consubstantialis
3017 1385 3127 1425 non
3167 1351 3278 1436 bsit,
3333 1386 3437 1428 nec
3495 1371 3660 1442 Deus,

408 1439 711 1505 praesertim
757 1454 883 1493 cum
907 1453 977 1493 ex
1029 1440 1267 1497 humana
1318 1459 1540 1516 quoque
1609 1449 1970 1508 similitudine
2003 1458 2330 1513 sententiam
2362 1468 2609 1515 nostram
2654 1462 3078 1533 haudquaquam
3108 1465 3502 1536 impossibilem
3535 1484 3658 1525 esse

404 1533 778 1591 intellexeris?

902 1693 986 1749 Ea:
1014 1694 1198 1751 eadem
1226 1699 1486 1755 oratione.

474 1830 579 1886 Sed
625 1832 768 1898 quis,
830 1832 1087 1901 inquies,
1154 1833 1416 1903 Spiritum
1478 1837 1764 1894 adoravit?
1817 1841 1973 1911 Quis,

399 1925 486 1979 vel
521 1937 783 1989 veterum,
819 1925 900 1980 vel
934 1929 1271 1984 recentium?
1302 1931 1429 1998 Quis
1459 1951 1578 1988 eum
1626 1938 1839 1992 oravit?
1865 1940 1979 2007 Quo

405 2016 698 2084 Scriptura:
724 2016 840 2069 loco
875 2033 996 2071 eum
1025 2019 1358 2075 adorandum
1399 2034 1490 2075 aut
1537 2030 1799 2082 orandum
1861 2047 1979 2088 esse

405 2107 836 2174 proditutn‘est?
888 2107 1040 2164 Unde
1089 2111 1189 2165 hoc
1233 2113 1493 2168 hausisti?
1527 2117 1632 2172 Nos
1683 2121 1841 2191 hujus
1903 2124 1977 2178 rei

403 2195 697 2264 pleniorem
751 2213 968 2251 causam
1017 2212 1197 2267 postea
1255 2205 1567 2270 reddemus,
1599 2223 1719 2261 cum
1775 2213 1841 2265 de
1874 2228 1978 2268 non

404 2288 623 2356 scriptis
655 2289 994 2356 dogmatibus
1035 2292 1384 2349 dis~eremus.
1419 2291 1570 2350 Nunc
1604 2315 1732 2355 vero
1775 2301 1876 2357 hoc
1899 2305 1981 2358 di-

403 2395 528 2431 eote
559 2379 804 2433 sufﬁciat.
831 2381 1063 2448 Spiritus
1091 2393 1194 2448 est,
1231 2385 1281 2438 in
1314 2401 1422 2454 quo
1469 2391 1774 2459 adoramus,
1804 2403 1857 2448 et
1886 2409 1983 2463 per

403 2484 560 2534 quem
592 2486 833 2524 oramus.
874 2472 1105 2538 Spiritus
1128 2476 1283 2536 enim,
1310 2476 1507 2545 inquit,
1526 2487 1601 2532 est
1630 2479 1806 2536 Deus:
1829 2495 1982 2554 atque

401 2573 506 2618 eos,
550 2559 640 2627 qui
666 2561 834 2628 ipsum
867 2563 1119 2629 adorant,
1147 2567 1200 2617 in
1238 2564 1439 2635 Spiritu
1471 2578 1519 2622 et
1556 2572 1772 2626 t'eritate
1823 2589 1980 2642 opor-

402 2657 470 2700 tet
499 2651 723 2702 adorare
774 2653 813 2706 ¹.
847 2651 924 2704 Ac
952 2667 1143 2707 rursus
1163 2696 1176 2719 ,
1211 2655 1350 2719 Quid
1377 2658 1516 2710 enim
1539 2673 1764 2725 oremus,
1798 2678 1982 2732 quem-

401 2744 687 2792 (atmodum
739 2753 960 2809 oportet,
1021 2746 1299 2800 nescimus.
1347 2746 1451 2801 Sed
1511 2749 1874 2821 Spiritttsipse
1899 2756 1983 2810 in-

404 2827 639 2888 terpellat
655 2844 745 2890 pro
766 2829 909 2879 nobis
926 2832 1201 2895 gentilibus
1222 2833 1664 2890 inenarrabilibus
1715 2835 1761 2896 ².
1781 2839 1847 2893 Et
1873 2841 1979 2894 alio

405 2917 520 2969 loco
546 2936 568 2972 ξ
599 2917 773 2970 Oratio
821 2916 1041 2986 Spiritu,
1091 2925 1251 2977 orabo
1289 2936 1334 2977 et
1366 2937 1533 2980 mente
1587 2927 1607 2959 ³
1639 2969 1653 2994 ,
1699 2928 1750 2984 id
1784 2941 1888 2996 εει,
1926 2931 1978 2985 in

2504 1709 2602 1765 Ἐκ
2630 1709 2739 1766 τοῦ
2757 1711 2946 1767 αὐτοῦ
2969 1713 3182 1783 λόγου.

2190 1849 2353 1928 una.
2392 1848 2899 1928 ric_1tpoaextivqae
2955 1854 3037 1922 τῷ
3089 1853 3400 1926 Πνεύματι,
3447 1857 3658 1928 φησίν;

2074 1921 2156 1984 τίς
2197 1922 2229 1992 ἢ
2272 1923 2380 1977 τῶν
2410 1924 2680 1992 παλαιῶν,
2719 1927 2751 1998 ἥ
2801 1929 2910 1982 τῶν
2956 1921 3130 1999 νέων;
3175 1921 3260 1998 τίξ
3303 1921 3661 2006 δὲίπροσηύί-
3769 1976 3785 1987 .

2077 2012 2235 2077 garo;
2277 2013 2379 2066 ποῦ
2414 2014 2502 2068 δαὶ
2701 2017 2762 2070 τὸ
2811 2019 3006 2089 χρῆναι
3045 2028 3372 2092 προσκυνεῖν
3408 2027 3440 2098 ἢ
3494 2045 3662 2100 προσ-

2079 2101 2334 2172 εύχεσθαι
2400 2105 2768 2176 γέγραπταις
2838 2111 2932 2162 καὶ
3025 2111 3190 2166 πόθεν
3248 2115 3405 2169 τοῦτο
3480 2118 3664 2174 λαόὼν

2076 2192 2262 2263 ἔχειςς
2328 2195 2439 2266 Τὴν
2506 2197 2605 2267 μὲν
2671 2196 3009 2272 τελεωτέραν
3069 2205 3249 2259 αἰτίαν
3310 2209 3663 2282 ἀποδώσομεν

2077 2285 2324 2358 ὕστερον,
2361 2288 2525 2359 ⁴ίινίκα
2555 2289 2621 2343 ἂν
2656 2291 2784 2362 περὶ
2819 2287 2913 2345 τοῦ
2961 2294 3213 2365 ἅγράιρου
3241 2297 3618 2373 διαλεγώμεθα
3644 2322 3658 2335 ·

2076 2375 2172 2432 νῦν
2196 2379 2252 2431 δὲ
2289 2377 2540 2434 τοσοῦτον
2574 2383 2748 2435 εἰπεῖν
2790 2383 3104 2456 ἐξαρκέσει·
3138 2387 3212 2440 Τὸ
3253 2387 3476 2460 Πνεῦμά
3513 2394 3664 2448 ἐστιν

2076 2471 2135 2522 ὲν
2154 2463 2198 2538 ᾧ
2224 2471 2655 2542 προσκυνοῦμεν,
2681 2474 2775 2526 καὶ
2793 2474 2858 2527 δι’
2881 2469 2940 2528 οῦ
2964 2481 3394 2552 προσευχόμεθα.
3417 2486 3663 2556 Πνεῦμα

2076 2562 2210 2633 γὰρ,
2241 2565 2424 2634 φησιν,
2456 2568 2488 2618 ὁ
2525 2567 2689 2634 Θεὸς,
2724 2567 2822 2621 καὶ
2856 2568 2998 2635 τοὺς
3029 2572 3525 2642 προσκυνοῦντας
3563 2580 3666 2631 αὺ-

2077 2655 2205 2722 τὸν,
2244 2657 2314 2709 ἐν
2358 2658 2657 2728 Πνεύματι
2690 2660 2789 2714 καὶ
2830 2662 3080 2730 ἀληθείᾳ
3119 2661 3215 2717 δεῖ
3250 2671 3660 2734 προσκυνεῖν·

2078 2747 2172 2800 καὶ
2211 2747 2370 2800 πάλιν
2391 2763 2405 2778 ο
2460 2749 2531 2802 Τὸ
2573 2749 2684 2818 γὰρ
2717 2750 2776 2802 τι
2816 2751 3287 2822 προσευξόμεθα,
3326 2757 3453 2812 καθ’
3483 2757 3514 2811 ὃ
3547 2757 3661 2824 δεῖ,

2077 2837 2189 2888 οὐκ
2225 2835 2493 2906 οῑδαμεν,
2539 2838 2678 2892 ἀλλ’
2721 2840 2867 2894 αὐτὸ
2901 2841 2966 2895 τὸ
3013 2843 3258 2913 Πνεῦμα
3295 2848 3660 2919 ὑπερεντυγ-

2077 2926 2248 2997 χάνει
2458 2929 2611 2998 ὑπὲρ
2666 2931 2836 3000 ἡμῶν
2884 2937 3239 3006 στεναγμοῖς
3288 2939 3616 3008 ἀλαλήτοις
3639 2959 3655 2974 ο

404 3017 581 3059 mente
612 3015 666 3059 et
700 3005 926 3075 Spiritu.
961 3001 1098 3080 Ergo
1139 3013 1341 3082 Spiritu
1388 3016 1634 3082 adorare,
1672 3019 1754 3072 vel
1798 3035 1977 3085 orare,

2080 3015 2194 3080 καὶ,
2230 3017 2644 3087 Προσεύξομαι
2681 3018 2760 3085 τῷ
2793 3001 3117 3094 Πνεύματι,
3153 3001 3556 3100 προσεύξομαι
3589 3001 3662 3087 δὲ

403 3097 532 3150 mihi
567 3098 696 3151 nihil
721 3099 864 3153 aliud
893 3115 1015 3155 esse
1045 3103 1257 3157 videtur
1281 3146 1296 3170 ,
1325 3121 1486 3175 quam
1544 3109 1717 3177 ipsum
1771 3111 1979 3181 sibiipsi

400 3189 702 3242 orationem
733 3190 814 3243 vel
849 3193 1217 3250 adoratiouetn
1248 3195 1461 3253 oﬂ‘erre.
1498 3201 1736 3272 Eamque
1761 3215 1981 3260 senten-

403 3277 529 3329 tiam
572 3279 692 3346 quis
735 3291 818 3333 est
872 3282 960 3350 qui
1000 3300 1104 3338 nou
1143 3290 1590 3356 comprobaturus
1643 3293 1734 3359 sit,
1766 3296 1830 3350 de
1860 3312 1978 3350 ma-

401 3370 520 3438 guis
566 3385 628 3424 ac
665 3371 866 3426 divinis
910 3374 1038 3429 viris
1107 3376 1317 3447 loquor,
1345 3381 1546 3448 quique
1571 3385 1737 3452 probe
1760 3397 1976 3452 norunt,

406 3461 564 3513 unius
592 3461 966 3517 adorationem
1001 3465 1161 3519 trium
1192 3468 1561 3540 adorationem
1592 3486 1730 3537 esse,
1762 3485 1982 3542 propter

402 3551 663 3621 aequalem
695 3555 859 3608 trium
893 3571 1243 3625 personarum
1271 3560 1586 3630 dignitatem
1620 3578 1685 3618 ac
1728 3563 1980 3621 divinita-

403 3651 510 3695 tem
540 3643 563 3695 ?
593 3643 698 3698 Sed
731 3660 798 3698 ne.
826 3645 954 3700 illud
983 3648 1200 3717 quidem
1230 3652 1601 3719 extimescam,
1630 3656 1774 3725 quod
1795 3659 1975 3712 omnia

402 3748 496 3800 per
513 3731 705 3789 Filium
737 3735 878 3790 facta
912 3752 1030 3794 esse
1060 3741 1313 3797 dicuntur
1346 3749 1401 3808 ⁸,
1431 3754 1684 3815 tanquam
1711 3748 1766 3803 in
1793 3763 1972 3804 rerum

403 3826 808 3882 universitatem
833 3828 1070 3899 Spiritus
1094 3848 1309 3903 quoque
1356 3847 1573 3894 sanctus
1601 3843 1975 3912 aggregandus

365 3979 370 3983 _
403 3919 493 3972 sit.
523 3918 714 3988 Omnia
753 3922 922 3985 enim,
951 3937 1284 3996 quazcunque
1309 3926 1447 3982 facta
1473 3939 1617 3992 sunt.
1658 3932 1787 3987 dicit
1849 3933 1981 3988 dicit

405 4009 734 4080 evangelista
785 4009 832 4078 ⁸,
866 4025 972 4066 non
1010 4014 1192 4068 omnia
1219 4017 1556 4086 simpliciter.
1587 4019 1720 4073 Nam
1765 4034 1832 4074 ne
1865 4021 1978 4088 ipse

409 4100 623 4166 quidem
650 4101 842 4168 Pater,
876 4119 976 4158 nec
1022 4105 1201 4158 omnia
1252 4121 1334 4169 ea,
1365 4116 1484 4176 quin
1513 4106 1652 4162 facta
1681 4125 1785 4164 non
1830 4117 1972 4162 sunt.

394 4193 570 4248 Proba
592 4207 721 4264 ergo
749 4195 1010 4264 Spiritum
1039 4199 1241 4254 tactum
1270 4215 1334 4254 ac
1377 4212 1717 4268 procreatum
1749 4213 1890 4267 esse,
1914 4217 1978 4257 ac

395 4300 507 4341 tum
530 4285 667 4342 Filio
689 4299 810 4346 eum
834 4288 922 4351 da,
944 4298 998 4344 et
1021 4289 1074 4343 in
1097 4299 1470 4345 creaturarum
1499 4307 1724 4347 numero
1750 4293 1969 4348 colloca.

2082 4295 2506 4366 συναρίθμησον.
2535 4296 2681 4360 Ἕως
2719 4297 2765 4350 δ’
2807 4297 2874 4351 ἂν
2906 4299 2980 4372 μὴ
3013 4301 3174 4354 τοῦτο

393 4378 644 4444 Quandiu
702 4386 880 4431 autem
925 4377 977 4433 id
1005 4380 1239 4449 probare
1268 4390 1431 4450 atque
1463 4384 1754 4438 ostendere
1783 4383 1977 4452 nequi-

399 4470 560 4535 veris,
589 4469 723 4526 nihil
755 4470 850 4526 tibi
907 4471 972 4526 ad
1027 4471 1360 4541 impietatem
1411 4473 1706 4544 adiumenti
1743 4475 1978 4543 comple-

392 4561 482 4616 xio
516 4561 605 4615 illa
652 4561 880 4616 allatura
931 4571 1034 4616 est.
1073 4561 1130 4617 Si
1157 4567 1302 4617 enim
1334 4562 1509 4618 factus
1538 4574 1654 4632 est,
1693 4573 1789 4634 per
1815 4565 1975 4620 Chri-

391 4665 533 4706 suttn
564 4651 752 4720 utique
787 4671 801 4706 :
835 4667 902 4706 ne
933 4651 1048 4722 ipse
1079 4651 1296 4722 quidem
1329 4651 1539 4707 inllcias
1569 4655 1737 4709 ivero.
1792 4653 1846 4708 Si
1877 4669 1975 4707 au-

393 4753 498 4795 tetu
527 4742 704 4796 factus
728 4759 835 4796 non
869 4752 977 4805 est,
1006 4741 1298 4811 Quomodo,
1335 4753 1426 4797 aut
1477 4757 1658 4797 rerum
1689 4745 1974 4797 universa-

393 4848 509 4884 rum
544 4845 772 4888 numero
802 4832 1134 4902 includetur,
1195 4843 1289 4887 aut
1343 4845 1440 4903 per
1482 4835 1761 4889 Christum
1804 4834 1976 4889 lactus

391 4921 531 4974 erit?
570 4921 802 4976 Proinde
831 4923 1040 4986 desine,
1062 4931 1114 4976 et
1153 4921 1392 4988 Patrem,
1449 4923 1501 4977 in
1535 4923 1652 4978 Filii
1696 4931 1974 4979 contume-

393 5011 518 5064 liam
570 5013 704 5065 male
760 5011 1031 5066 honorare
1091 5014 1109 5082 (
1159 5012 1332 5068 malus
1367 5015 1510 5067 enim
1541 5016 1713 5068 honor
1733 5026 1834 5078 est,
1869 5015 1975 5068 Pa-

394 5113 528 5157 lmm
565 5101 701 5157 Filio
735 5105 973 5172 privare,
1033 5115 1307 5174 utcunque
1367 5119 1489 5160 eum
1543 5107 1973 5175 praestantiorem

388 5205 696 5249 creaturam
723 5205 842 5246 esse
867 5194 1261 5262 concesseris),
1289 5204 1344 5248 ct
1393 5193 1590 5248 Filium
1643 5196 1692 5247 in
1741 5195 1976 5260 Spiritus

388 5287 560 5340 lancii
597 5286 969 5355 ignominiam.
1009 5283 1126 5340 Non
1177 5287 1322 5340 enim
1372 5288 1616 5340 censervi
1660 5285 1840 5354 opifex
1867 5295 1971 5351 est,

387 5378 479 5430 sed
508 5393 631 5430 cum
669 5393 753 5443 eo,
785 5379 874 5448 qui
904 5377 1020 5445 pari
1049 5378 1317 5447 dignitate
1360 5388 1464 5434 est.
1491 5377 1844 5447 glorificatur.
1880 5378 1973 5432 Ni-

387 5468 461 5522 hil
484 5469 736 5524 Trinitati
769 5484 832 5525 ex
865 5471 1038 5539 teipse
1071 5471 1263 5532 tribue,
1297 5477 1410 5524 nea
1439 5467 1703 5524 Trinitate
1731 5472 1970 5525 excidas.

388 5557 544 5615 Nullo
588 5563 746 5617 modo
777 5577 942 5617 unam
974 5561 1121 5617 illam
1160 5569 1408 5616 naturam
1440 5576 1503 5615 ac
1533 5573 1782 5630 peraeque
1811 5576 1975 5616 vene-

2081 3104 2180 3157 καὶ
2218 3104 2296 3170 τῷ
2325 3107 2450 3160 νοτ*
2490 3107 2636 3161 τοῦτ’
2687 3108 2854 3177 ἔστιν,
2901 3115 2959 3166 ὲν
2986 3113 3069 3167 νοῒ
3113 3117 3207 3170 καὶ
3245 3119 3544 3192 Πνεύματι.
3582 3126 3659 3180 Τὸ

2079 3193 2171 3250 οῦν
2203 3199 2526 3269 προσκυνεῖν
2555 3198 2633 3270 τῷ
2659 3201 2962 3274 Πνεύματι,
2990 3205 3022 3276 ἢ
3056 3209 3474 3281 προσεύχεσθαι,
3504 3215 3660 3270 οὐδὲν

2078 3286 2205 3340 ἄλλο
2251 3284 2388 3342 εἷναί
2427 3307 2517 3360 μοι
2576 3283 2847 3360 φᾶίνεται,
2891 3295 2926 3366 ἢ
2971 3298 3106 3351 αὐτὸ
3145 3301 3321 3373 ἑαυτῷ
3350 3303 3448 3376 τὴν
3491 3305 3659 3376 εὐχὴν

2077 3380 2373 3450 προσάγειν
2433 3383 2527 3434 καὶ
2581 3383 2682 3454 τὴν
2733 3386 3124 3458 προσκύνησιν.
3172 3392 3238 3444 '0
3294 3393 3378 3457 τίς
3442 3395 3542 3448 οὐκ
3588 3396 3660 3450 ἂν

2077 3472 2382 3527 ἐπαινέσειε
2410 3473 2518 3526 τῶν
2556 3475 2776 3543 ὲνθέων,
2820 3479 2912 3532 καὶ
2939 3479 3046 3533 τῶν
3080 3476 3139 3535 εῦ
3172 3483 3409 3552 εἰδότων,
3441 3487 3523 3540 ὄτι
3560 3491 3658 3543 καὶ

2077 3563 2110 3634 ή
2149 3563 2244 3616 τοῦ
2279 3565 2398 3628 ἑνὸς
2437 3565 2843 3639 προσκύνησις,
2887 3570 2997 3624 τῶν
3041 3571 3208 3643 τριῶν
3256 3575 3372 3627 ἐστι
3413 3577 3654 3648 προσκύ-

2078 3671 2254 3722 νησις,
2288 3655 2378 3708 διὰ
2411 3657 2472 3710 τὺ
2504 3658 2560 3710 ὲν
2587 3661 2702 3722 τοῖς
2729 3661 2908 3731 τρισὶν
2931 3662 3194 3734 ὁμότιμον
3219 3665 3318 3735 τῆς
3346 3665 3522 3732 ἀξίας,
3559 3668 3658 3721 καὶ⁵

2076 3743 2174 3814 τῆς
2201 3745 2483 3817 θεότητος;
2515 3751 2626 3803 Καὶ
2655 3750 2761 3821 μὴν
2781 3751 2900 3804 οὐδὲ
2923 3753 3100 3807 ἐκεῖνο
3237 3752 3613 3826 φοϐηθήσομαι
3636 3799 3655 3823 ,

2076 3833 2138 3886 τὸ
2175 3835 2355 3890 πάντα
2395 3837 2484 3891 διὰ
2513 3838 2607 3891 τοῦ
2642 3838 2774 3891 Υἱοῦ
2809 3839 3092 3908 γεγονέναι
3124 3837 3398 3909 λέγεσθαι,
3428 3840 3505 3904 ὡς
3536 3843 3658 3906 ἐνὸς

2077 3923 2187 3976 τῶν
2223 3927 2438 3982 πάντων
2471 3928 2623 3992 ὄντος
2663 3930 2757 3983 καὶ
2786 3929 2880 3982 τοῦ
2913 3929 3069 3997 ἁγίου
3101 3931 3438 4002 Πνεύματος,
3468 3933 3657 3986 Πάντα

2078 4016 2187 4089 γὰρ
2215 4019 2315 4073 ὅσα
2347 4021 2590 4090 γέγονεν,
2617 4022 2855 4094 εἴρηται,
2883 4022 2984 4092 οὐχ
3023 4023 3207 4087 ἁπλῶς
3241 4024 3488 4080 ἅπανταο
3534 4026 3658 4079 οὐδὲ

2078 4108 2187 4180 γὰρ
2221 4111 2250 4163 ὁ
2283 4112 2491 4182 Πατὴρ,
2527 4113 2636 4165 οὐδ’
2669 4113 2767 4166 ὅσα
2804 4113 2877 4183 μὴ
2908 4113 3148 4181 γέγονεν.
3191 4116 3372 4179 Δεῖξον
3541 4114 3657 4174 οῦν.

2079 4203 2162 4257 ὅτι
2197 4203 2410 4273 γέγονε,
2444 4204 2538 4256 καὶ
2569 4204 2693 4258 τότε
2724 4206 2801 4277 τῷ
2831 4207 2946 4278 Υίῷ
2987 4207 3095 4274 δὺς,
3135 4208 3229 4263 καὶ
3264 4209 3378 4271 τοῖς
3404 4210 3666 4280 κτίσμασι

3358 4298 3619 4363 δεικνύεις
3644 4339 3664 4364 ,

2077 4381 2229 4436 οὐδὲν
2253 4382 2332 4453 τῷ
2362 4383 2745 4456 περιληπτικῷ
2781 4385 2948 4458 βοηθῇ
2981 4385 3120 4458 πρὸς
3164 4385 3438 4441 ἀσέϐειαν.
3467 4387 3530 4440 Et
3562 4387 3672 4457 μὲν

2076 4474 2186 4546 γὰρ
2228 4475 2444 4544 γέγονε,
2475 4475 2564 4529 διὰ
2609 4476 2848 4547 Χριστοῦ
2883 4477 3101 4540 πάντως
3127 4495 3142 4508 ·
3178 4477 3302 4532 οὐδὲ
3349 4477 3514 4538 αὐτὸς
3562 4479 3665 4549 ἁρ-

2077 4569 2352 4637 νήσωμαι.
2532 4569 2595 4622 Εἰ
2629 4569 2684 4622 δὲ
2712 4570 2777 4621 ού
2809 4570 3024 4638 γέγονε,
3061 4567 3181 4634 πῶς
3221 4570 3256 4642 ἢ
3299 4570 3409 4623 τῶν
3445 4568 3672 4624 πάντων

2076 4657 2155 4720 ἓν,
2189 4659 2222 4729 ἢ
2261 4658 2350 4712 διὰ
2377 4659 2648 4730 Χριστοῦξ
2683 4655 2903 4714 ’Παῦσαι
2932 4658 3024 4715 οὖν
3053 4662 3145 4714 καὶ
3183 4661 3275 4714 τὸν
3314 4662 3534 4733 Πατέρα
3565 4679 3665 4716 κα-

2076 4748 2189 4809 κῶς
2235 4749 2412 4818 τιμῶν
2466 4749 2607 4802 κατὰ
2655 4751 2747 4804 τοῦ
2809 4752 3152 4821 Μονογενοῦς
3199 4751 3368 4824 (κακὴ
3420 4753 3477 4806 δὲ
3524 4753 3660 4823 τιμὴ

2076 4839 2281 4908 κτίσμα
2308 4839 2520 4892 διδόντα
2559 4841 2622 4893 τὸ
2664 4842 2989 4914 τιμιώτερον
3021 4842 3345 4916 ἀποστερεῖν
3369 4843 3542 4913 Υίὺν).
3569 4843 3660 4895 καὶ

2076 4930 2166 4982 τὸν
2198 4931 2330 4982 Υίὸν
2382 4933 2524 4985 κατὰ
2576 4934 2672 4987 τοῦ
2708 4935 3045 5006 Πνεύματος.
3088 4938 3164 4990 ού
3213 4936 3322 5008 γὰρ
3372 4935 3658 5009 ὁμοδούλου

2075 5019 2424 5092 δημιουργὸς,
2479 5024 2595 5077 ἀλλ’
2641 5025 2890 5097 ὁμοτίμῳ
2951 5026 3428 5098 συνδοξαζόμενος.
3476 5026 3665 5097 Μηδὲν

2080 5113 2219 5182 μετὰ
2249 5115 2478 5170 σεαυτοῦ
2523 5117 2621 5188 θῇς
2669 5113 2768 5190 τῆς
2794 5113 3044 5191 Τριὰδος,
3076 5119 3151 5192 μὴ
3188 5121 3288 5190 τῆς
3316 5119 3545 5190 Τριάδος
3572 5122 3666 5173 ex»

2079 5204 2271 5277 πέσῃς.
2305 5207 2510 5279 Μηδενὶ
2555 5212 2862 5284 περικόψῃς
2901 5213 3000 5285 τὴν
3031 5211 3158 5285 μίαν
3328 5212 3531 5283 ὁμοίως
3575 5229 3666 5265 σε-

2077 5293 2326 5365 ϐάσμιον.
2367 5297 2454 5362 Ὠς
2483 5300 2564 5352 ὅτι
2597 5299 2663 5353 ἂν
2699 5301 2808 5354 τῶν
2836 5301 3003 5372 τριῶν
3033 5301 3288 5376 καθέλῃς,
3322 5301 3385 5354 τὸ
3419 5300 3528 5354 πᾶν
3561 5300 3663 5372 ἔσῃ

2075 5388 2426 5462 καθῃρηκὼς,
2453 5392 2652 5462 μᾶλλον
2671 5393 2727 5445 δὲ
2755 5391 2849 5445 τοῦ
2888 5393 3089 5458 παντὸς
3122 5391 3514 5456 ὲκπεπτωκώς.
3535 5390 3664 5444 Βέλ-

2075 5495 2188 5532 τιον
2223 5479 2424 5550 μικρὰν
2460 5483 2557 5553 τῆς
2597 5482 2842 5547 ἑνώσεως
2878 5485 3181 5554 φαντασίαν
3228 5481 3435 5550 λαϐεῖν,
3460 5483 3497 5556 ἦ
3523 5499 3662 5538 παν·

2069 5569 2197 5643 τελῆ
2232 5573 2504 5644 τολμῆσαι
2541 5573 2882 5632 δυσσέϐειαν.

477 5770 493 5798 ¹
523 5767 679 5824 Joan.
718 5787 790 5836 tv,
826 5770 917 5826 2-1.
996 5776 1016 5808 ²
1043 5773 1179 5830 Rom
1209 5790 1328 5842 vui,
1369 5774 1463 5832 26.
1542 5771 1604 5830 ³1
1634 5773 1760 5830 Cor.
1794 5792 1904 5842 λιν,
1944 5777 1977 5829 il

2101 5773 2428 5975 δῡι,
2458 5781 2507 5834 5.
2582 5783 2598 5811 ⁵
2639 5780 2768 5832 ibid.
