4082 6440
356 373 473 437 829
1323 371 1702 434 PANOPLIA
1740 371 2201 436 DOGMATICA.
2235 398 2307 412 ·-
2334 374 2487 439 ΤΙΤ.
2527 374 2667 437 XII.
3507 371 3615 437 830

362 484 589 539 randum
620 488 838 538 trunca.
868 481 1084 551 Alioqui
1110 483 1158 538 si
1192 481 1322 553 quid
1351 498 1416 538 ex
1462 483 1639 538 tribus
1662 482 1949 546 everteris,
1996 489 2171 537 totum
2196 486 2487 549 everteris,
2539 487 2704 540 imoa
2746 491 2866 539 toto
2899 483 3195 541 excideris.
3237 482 3459 540 Pra-stat
3488 489 3612 541 exi-

361 592 529 646 guum
586 577 860 648 quoddam
892 576 1113 632 uniouis
1133 574 1281 631 illius
1314 576 1665 631 simulacrum
1713 590 1930 646 capere,
1960 590 2122 644 quam
2147 577 2429 648 proﬂigata
2452 581 2686 649 quadam
2718 581 2943 634 audacia
2984 581 3039 635 in
3090 589 3310 638 amttam
3355 582 3521 647 imp‘e
3547 596 3607 632 a-

364 682 473 723 tem
502 683 885 739 prorumpere.

438 759 606 812 Ἥκει
658 758 717 810 δὲ
768 758 901 827 ἡμῖν
933 755 962 809 6
994 755 1152 824 λόγος
1182 757 1274 807 ἐπ’
1314 754 1449 809 αὐτὸ
1486 754 1551 808 τὸ
1605 754 1935 824 κεφάλαιον·

2113 756 2276 811 Venit
2324 770 2436 825 tam
2490 758 2556 811 ad
2618 756 2949 828 praecipuum
3013 758 3400 825 disputationis
3451 768 3616 828 caput
3662 831 3665 834 ν

365 844 457 895 καὶ
500 843 673 895 στένω
705 844 822 913 μὲν,
855 846 939 898 ὅτι
974 846 1142 900 πάλαι
1177 846 1438 916 τεθνηκὸς
1477 846 1719 917 ζήτημα,
1763 845 1857 897 καὶ
1885 844 1945 915 τῇ

2046 847 2229 911 iratio;
2260 861 2325 900 ac
2363 845 2718 913 questionem
2750 845 2990 912 quidem,
3024 857 3146 911 quae
3165 842 3494 912 jampridem
3520 860 3615 912 op-

363 935 545 987 πίστει
597 936 1032 1007 παραχωρῆσαν,
1064 938 1159 992 νῦν
1191 938 1598 1002 ἀνακαινίζεται
1618 955 1630 968 ·
1664 938 1854 1007 στῆναι
1894 937 1945 991 δι

2046 952 2214 992 tressa
2248 947 2332 992 est
2362 943 2419 992 et
2448 936 2742 1002 exstincta,
2773 945 2939 1002 atque
2965 932 3089 987 ﬁdei
3117 934 3306 996 cessit,
3337 934 3440 989 hoc
3481 944 3619 988 tem-

360 1029 513 1097 ὃμως
577 1027 878 1093 ἀναγκαῖον
933 1029 1071 1100 πρὸς
1131 1030 1259 1093 τοὺς
1312 1030 1640 1101 λογολέσχας
1660 1069 1675 1093 ,
1729 1031 1824 1083 καὶ
1878 1030 1945 1103 μὴ

2046 1042 2159 1084 iure
2196 1028 2447 1083 renovari
2482 1026 2641 1081 doleo
2670 1035 2726 1082 et
2762 1024 3062 1093 ingemisco
3090 1041 3105 1078 :
3140 1025 3405 1080 adversus
3452 1027 3608 1080 rabu-

360 1123 580 1190 ἐρήμην
626 1120 852 1185 ἁλῶναι,
894 1121 1068 1190 Λόγον
1107 1122 1352 1193 ἔχοντας,
1387 1124 1483 1177 καὶ
1517 1123 1945 1195 συνηγοροῦντας

2047 1138 2111 1178 as
2140 1131 2323 1176 tamen
2356 1131 2504 1175 stare
2527 1133 2751 1175 necesse
2780 1128 2885 1183 est,
2920 1132 2986 1171 ac
3005 1117 3311 1187 providere,
3356 1132 3422 1172 ne
3470 1117 3613 1171 velut

355 1212 661 1283 Πνεύματι.
723 1213 788 1266 Ei
820 1212 974 1277 Θεὸς,
1010 1214 1142 1283 φασὶ
1176 1252 1190 1276 ,
1359 1216 1453 1269 κα)⁵
1487 1216 1640 1279 Θεὸς,
1675 1218 1770 1269 καὶ
1794 1217 1945 1280 Θεὸς,

2046 1214 2239 1267 leserta
2274 1226 2438 1267 causa
2460 1211 2767 1273 vincamur,
2796 1208 2888 1277 qui
2922 1208 3156 1263 Verbum
3182 1206 3461 1272 habemus,
3490 1206 3614 1277 Spi-

356 1304 475 1367 πῶς
507 1305 630 1374 οὐχὶ
668 1307 817 1375 τρεῖς
858 1304 1007 1372 Osci;
1042 1306 1074 1376 ἢ
1113 1305 1232 1366 πῶς
1261 1306 1322 1358 οὑ
1364 1306 1675 1379 πολυαρχία
1701 1308 1762 1360 τὸ
1798 1308 1945 1373 δοξω

2046 1305 2275 1373 'itusque
2303 1303 2667 1373 patrocinium
2695 1300 3040 1369 suscipimus.
3059 1298 3114 1353 Si
3151 1297 3314 1365 Deus,
3336 1299 3609 1368 inquiunt,

357 1394 617 1465 ζὸμενον;
654 1395 842 1449 Ταῦτα
874 1396 1057 1462 τίνες;
1087 1398 1148 1451 Οἱ
1178 1397 1497 1468 τελεώτεροι
1682 1400 1782 1471 τὴν
1826 1400 1945 1453 ἀσέ-

2046 1407 2082 1452 at
2109 1398 2270 1465 Deus,
2299 1408 2353 1452 et
2379 1397 2538 1459 Deus,
2570 1397 2698 1465 quid
2721 1411 2899 1450 causa:
2931 1410 3052 1451 esse
3096 1405 3290 1465 potest,
3327 1397 3455 1465 quin
3506 1408 3617 1453 tres

358 1484 535 1547 εειαν,
583 1484 619 1556 ἦ
655 1487 751 1540 καὶ
779 1487 829 1539 οἱ
864 1487 963 1557 τῆς
1001 1488 1263 1558 δευτέρας
1452 1490 1692 1562 μερίδος,
1728 1491 1870 1560 λέγω
1899 1493 1945 1546 δὲ

2046 1491 2140 1544 ῑίιιι
2176 1492 2273 1554 dii,
2298 1500 2388 1544 aut
2416 1492 2546 1559 quin
2582 1488 2816 1558 plurium
2865 1489 3084 1542 deorum
3139 1487 3496 1556 principatum
3523 1503 3614 1543 co-

361 1579 489 1641 τοὺς
536 1579 665 1649 περὶ
711 1579 803 1633 τὸν
854 1579 979 1632 Υἱόν
1027 1596 1146 1644 πως
1187 1581 1562 1651 εὐγνώμονας.
1603 1584 1662 1636 ’0
1714 1584 1812 1655 μὲν
1843 1585 1945 1656 γὰρ

2052 1582 2242 1636 amns?
2270 1582 2502 1647 Quinam
2535 1581 2686 1635 haec?
2713 1578 2776 1633 lli
2814 1594 3027 1647 nempe,
3064 1581 3156 1648 qui
3187 1578 3538 1647 perfectiores
3560 1580 3613 1633 in

360 1666 542 1729 κοινός
576 1685 665 1737 μοι
716 1667 853 1737 πρὸς
902 1669 1253 1741 ἀμφοτέρους
1300 1670 1475 1739 λόγος,
1508 1675 1536 1725 ὁ
1576 1673 1639 1726 δὲ
1670 1673 1807 1744 πρὸς
1838 1674 1933 1727 τού

2055 1675 2309 1744 inpietate
2336 1686 2484 1737 sunt,
2540 1682 2635 1727 aut
2681 1674 2844 1728 etiam
2897 1672 2988 1743 qui
3021 1674 3289 1728 secundas
3322 1682 3506 1743 partes
3541 1682 3621 1728 te-

357 1776 485 1822 τους
539 1759 686 1823 ἴδιος.
727 1760 786 1812 ’0
820 1759 921 1829 μὲν
959 1751 1049 1814 οὖν
1098 1761 1237 1833 πρὸς
1284 1762 1529 1827 τούτους,
1579 1764 1842 1830 τοιοῦτος.
1887 1766 1945 1818 Ti

2049 1776 2180 1830 tcnt,
2214 1767 2315 1819 hoc
2345 1775 2449 1827 est,
2474 1764 2566 1832 qui
2608 1764 2676 1818 de
2702 1763 2842 1818 Filio
2894 1764 3096 1819 rectius
3126 1764 3384 1819 sentiunt.
3427 1762 3622 1817 Sermo

362 1864 499 1915 φατε
544 1851 658 1910 τοῖς
698 1849 997 1918 τριθεΐταις
1184 1853 1337 1922 ἡμῖν,
1378 1856 1430 1905 οἱ
1475 1855 1566 1908 τὸν
1598 1856 1724 1911 Υἱὸν
1773 1856 1945 1910 σέὸον-

2046 1858 2172 1908 :nim
2198 1855 2349 1917 mihi,
2382 1855 2577 1922 partim
2608 1856 2874 1908 adversus
2926 1852 3120 1907 antibos
3170 1855 3475 1909 communis
3512 1865 3617 1915 est,

358 1955 483 2001 τες,
528 1941 577 1991 εἰ
621 1940 716 1993 καὶ
758 1940 853 1993 τοῦ
887 1942 1205 2013 Πνεύματος
1246 1946 1623 2017 ἁφεστήκατες
1664 1948 1855 2018 Ὑμεῖς
1893 1948 1945 2004 δὲ

2046 1946 2226 1998 )nrtim
2251 1945 2513 1998 adversus
2543 1946 2644 1999 hos
2674 1945 2924 2013 proprius
2956 1953 3010 1997 et
3050 1944 3361 2013 peculiaris.
3386 1943 3465 1997 Ac
3495 1960 3619 1998 cum

358 2031 419 2083 οὐ
453 2031 684 2086 διθεῖται
719 2050 737 2099 ;
904 2035 969 2088 Ei
1003 2036 1102 2106 μὲν
1129 2037 1240 2107 γὰρ
1281 2037 1532 2107 ἀρνεῖσθε
1562 2039 1658 2092 καὶ
1700 2039 1794 2092 τοῦ
1835 2041 1945 2093 Μο-

2046 2037 2119 2091 riis
2141 2036 2360 2103 quidem
2408 2036 2473 2088 ad
2528 2037 2669 2089 hunc
2726 2035 2946 2089 modum
2977 2046 3219 2103 agemus.
3255 2034 3392 2100 Quid
3436 2035 3619 2089 tridei-

358 2122 612 2190 νογενοῦς
640 2124 741 2195 τὴν
768 2126 1159 2199 προσκύνησιν,
1190 2130 1378 2199 σαφῶς
1405 2131 1634 2202 τέταχθε
1676 2131 1816 2201 μετὰ
1840 2132 1945 2186 τῶν

2046 2127 2103 2180 .is
2134 2127 2292 2201 nobis
2319 2127 2520 2192 dicitis,
2552 2129 2643 2196 qui
2678 2127 2869 2182 Filium
2927 2127 3124 2188 colitis,
3187 2127 3288 2181 etsi
3338 2142 3366 2178 τι
3418 2128 3619 2193 Spiritu

357 2214 652 2266 ἐναντίωνι
709 2217 804 2269 καὶ
854 2216 907 2270 τί
956 2218 1523 2293 φιλανθρωπευόμεθα
1578 2222 1716 2293 πρὸς
1774 2224 1945 2294 ὑμᾶς,

2046 2217 2380 2272 lescivistis?
2416 2217 2519 2273 Vos
2544 2228 2722 2276 autem
2755 2235 2858 2273 non
2893 2218 3148 2273 bideitzr?
3172 2217 3305 2271 Nam
3337 2217 3381 2271 si
3431 2216 3622 2286 Uttige—

354 2303 430 2367 ὡς
470 2305 530 2357 οὐ
579 2306 753 2378 πάντη
797 2310 1265 2380 νενεκρωμένουςς
1312 2313 1376 2366 Ei
1422 2314 1482 2367 δὲ
1536 2312 1803 2378 σέϐεσθε,
1856 2318 1945 2369 καὶ

2046 2310 2132 2363 :iiti
2166 2323 2382 2378 quoque
2406 2310 2610 2364 cultum
2642 2319 2697 2364 et
2725 2310 3098 2364 adorationem
3143 2309 3428 2379 abjuratis,
3482 2310 3622 2362 haud

357 2394 524 2465 μέχρι
571 2396 760 2450 τούτου
787 2397 1062 2452 διάκεισθε
1108 2401 1394 2473 σωτηρίως
1433 2442 1451 2470 ,
1605 2404 1752 2473 ὑμᾶς
1798 2406 1939 2475 ἐρω-

2046 2398 2197 2453 luhie
2226 2399 2293 2452 ab
2316 2400 2751 2455 adversariorum
2785 2398 3032 2467 partibus
3060 2399 3216 2452 statis
3242 2415 3258 2451 :
3294 2412 3360 2451 ac
3385 2398 3612 2465 proinde

351 2488 630 2558 τήσομενο
662 2490 759 2553 Τίς
801 2492 829 2542 ὁ
877 2491 1035 2561 λόγος
1083 2493 1185 2563 τῆς
1234 2494 1437 2559 διθεῖας
1482 2497 1628 2567 ὑμῖν,
1676 2478 1743 2553 ιν
1793 2497 1945 2550 toﬁ-ca

2046 2490 2163 2557 quid
2197 2500 2302 2553 est,
2341 2491 2691 2558 quamobrem
2723 2490 2894 2545 lenius
2918 2489 3320 2558 bumauiusque
3344 2490 3622 2543 vobiscum

352 2579 694 2650 ὲγκαλῆσθες
750 2582 812 2635 Εἰ
860 2581 977 2636 ἐστι
1029 2583 1188 2653 λόγος
1246 2586 1535 2651 συνέσεως,
1584 2586 1945 2661 ἀποκρίθητε,

2046 2595 2280 2648 ιςτιιιιυε,
2313 2590 2571 2651 tanquam
2628 2597 2753 2643 non.
2786 2583 3012 2635 omnino
3058 2581 3288 2636 mortuis
3325 2590 3381 2633 et
3414 2580 3623 2635 exstin-

351 2672 474 2725 δότε
519 2674 615 2726 καὶ⁸
655 2675 788 2744 ἡμῖν
839 2675 957 2729 ὁδὸν
1004 2677 1371 2748 ἀποκρίσεως.
1410 2674 1505 2741 Οἷς
1531 2679 1643 2748 γὰρ
1683 2679 1748 2732 ἂν
1792 2675 1945 2750 ὑμεῖς

2046 2674 2179 2729 clis?
2206 2674 2267 2729 Si
2296 2686 2476 2729 autem
2506 2675 2703 2739 colitis,
2737 2684 2902 2744 atque
3132 2675 3397 2728 hactenus
3426 2672 3619 2727 saltem

350 2763 452 2834 τὴν
501 2764 707 2817 διθεῖαν
752 2764 1172 2839 ἀποκρούσησθε
1225 2768 1441 2838 λόγοις,
1488 2764 1634 2823 οὗτοι
1672 2772 1771 2825 «καὶ
1815 2773 1945 2842 ἡμῖν

2046 2768 2333 2822 salubriter
2354 2766 2529 2823 aﬂ‘ecti
2558 2770 2710 2833 estis,
2746 2776 2812 2821 ex
2841 2767 2993 2821 vobis
3015 2776 3321 2837 queremus
3347 2804 3366 2830 ,
3407 2781 3511 2832 qua
3545 2780 3627 2816 ra-

352 2857 497 2909 κατὰ
538 2856 639 2927 τῆς
668 2857 912 2930 τριθεῖας
959 2857 1323 2931 ἀρκέσουσιν·
1363 2863 1459 2915 καὶ
1499 2861 1645 2914 οὓτω
1682 2862 1944 2933 νικῶμεν,

355 2949 488 3020 ὑμῖν
529 2951 644 3013 τοῖς
690 2952 1038 3023 κατηγόροις,
1076 2952 1399 3023 συνηγόροις
1446 2952 1750 3024 χρώμενοι·
1786 2948 1848 3007 αὖ
1892 2955 1947 3007 τί

356 3041 732 3111 γενναιότερον
749 3056 766 3107 ;
815 3058 825 3067 ’

2039 2861 2185 2913 tione
2211 2874 2239 2911 a
2278 2859 2554 2914 bideitatis
2582 2860 2811 2913 crimine
2834 2869 3045 2917 vosmet
3076 2857 3356 2912 vindicare
3385 2856 3620 2924 queatis,

2038 2949 2082 3001 si
2116 2948 2239 3017 quis
2265 2962 2385 3001 eam
2425 2950 2578 3003 vobis
2603 2948 2861 3017 obiiciat?
2898 2947 2953 3000 Si
2989 2957 3076 3002 est
3105 2947 3254 3000 vobis
3292 2960 3473 2999 sermo
3498 2959 3626 3013 pru-

2037 3040 2257 3105 dentitn,
2288 3043 2629 3110 respondete,
2661 3042 2924 3110 nobisque
2945 3043 3108 3097 etiam
3135 3037 3492 3106 respondendi
3527 3054 3626 3090 att—

362 3154 481 3198 sam
522 3139 777 3208 prabete.
812 3134 917 3191 Illa:
944 3134 1089 3189 enim
1122 3132 1388 3195 rationes,
1422 3128 1624 3200 quibus
1672 3127 1949 3185 bideit'atis
1985 3131 2194 3186 crimen
2242 3132 2672 3201 ‘propulsabitis,
2722 3135 2925 3189 eadem
2977 3147 3200 3203 quoque
3226 3134 3384 3189 nobis
3421 3138 3487 3190 ad
3524 3139 3629 3191 tri-

362 3232 589 3287 deitatis
628 3230 835 3285 crimen
884 3220 1291 3298 propellendum
1329 3222 1616 3279 sulﬁcient.
1675 3221 1853 3290 Atque
1887 3223 1962 3275 ita
1999 3237 2217 3278 causam
2265 3223 2676 3292 obtinebimns,
2732 3240 2874 3290 vos,
2917 3228 3011 3297 qui
3061 3238 3409 3286 accusatores
3462 3234 3623 3298 estis,

361 3332 629 3395 patronos
655 3318 920 3372 habituri.
947 3316 1065 3381 Quo
1096 3314 1229 3383 quid
1249 3314 1447 3369 fortius
1472 3320 1527 3367 et
1561 3311 1919 3382 generosius?

454 3414 512 3467 '0
539 3413 595 3466 δὲ
656 3412 835 3473 κοινὸς
877 3410 1009 3478 ἡμῖν
1068 3409 1205 3477 πρὸς
1259 3408 1602 3476 ἀμφοτέρους
1659 3407 1741 3468 τίς
1796 3405 1945 3474 ἀγών

2124 3408 2193 3460 At
2261 3423 2390 3462 vero
2454 3409 2728 3476 quodnam
2798 3410 2959 3466 nobis
3014 3420 3099 3468 est
3152 3426 3278 3467 cum
3377 3415 3630 3484 utrisque

359 3525 425 3563 τε
474 3508 570 3558 καὶ
619 3504 810 3574 λόγοςς
879 3502 1045 3571 Ἡμῖν
1095 3495 1177 3562 εἷς
1224 3500 1378 3565 Θεὸς,
1432 3501 1514 3552 ὅτι
1579 3496 1680 3567 μία
1732 3498 1946 3567 θεότης·

2054 3510 2352 3559 certamen.
2378 3510 2434 3554 et
2458 3515 2705 3567 quaenam
2732 3504 2955 3557 oratio?
2978 3501 3149 3559 Nobis
3175 3500 3318 3562 Deus
3354 3520 3499 3561 unus
3522 3515 3628 3569 est.

361 3592 466 3644 καὶ
496 3594 631 3663 πρὸς
665 3594 722 3647 ἓν
768 3593 838 3647 τὰ
889 3591 949 3658 ἐξ
997 3592 1163 3647 αὑτοῦ
1201 3596 1301 3665 τὴν
1349 3596 1622 3665 ἀναφορὰν
1674 3596 1808 3666 ἔχει,
1849 3600 1945 3650 κᾶν

2058 3596 2314 3664 quoniam
2353 3610 2458 3647 una
2493 3595 2701 3660 deitas;
2741 3605 2901 3663 atque
2927 3597 2991 3650 ad
3021 3610 3207 3654 unum.
3232 3612 3294 3651 ea
3326 3611 3448 3666 quae
3472 3610 3539 3649 ex
3568 3611 3635 3651 eo

358 3683 494 3757 τρία
526 3684 874 3755 πιστεύηται.
905 3687 981 3739 Οὐ
1014 3686 1143 3758 γὰρ,
1179 3686 1242 3739 τὸ
1280 3687 1380 3757 μὲν
1411 3686 1611 3758 μᾶλλον
1643 3722 1660 3749 ,
1799 3686 1859 3738 τὸ
1891 3687 1947 3740 δὲ

357 3772 723 3847 ἧττονΘεόςο
765 3778 887 3832 οὐδὲ
928 3777 989 3831 τὸ
1023 3778 1120 3848 μὲν
1162 3778 1451 3849 πρότερον,
1491 3778 1554 3831 τὸ
1597 3778 1653 3831 δὲ
1683 3770 1944 3850 ὕστερον·

356 3868 488 3922 οὐδὲ
515 3867 762 3940 βουλήσει
790 3870 1068 3940 τέμνεται,
1091 3869 1213 3923 οὐδὲ
1242 3870 1466 3941 δυνάμει
1496 3870 1798 3941 μερίζεται,
1824 3869 1949 3922 οὐδέ

353 3978 419 4013 τι
454 3958 562 4012 τῶν
594 3960 696 4013 ὅσα
731 3963 844 4024 τοῖς
888 3964 1168 4031 μεριστοῖς
1360 3962 1618 4032 ὑπάρχει,
1669 3958 1948 4014 κάνταῦθα

354 4049 552 4104 λαϐεῖν
584 4050 729 4104 ἔστιν
754 4069 766 4082 ·
798 4051 934 4105 ἀλλὰ
954 4052 1250 4124 ἀμέριστος
1413 4053 1475 4105 ἐν
1501 4050 1947 4123 μεμερισμένοις,

354 4144 416 4197 εί
443 4142 524 4195 δεῖ
558 4143 836 4214 συντόμως
874 4145 1068 4207 εἰπεῖν,
1100 4147 1133 4215 ἡ
1164 4144 1354 4216 θεότης
1375 4162 1388 4176 ο
1428 4145 1520 4197 καὶ
1552 4129 1664 4196 οἷον
1694 4146 1752 4196 ὲν
1778 4141 1949 4214 ἡλίοις

352 4235 544 4305 τρισὶν
577 4236 854 4305 ἐχομένοις
880 4234 1145 4304 ἀλλήλων,
1185 4237 1284 4307 μία
1304 4234 1398 4289 τοῦ
1425 4235 1603 4305 φωτὸς
1625 4233 1947 4305 σύγκρασις.

356 4328 538 4380 Ὅταν
570 4327 667 4396 μὲν
694 4324 790 4380 οὖν
819 4328 956 4399 πρὸς
988 4329 1086 4399 τὴν
1115 4326 1344 4398 θεότητα
1378 4326 1682 4397 βλέψωμεν,
1717 4325 1812 4378 καὶ
1848 4323 1948 4394 τὴν

354 4416 592 4489 πρώτην
626 4419 824 4483 αἰτίαν,
858 4419 951 4473 καὶ
977 4419 1073 4490 τὴν
1111 4418 1430 4490 μοναρχίαν,
1464 4417 1523 4470 ἓν
1567 4420 1698 4488 ἡμῖν
1724 4416 1785 4468 τὸ
1814 4432 1947 4483 φαν-

349 4508 662 4580 ταζόμενον
682 4525 696 4539 ·
725 4511 854 4563 ὅταν
883 4509 939 4563 δὲ
970 4511 1104 4582 πρὸς
1135 4510 1204 4563 τὰ
1246 4512 1303 4563 ὲν
1337 4494 1417 4572 οἷς
1452 4510 1484 4580 ἡ
1517 4509 1726 4577 θεότης,
1754 4507 1848 4559 καὶ
1880 4505 1949 4559 τὰ

350 4612 433 4655 εκ
459 4601 556 4672 τῆς
587 4598 809 4673 πρώτης
836 4603 1015 4665 αἰτίας
1040 4603 1283 4672 ὰχρόνως
1311 4602 1518 4655 ἐκεῖθεν
1545 4600 1675 4655 ὄντα
1702 4600 1797 4653 καὶ
1819 4600 1948 4670 ὁμο-

349 4694 554 4761 δόξως,
585 4694 709 4766 τρία
736 4694 806 4749 τὰ
841 4695 1308 4767 προσκυνούιιενα.

570 4967 633 5019 Τί
664 4960 780 5033 δαί;
818 4967 938 5037 οὐχὶ
966 4968 1058 5020 καὶ
1088 4968 1218 5038 παρ’
1256 4966 1507 5039 Ἕλλησι,
1536 4970 1692 5037 φαῖεν
1722 4968 1809 5032 ἂν,
1847 4970 1943 5039 μία

350 5059 577 5129 θεότης,
598 5058 674 5123 ὡς
701 5060 750 5112 οἱ
776 5058 844 5112 τὰ
873 5057 1175 5130 τελεώτερα
1198 5060 1328 5130 παρ’
1346 5059 1573 5123 ἐκείνοις
1595 5059 1944 5129 φιλοσοφοῦν-

349 5170 476 5216 τες,
509 5153 604 5206 καὶ
639 5153 767 5224 παρ’
799 5153 933 5223 ἡμῖν
965 5150 1321 5222 ἁνθρωπότης
1358 5152 1477 5222 μία,
1509 5152 1569 5204 τὸ
1590 5152 1745 5220 γένος
1762 5153 1941 5218 anew;

371 5238 521 5292 Ἀλλ’
555 5240 704 5311 ὅμως
742 5239 856 5293 θεοὶ
897 5234 1100 5304 πολλοὶ,
1137 5240 1230 5291 καὶ
1270 5240 1367 5310 οὐχ
1395 5234 1495 5303 εἷς,
1533 5238 1607 5304 ὡς
1639 5240 1702 5311 δὴ
1735 5241 1825 5294 καὶ
1856 5242 1947 5295 ἄν·

355 5332 607 5401 θρωποι;
647 5333 784 5386 Ἀλλ’
816 5334 931 5386 ἐκεῖ
972 5332 1069 5403 μὲν
1106 5333 1138 5403 ἡ
1166 5332 1419 5403 κοινότης
1450 5332 1513 5385 τὸ
1545 5332 1603 5386 ἓν
1640 5332 1752 5404 ἔχει
1786 5334 1946 5403 μόνον

356 5424 580 5494 ἐπινοίᾳ
610 5424 886 5495 θεωρητόν
921 5442 935 5457 ο
1090 5423 1158 5476 τὰ
1190 5423 1248 5477 δὲ
1278 5423 1400 5478 καθ’
1433 5423 1664 5479 ἕκαστον
1694 5423 1947 5478 πλεῖστον

358 5514 636 5585 ἀλλήλων,
667 5517 762 5571 καὶ
787 5516 864 5587 τῷ
895 5517 1096 5588 χρόνῳ,
1125 5517 1222 5573 καὶ⁴
1249 5519 1361 5581 τοῖς
1391 5517 1610 5580 πάθεσι,
1642 5519 1735 5571 καὶ
1761 5520 1826 5587 τῇ
1859 5518 1949 5571 δυ-

356 5609 527 5678 νλὶμει
562 5611 961 5680 μεμερισμένοι.
1013 5612 1203 5679 Ἡμεῖς
1232 5628 1290 5664 τε
1320 5610 1429 5681 γὰρ
1458 5610 1519 5663 οὑ
1565 5609 1811 5663 σύνθετοι
1848 5610 1946 5680 μό-

360 5715 479 5757 νσν,
532 5697 667 5750 ἀλλὰ
725 5700 818 5751 καὶ
868 5700 1155 5766 ἀντίθετοι,
1213 5701 1306 5755 καὶ¹
1354 5699 1623 5770 ἀλλήλοις,
1676 5701 1770 5754 καὶ
1814 5702 1947 5770 ἡμῖν

365 5789 569 5853 αὖτοῖς,
611 5790 731 5842 οὐδὲ
779 5792 869 5843 ἐπὶ
935 5794 1061 5862 μιᾶς
1109 5793 1324 5863 ἡμέρας
1382 5792 1430 5845 οἱ
1484 5790 1637 5845 αὐτοὶ
1694 5790 1948 5893 καθαρῶς

1639 5900 1873 5987 κθτέη

2051 3695 2197 3751 sunt,
2243 3684 2572 3748 referuntur,
2608 3684 2818 3738 etiamsi
2852 3694 2961 3740 tres
3018 3700 3282 3755 personas
3322 3687 3631 3741 credamus.

2049 3773 2236 3843 Neque
2261 3776 2403 3829 enim
2424 3776 2525 3829 hoc
2544 3776 2735 3844 magis,
2762 3775 2891 3828 illud
2910 3776 3090 3831 minus
3109 3786 3193 3831 est
3215 3776 3352 3831 Deus
3369 3818 3385 3840 ,
3413 3791 3510 3832 nec
3529 3776 3634 3832 hoc

2051 3866 2219 3930 prius,
2248 3866 2375 3921 illud
2413 3865 2832 3934 posterius..Nec
2856 3866 3131 3923 voluntate
3156 3868 3496 3933 scinduntur,
3530 3884 3630 3921 nec

2050 3958 2289 4027 potentia
2319 3958 2655 4024 dividuntur,
2686 3973 2787 4013 nec
2823 3957 3055 4027 denique
3081 3959 3375 4029 quidquam
3414 3974 3630 4024 eorum,

2048 4064 2167 4116 qua:
2189 4048 2422 4104 dividuis
2455 4049 2620 4103 rebus
2651 4050 2996 4119 contingunt,
3044 4052 3133 4106 hic
3180 4064 3395 4120 quoque
3422 4051 3631 4119 reperi-

2047 4148 2154 4194 tur.
2186 4136 2291 4193 Sed
2310 4140 2578 4193 individua
2603 4141 2655 4194 in
2681 4141 2934 4207 dividuis,
2951 4149 3011 4196 ut
3026 4157 3133 4197 uno
3158 4144 3320 4197 verbo
3339 4141 3631 4207 dicam,est

2048 4230 2321 4295 divinitas,
2351 4246 2415 4285 ac
2432 4232 2575 4286 velut
2599 4232 2653 4287 in
2685 4233 2857 4288 tribus
2881 4222 3085 4289 solibus
3110 4234 3252 4289 inter
3272 4248 3331 4287 se
3350 4235 3631 4288 cohaeren-

2047 4320 2193 4373 tibus
2222 4336 2325 4373 una
2359 4321 2494 4375 lucis
2527 4323 2833 4377 commistio
2864 4333 2919 4377 et
2955 4325 3295 4393 temperatio.
3327 4318 3460 4377 Cum
3497 4335 3628 4390 ergo

2048 4413 2114 4465 ad
2143 4412 2504 4480 divinitatem,
2530 4414 2870 4485 primamque
2912 4416 3057 4471 illam
3085 4426 3335 4483 causam,
3364 4415 3629 4482 uniusque

2046 4504 2409 4572 principatum
2444 4514 2501 4559 et
2539 4505 2821 4575 imperium
2873 4508 3298 4576 respexerimus,
3351 4521 3516 4559 unum
3544 4515 3633 4558 est.

2047 4596 2188 4665 quod
2204 4596 2398 4649 mentis
2416 4606 2616 4651 nostra:
2643 4598 2816 4652 oculis
2836 4588 3175 4654 obversatur.
3200 4592 3333 4652 Cum
3361 4596 3633 4651 rursuszul

2047 4702 2132 4749 ea,
2162 4688 2214 4739 in
2252 4686 2450 4756 quibus
2500 4698 2583 4741 est
2629 4689 2909 4754 divinitas,
2946 4699 3001 4745 et
3046 4704 3168 4758 qua:
3202 4704 3265 4742 ex
3302 4689 3477 4757 prima
3534 4686 3627 4739 illa

2046 4792 2244 4843 causa,
2298 4779 2437 4833 citra
2477 4779 2643 4833 ullam
2709 4781 2971 4849 temporis
3015 4780 3514 4849 intercapedinem,
3561 4792 3626 4831 ac

2046 4872 2161 4940 pari
2200 4871 2369 4942 gloria
2399 4881 2546 4934 sunt,
2581 4873 2684 4927 tria
2716 4884 2843 4929 sunt
2876 4889 2995 4943 qua:
3022 4876 3337 4929 adorantur.

2281 4962 2419 5029 Quid
2475 4972 2681 5028 autem,
2713 4965 2950 5019 dixerint
2987 4964 3242 5029 fortasse,
3276 4974 3454 5017 nunne
3482 4963 3623 5030 apud

2043 5053 2293 5108 ethnicos
2323 5069 2541 5125 quoque
2569 5056 2748 5110 deitas
2780 5072 2885 5110 una
2922 5067 3026 5119 est,
3072 5065 3129 5112 ut
3162 5056 3361 5112 docent
3397 5054 3490 5125 qui
3519 5053 3627 5124 ple-

2046 5143 2167 5197 nius
2194 5145 2334 5213 apud
2373 5145 2494 5200 illos
2524 5146 2926 5217 perfectiusque
2956 5146 3435 5218 philosophantur,
3462 5154 3623 5216 atque

2046 5235 2184 5304 apud
2229 5251 2326 5290 nos
2379 5254 2549 5307 genus
2617 5240 2954 5307 universum,
2998 5241 3311 5298 humanitas
3358 5240 3506 5295 una?
3555 5240 3620 5293 Et

2048 5337 2227 5381 tamen
2278 5328 2459 5397 plures
2501 5339 2629 5385 sunt
2661 5332 2758 5398 dii,
2815 5341 2869 5389 et
2917 5348 3025 5388 non
3060 5340 3222 5399 unus,
3260 5334 3404 5387 sicut
3450 5332 3616 5385 etiam

2046 5419 2201 5473 multi
2236 5420 2520 5476 homines?
2552 5421 2622 5475 At
2656 5422 2764 5479 illic
2813 5426 3181 5481 communitas
3213 5425 3474 5478 unitatem
3519 5422 3621 5476 ha-

2046 5511 2161 5576 bet,
2191 5529 2311 5581 quae
2355 5515 2689 5583 cogitatione
2722 5517 2837 5572 sola
2887 5517 3229 5574 considerari
3265 5515 3435 5585 possit
3467 5534 3479 5569 :
3509 5514 3623 5567 sin-

2049 5606 2255 5672 gularia
2294 5615 2502 5673 autem,
2533 5618 2589 5664 et
2626 5618 2890 5679 tempore,
2930 5619 2985 5665 et
3026 5598 3420 5672 aﬂ'ectionibus,
3462 5614 3624 5674 atque

2048 5700 2185 5753 adeo
2223 5702 2463 5769 potentia
2491 5712 2545 5756 et
2585 5702 2839 5757 facultate
2868 5701 3162 5772 plurimum
3194 5701 3335 5755 inter
3363 5714 3423 5754 se
3447 5697 3617 5753 divisa

2049 5801 2196 5846 sunt.
2250 5791 2383 5846 Nam
2432 5809 2548 5858 nos,
2581 5808 2685 5848 non
2730 5793 2902 5849 solum
2945 5791 3228 5860 compositi
3286 5804 3493 5856 sumus,
3526 5789 3619 5843 sed
