4082 6448
374 371 476 437 831

1614 367 1997 429 EUTHYMII
2037 369 2398 432 ZIGABENI

3523 328 3731 444 SR‘

377 488 565 549 etiam,
610 495 725 539 tum
758 485 904 540 inter
927 501 1025 539 nos
1049 494 1263 551 mutuo,
1296 493 1409 538 tum
1440 482 1597 537 nobis
1624 484 1786 536 etiam
1819 482 1949 550 ipsis

2073 481 2312 543 ιένοντες
2337 519 2353 545 ,
2415 480 2492 551 μή
2548 480 2628 535 ὅτι
2693 482 2786 537 τὸν
2844 482 3063 537 ἃπαντα
3130 484 3270 553 βίον
3319 486 3457 541 ἀλλά
3539 496 3633 544 καὶ

377 577 651 646 Oppositi;
701 586 759 631 ut
794 578 886 646 qui
946 592 1013 631 ne
1075 576 1239 629 unius
1288 575 1511 644 quidem
1568 574 1677 627 diei
1748 574 1948 642 spatio,

381 670 579 723 nedum
602 677 772 722 totum
792 669 916 722 vita:
932 668 1228 729 curriculo,
1249 668 1408 735 plane
1429 664 1592 718 iidem
1610 680 1951 729 maneamus,

382 771 568 809 verum
599 765 653 810 et
676 758 1023 825 corporibus,
1076 767 1133 810 et
1161 755 1377 821 amntis,
1413 766 1677 825 perpetuo
1730 756 1947 809 ditllua-

381 865 504 902 mus
564 857 619 902 et
671 850 1044 903 immuteutur.
1101 853 1279 918 Atque
1300 850 1442 903 haud
1469 850 1604 913 scio,
1646 864 1777 902 num
1809 850 1951 902 idem

379 954 599 1008 quoque
632 940 685 993 in
730 940 937 1008 angelis
990 942 1167 992 locum
1202 940 1420 1003 habeat,
1448 953 1512 992 ac
1543 940 1596 992 in
1659 938 1810 991 omni
1857 937 1952 991 illa

2060 574 2274 643 σώματι
2303 575 2397 626 καὶ
2420 574 2619 645 ψυχαῖς
2645 577 2731 630 ἀεὶ
2764 579 2979 646 ρἐντές
3014 594 3073 631 τε
3107 580 3201 631 καὶ
3259 582 3631 647 μεταπίπτον-

2058 680 2170 724 τες.
2214 664 2331 717 Οὐκ
2386 662 2509 719 οἶδα
2552 666 2631 731 δὲ,
2696 667 2747 719 εί
2797 667 2872 738 μὴ
2918 671 3010 719 καὶ
3052 669 3303 737 ἄγγελοι,
3338 672 3434 723 καὶ
3474 674 3632 725 πᾶσαι

2061 756 2221 825 φύσις
2257 757 2289 825 ή
2314 756 2449 822 ἀνω,
2495 760 2587 810 καὶ
2614 760 2752 828 μετά
2786 759 2883 829 τὴν
2915 761 3141 829 Τριάδα,
3168 760 3265 813 κᾶν
3295 762 3458 815 ἀπλοῖ
3486 781 3630 828 τινες

2060 840 2186 909 ὦσι,
2227 847 2485 915 καὶπρὸς
2530 848 2592 901 τὸ
2629 850 2792 902 καλὸν
2850 851 3210 922 παγιώτεροι,
3274 857 3342 923 τῇ
3382 856 3513 923 πρὸς
3569 857 3646 909 τὰ

2059 939 2233 1009 ἀκρον
2258 940 2421 993 καλὸν
2453 940 2737 1010 ὲγγύτητι.

379 1039 591 1093 caelesti
620 1047 836 1098 natura,
872 1050 927 1092 ct
957 1036 1213 1092 Trinitati
1242 1038 1522 1108 proxima;
1555 1038 1769 1091 tametsi
1801 1037 2004 1106 alioqui
2037 1038 2270 1107 simplici
2298 1038 2531 1108 quadam
2567 1051 2759 1096 natura
2794 1042 3007 1113 praediti
3030 1044 3160 1108 sint,
3187 1057 3351 1114 atque
3389 1046 3459 1099 ob
3492 1048 3636 1100 vici-

380 1136 607 1189 nitatem
647 1150 785 1198 eam,
818 1150 979 1202 quam
1010 1134 1075 1186 ad
1098 1145 1369 1186 summum
1405 1133 1605 1184 bonum
1649 1130 1871 1193 habent,
1908 1130 1962 1184 in
1997 1131 2197 1185 bonum
2225 1130 2434 1185 firmius
2462 1133 2640 1187 deﬁxi.

447 1228 567 1283 Jam
626 1229 759 1283 deos
812 1230 953 1291 illos,
1024 1243 1158 1296 quos
1191 1226 1396 1281 ethnici
1443 1227 1648 1291 colunt,
1717 1240 1782 1279 ac
1840 1224 1953 1279 dae-

382 1338 599 1384 mones,
630 1330 689 1375 ut
716 1321 931 1390 ipsimet
964 1331 1180 1381 vocant,
1252 1320 1387 1373 nihil
1427 1335 1457 1373 a
1514 1320 1674 1373 nobis
1708 1317 1953 1372 accusari

380 1430 607 1468 necesse
631 1424 737 1475 est,
770 1429 893 1465 cum
920 1428 948 1463 a
975 1412 1203 1465 suismet
1237 1413 1505 1482 theologis
1534 1414 1953 1473 convincuntur,

383 1517 546 1571 quam
600 1503 759 1557 laedis
791 1501 1079 1557 affectibus
1122 1503 1368 1568 obnoxii,
1414 1518 1578 1571 qnam
1654 1502 1952 1557 turbulenti

383 1602 509 1651 Sllll,
550 1598 681 1656 quot
713 1586 866 1638 malis
893 1595 1157 1644 svateant,
1184 1597 1316 1651 quut
1350 1587 1674 1640 mutationes
1704 1597 1951 1651 subeant,

2135 1227 2202 1279 Οῖ
2256 1243 2317 1278 τε
2369 1229 2500 1298 παρ’
2539 1228 2806 1298 Ἐλλήνων
2883 1229 3166 1300 σεϐόμενοι
3234 1234 3348 1286 θεοί
3402 1253 3463 1289 τε
3533 1243 3633 1292 καὶ

2061 1315 2335 1385 δαίμονες,
2360 1317 2435 1379 ὡς
2456 1318 2614 1370 αὐτοὶ
2667 1320 2940 1387 λέγουσιν,
3013 1322 3166 1375 οὐδὲν
3212 1324 3379 1393 ήμῶν
3415 1327 3629 1383 δέονται

2064 1410 2407 1477 κατηγόρῳ,
2448 1410 2584 1461 ἀλλὰ
2610 1412 2724 1474 τοῖς
2747 1411 2900 1481 σφῶν
2926 1413 3108 1468 αὐτῶν
3135 1416 3453 1471 ἁλίσκονται
3511 1418 3633 1472 θεο-

2062 1501 2240 1568 λόγοις
2284 1501 2360 1562 ῶς
2393 1501 2491 1570 μὲν
2538 1502 2833 1571 ἐμπαθεῖς,
2886 1503 2962 1567 ὠς
3011 1507 3069 1560 δὲ
3107 1506 3447 1571 στασιώδεις,
3490 1509 3634 1562 ὅσων

2056 1585 2110 1638 δὲ
2155 1586 2340 1640 κακῶν
2384 1586 2668 1657 γέμοντες,
2718 1588 2814 1641 καὶ
2855 1586 3197 1657 μεταδολῶνο
3239 1586 3336 1639 καὶ
3380 1588 3441 1639 οὐ
3496 1586 3633 1655 πρὸς

383 1690 543 1745 atque
576 1692 682 1731 non
713 1685 901 1728 mutuo
936 1673 1108 1728 solum
1155 1676 1295 1727 inter
1322 1689 1403 1739 se,
1437 1677 1530 1730 sed
1562 1676 1727 1731 etiam
1762 1676 1953 1744 primis

2073 1675 2321 1745 ἱλλήλους
2371 1676 2553 1746 μόνον,
2583 1677 2717 1731 ἀλλά
2747 1676 2842 1730 καὶ
2884 1678 3019 1747 πρὸς
3060 1677 3160 1740 τάς
3194 1677 3413 1747 πρώτας
3453 1677 3633 1742 αἰτίας

384 1771 492 1823 illis
522 1770 705 1823 causis
734 1769 1107 1828 adversentur,
1136 1781 1273 1834 quas
1294 1764 1558 1831 Oceanus,
1585 1776 1636 1820 et
1673 1764 1951 1832 Tethidas,

384 1874 433 1913 et
471 1860 767 1923 Phanetas,
806 1870 862 1913 et
910 1858 1092 1913 nescio
1122 1873 1230 1926 quo
1258 1858 1367 1913 alio
1393 1859 1607 1911 nomine
1643 1857 1951 1927 appellant;

386 1969 399 1999 :7
421 1965 448 2001 c
485 1959 757 2018 postremo
810 1949 975 2001 Deum
1009 1947 1294 2011 quemdam
1335 1948 1404 2001 ob
1437 1946 1779 2015 principatus
1805 1959 1960 1999 amo-

392 2056 502 2092 rem
538 2039 720 2091 liberis
748 2038 860 2092 suis
905 2037 1183 2103 infestum,
1220 2046 1385 2106 atque
1437 2036 1573 2090 alios
1615 2050 1804 2090 omnes
1847 2049 1958 2103 pra:

352 2198 357 2203 θ
390 2130 695 2196 inexplebili
740 2129 1035 2197 cupiditate
1084 2128 1454 2190 devorantem,
1482 2137 1539 2181 ut
1575 2136 1627 2181 et
1679 2127 1956 2202 hominum

388 2221 628 2273 omnium
674 2219 833 2272 Pater
870 2218 963 2281 sit,
992 2228 1045 2273 et
1075 2219 1325 2281 deorum,
1371 2233 1506 2287 quos
1547 2219 1744 2272 misere
1772 2231 1959 2271 come-

388 2311 551 2372 derit,
586 2320 638 2362 ct
685 2308 1007 2363 evomuerit.
1056 2308 1210 2374 Quod
1245 2310 1291 2361 si
1332 2309 1448 2363 haec
1503 2308 1626 2377 ipsi,
1658 2316 1716 2361 ut
1750 2321 1957 2361 sermo-

388 2403 476 2455 nis
519 2400 909 2469 turpitudinem
958 2400 1191 2470 fugiant,
1235 2398 1503 2463 fabulosa,
1548 2408 1714 2467 atque
1763 2397 1963 2466 allego-

389 2496 504 2549 riro
554 2509 714 2548 sensu
758 2493 1165 2562 interpretanda
1210 2508 1334 2548 esse
1381 2491 1784 2555 contenderim,
1835 2491 1962 2560 quid

391 2587 604 2640 tandem
631 2585 696 2639 ad
724 2585 851 2639 illud
872 2586 1072 2649 dicent,
1092 2584 1357 2652 trifariam
1378 2583 1554 2637 omnia
1576 2583 1741 2636 divisa
1766 2597 1876 2635 esse
1921 2590 1960 2643 ί,

390 2678 666 2745 aliumque
710 2677 797 2730 alii
837 2675 1071 2743 cuipiam
1124 2675 1272 2730 orbis
1303 2674 1442 2743 parti
1494 2659 1750 2742 praeesse,
1802 2677 1964 2739 atque

391 2781 445 2823 ct
476 2769 715 2822 materiis
761 2776 814 2823 et
857 2766 1212 2835 dignitatibus
1264 2765 1550 2819 distinctos
1581 2762 1741 2817 esse?
1768 2760 1837 2814 At
1864 2776 1965 2813 no-

393 2871 520 2914 stra:
554 2860 811 2913 doctrinae
851 2874 955 2911 non
1002 2857 1190 2911 eadem
1236 2865 1322 2910 est
1355 2855 1529 2921 ratio;
1561 2869 1659 2907 nec
1699 2867 1824 2922 pars
1855 2853 1967 2906 haec

395 2951 583 3015 Jacob,
620 2960 680 3004 ut
729 2950 903 3018 inquit
952 2964 1105 3004 meus
1172 2946 1455 3017 theologus
1500 2950 1541 2999 ².
1606 2944 1710 2999 Sed
1772 2944 1963 2998 horum

395 3043 671 3113 quodlibet
704 3042 963 3097 unitatem
990 3042 1171 3104 habet,
1200 3055 1305 3094 non
1333 3037 1511 3092 minus
1541 3036 1681 3107 ejus,
1706 3050 1828 3090 cum
1858 3049 1966 3104 quo

396 3131 786 3201 coniungitur,
843 3146 1007 3202 quam
1074 3129 1331 3198 suiipsius
1408 3137 1691 3195 respectu,
1740 3135 1963 3195 pr0pter

2073 3124 2172 3194 τῆς
2199 3124 2445 3189 ἐνώσεως
2473 3126 2648 3195 λόγος,
2694 3128 2819 3182 ὅσον
2862 3129 2947 3197 ἐφ’
2978 3123 3060 3192 οἷς

396 3224 647 3278 essentia:
676 3232 731 3276 et
762 3223 1015 3292 potentia:
1057 3222 1419 3276 identitatem.
1461 3222 1637 3289 Atque
1665 3219 1778 3274 tunc
1805 3219 1964 3273 unio-

401 3315 486 3369 nis
526 3316 684 3382 huius
733 3315 868 3368 ratio
902 3324 1005 3377 est,
1039 3324 1301 3383 quantum
1343 3312 1559 3381 quidem
1595 3312 1695 3381 ipsi
1732 3310 1965 3379 percipi-

402 3423 544 3460 mus.
573 3408 647 3460 Ac
687 3407 729 3459 si
768 3406 985 3474 quidem
1024 3406 1177 3458 firma
1202 3415 1282 3459 est
1317 3406 1431 3459 hinc
1456 3404 1617 3465 ratio,
1643 3402 1750 3457 Deo
1773 3403 1841 3456 ob
1872 3403 1969 3456 bu-

918 3571 999 3625 Ea:
1023 3570 1209 3625 eadem
1229 3569 1489 3623 oratione.

492 3708 774 3776 Quodnam
832 3707 977 3760 cnim
1008 3714 1090 3761 est
1127 3706 1230 3759 hoc
1259 3712 1648 3773 argumentum
1675 3701 1699 3754 ?
1727 3700 1825 3766 Ea,
1856 3712 1979 3769 qua:

406 3811 643 3885 ejusdem
693 3809 944 3864 cssentiaa
1032 3816 1193 3875 sunt,
1242 3813 1740 3871 connumerantur,
1797 3805 1977 3873 inquis

406 3899 958 3974 (connumerationem
985 3897 1241 3951 videlicet
1281 3896 1559 3966 appellans
1607 3896 1658 3949 in
1692 3910 1975 3949 numerum

405 4006 570 4043 unum
804 3988 1285 4059 contractionem),
1318 4003 1437 4056 qua:
1471 3997 1653 4041 autem
1702 3985 1974 4054 disparem

405 4084 767 4138 substantiam
802 4082 1023 4146 habent,
1051 4081 1279 4134 minime
1309 4089 1791 4134 connumerantur.
1822 4076 1978 4131 Unde

408 4190 503 4228 vos
555 4174 771 4242 quidem
830 4188 896 4227 cx
957 4186 1021 4225 eo
1057 4171 1194 4225 elabi
1241 4185 1367 4237 non.
1398 4169 1643 4239 potestis,
1675 4169 1804 4236 quin
1831 4166 1979 4235 iuxta

410 4264 550 4317 hanc
598 4263 883 4327 rationem,
933 4270 1044 4316 tres
1098 4263 1228 4316 deos
1257 4261 1538 4315 asseratis.
1583 4258 1752 4314 Nobis
1799 4270 1979 4314 autem

410 4354 613 4409 nullum
652 4354 756 4410 tale
790 4354 1088 4425 periculum
1118 4354 1383 4408 imminet.
1413 4352 1529 4408 Non
1575 4353 1716 4406 enim
1747 4368 1809 4408 ea
1850 4369 1982 4408 con-

2056 1766 2351 1829 ἀντιθέτως
2399 1766 2643 1836 ἔχοντες·
2684 1765 2778 1830 οὒς
2815 1768 2880 1837 δὴ
3060 1769 3151 1822 καὶ
3195 1769 3505 1831 Ὠκεανοὺς,
3537 1769 3632 1823 καὶ

2057 1855 2299 1926 Τηθύας,
2336 1857 2431 1909 καὶ
2478 1855 2729 1926 Φάνητας
2758 1897 2777 1924 ,
2930 1856 3025 1910 καὶ
3067 1857 3169 1910 οὐκ
3212 1855 3331 1911 οῖδα
3379 1856 3635 1918 οὕστινας

2057 1945 2383 2015 ὀνομάζουσι
2408 1961 2421 1973 ·
2458 1946 2553 1998 καὶ
2580 1945 2892 1998 τελευταῖόν
2922 1963 3047 1999 τινα
3091 1945 3214 1999 θεὸν
3418 1948 3635 2017 μισότε-

2058 2052 2184 2090 κνον
2213 2035 2303 2088 διά
2329 2036 2641 2107 φιλαρχίαν,
2669 2036 2878 2100 πάντας
2896 2036 3265 2090 καταπίνοντα
3290 2037 3418 2101 τοὺς
3443 2038 3634 2103 ἄλλους

2059 2127 2119 2192 ἐξ
2161 2128 2485 2199 ἀπληστίας,
2535 2128 2621 2182 ἵνα
2666 2128 2890 2199 γένηται
2930 2129 3147 2183 πάντων
3172 2128 3381 2199 ἀνδρῶν
3402 2147 3463 2182 τε
3493 2134 3634 2186 θεῶν

2059 2236 2120 2271 τε
2149 2220 2352 2291 πατὴρ,
2378 2219 2657 2289 δυστυχῶς
2696 2219 3024 2290 ἐσθιομένων
3065 2221 3161 2274 καὶ
3205 2220 3541 2290 ἐμουμένων.
3573 2222 3637 2273 Ei

2060 2310 2119 2363 δὲ
2144 2309 2315 2363 ταῦτα
2347 2310 2528 2381 μῦθοι,
2566 2312 2660 2364 καὶ
2704 2311 2949 2364 ὑπόνοιαι
2975 2328 3142 2378 τινες,
3185 2311 3263 2373 ὡς
3296 2311 3446 2366 αὐτοί
3481 2328 3638 2380 φασι,

2060 2399 2123 2453 τὸ
2166 2400 2409 2470 αἰσχρὸνῑ
2438 2399 2532 2453 τοῦ
2577 2400 2736 2469 λόγου
2777 2401 3267 2472 διαδιδράσκοντες,
3307 2403 3360 2455 τί
3406 2404 3640 2473 φήσουσι

2063 2490 2200 2561 πρὸς
2234 2491 2316 2554 τὸ,
2349 2492 2559 2560 Τριχθὰ
2594 2491 2663 2545 δὲ
2699 2492 2896 2546 πάντα
2924 2493 3233 2561 δέδασται,
3265 2494 3360 2547 καὶ
3380 2493 3442 2546 τὸ
3476 2492 3635 2548 ἀλλον

2062 2581 2208 2651 ἄλλῳ
2249 2582 2358 2635 τινὶ
2398 2581 2507 2635 τῶν
2559 2582 2727 2638 ὄντων
2769 2585 3102 2649 ἐπιστατεῖν,
3144 2583 3508 2655 διηρημένους
3542 2585 3641 2636 καὶ

2063 2673 2181 2734 ταῖς
2212 2669 2365 2734 ὕλαις
2397 2702 2414 2728 ι
2552 2674 2647 2726 κει)⁵
2671 2676 2784 2737 τοῖς
2828 2674 3136 2745 ἁξιώμασι;
3166 2676 3242 2728 Τὸ
3268 2675 3325 2728 δὲ
3352 2676 3641 2747 ἡμέτερον,

2064 2760 2125 2812 οὐ
2156 2758 2393 2813 τοιοῦτον
2412 2776 2425 2789 ·
2457 2761 2613 2815 Οὐδὲ
2636 2763 2788 2831 αὕτη
2814 2763 2981 2833 μερὶς
2995 2763 3075 2829 τῷ
3103 2764 3312 2820 Ἰακὼϐ
3328 2765 3459 2837 (99).
3479 2767 3645 2835 φησιν

2066 2850 2095 2901 ὁ
2147 2849 2278 2919 ὲμὸς
2324 2850 2604 2921 θεολόγοςο
2654 2853 2793 2906 ἀλλά
2843 2854 2904 2907 τὸ
2950 2854 3009 2907 ἓν
3057 2854 3286 2909 ἕκαστον
3331 2855 3509 2909 αὐτῶν
3533 2856 3653 2925 ἔχει

2071 2942 2206 3013 πρὸς
2234 2943 2295 2997 τὸ
2340 2947 2721 3017 συγκείμενον,
2758 2948 2857 3018 οὐχ
2901 2944 3064 3020 ἦττον
3108 2948 3140 3019 ἢ
3182 2951 3316 3021 πρὸς
3359 2949 3536 3008 ἑαυτὸ.
3567 2949 3647 3019 τῷ

2070 3032 2254 3103 ταυτῷ
2291 3034 2391 3104 τῆς
2442 3036 2630 3099 οὐσίας
2679 3037 2773 3089 καὶ
2807 3037 2906 3108 τῆς
2944 3038 3245 3108 δυνάμεως.
3289 3038 3400 3093 Καὶ
3430 3031 3583 3100 οὗτος
3617 3040 3648 3092 ὸ

3200 3132 3359 3199 ἡμεῖς
3398 3130 3648 3198 κατειλήρ

2074 3233 2273 3287 φαμεν.
2319 3218 2383 3269 Et
2420 3218 2517 3288 μὲν
2545 3214 2638 3272 οὖν
2672 3220 2889 3291 ἰσχυρὸς
2933 3215 3087 3284 οὗτος
3120 3221 3149 3273 ὁ
3198 3220 3377 3289 λόγος,
3417 3221 3495 3290 τῷ
3530 3220 3662 3291 Θεῶν

2073 3308 2234 3378 χάρις
2261 3308 2358 3379 τῆς
2388 3308 2650 3381 θεωρίαςο
2686 3314 2736 3365 εἰ
2775 3312 2834 3366 δὲ.
2875 3311 2974 3385 μὴ,
3022 3313 3275 3384 ζητῶμεν
3298 3312 3390 3368 τὸν
3432 3313 3652 3382 ἰσχυρό-

2073 3414 2249 3463 τερον.

2514 3566 2618 3620 ‘Ex
2653 3566 2759 3621 τοῦ
2806 3567 2993 3621 αὑτοῦ
3031 3569 3243 3636 λόγου.

2167 3705 2264 3767 Τίς
2281 3704 2392 3778 γὰρ
2408 3704 2471 3776 δὴ
2489 3704 2582 3757 καὶ
2618 3706 2646 3759 ό
2666 3704 2856 3774 λόγος;
2889 3705 2971 3759 Τὰ
3015 3705 3274 3774 όμοούσια
3311 3704 3665 3775 συναριθμεῖ‹

2088 3798 2327 3867 camp-hc
2379 3798 2802 3868 (συναρίθμησιν
2839 3797 3011 3865 λέγων
3056 3797 3157 3868 τήν
3200 3799 3281 3861 εἰς
3313 3796 3546 3865 ἀριθμὸν
3565 3797 3665 3850 ἕνα

2092 3888 2453 3959 συναίρεσιν)·
2500 3888 2560 3941 οὐ
2586 3888 3005 3958 συναριθμεῖται
3040 3888 3100 3942 δὲ
3143 3888 3212 3942 τά
3249 3887 3324 3959 μὴ
3373 3888 3663 3957 ὀμοούσια.

2094 3980 2260 4033 Ὥστε
2281 3982 2439 4049 ὑμεῖς
2463 3979 2565 4048 μὲν
2606 3981 2666 4033 οὐ
2717 3980 2985 4049 φεύξεσθε
3027 3980 3088 4033 τὸ
3108 3979 3296 4047 λέγειν
3338 3980 3484 4049 τρεῖς
3505 3978 3665 4038 Θεοὺς

2091 4070 2232 4124 κατὰ
2269 4070 2361 4123 τὸν
2378 4070 2539 4139 λόγον
2552 4072 2760 4126 τοῦτον·
2785 4073 2921 4142 ἡμῖν
2942 4072 2999 4124 δὲ
3018 4071 3137 4125 οὐδὲ
3160 4067 3241 4133 εἷς
3290 4071 3557 4132 κίνδυνος’
3591 4073 3655 4125 οὐ

2091 4164 2202 4233 γὰρ
2222 4164 2487 4233 όμοούσια
2499 4164 2752 4235 λέγομεν.
2772 4166 2845 4218 Σὺ
2866 4165 2967 4236 μὲν
2982 4164 3076 4219 οὖν
3096 4164 3412 4230 ἀπήλλαξας
3426 4165 3653 4218 σεαυτὸν

2089 4251 2439 4331 πραγμάτων
2454 4261 2551 4331 μιᾷ
2565 4261 2737 4330 φωνῇ,
2754 4260 2953 4331 καὶτὴν
2970 4260 3150 4331 κακὴν
3168 4259 3325 4329 νίκην
3341 4259 3661 4330 νενίκηκαςο

2089 4352 2275 4423 ὅμοιόν
2292 4371 2347 4407 τι
2368 4354 2603 4424 ποιήσας
2629 4356 2742 4417 τοῖς
2758 4354 2846 4407 διὰ
2867 4355 3100 4408 θανάτου
3140 4354 3307 4423 φόϐον
3333 4350 3657 4422 ἀπαγχομέ-

410 4444 788 4500 substantialia
838 4459 962 4500 esse
1018 4442 1356 4514 profitemur.
1404 4443 1721 4512 liespoudeo
1755 4441 1966 4499 rUuicz

2089 4465 2222 4509 νοις.
2246 4447 2367 4501 ’Ίνα
2385 4447 2493 4516 γάρ
2531 4446 2605 4518 μὴ
2633 4448 2821 4519 κάμῃς
2861 4449 2927 4517 τῇ
2950 4446 3221 4517 μοναρχίᾳ
3242 4444 3663 4511 συνιστάμενος,

410 4552 544 4592 voce
599 4538 830 4608 teipsum
891 4537 1109 4608 negotio
1151 4550 1215 4590 ac
1258 4536 1502 4590 molestia
1553 4535 1817 4603 liberasti,
1871 4552 1986 4590 ma-

410 4629 626 4700 lamque
660 4628 943 4683 victoriam
996 4629 1223 4698 adeptus
1263 4642 1323 4682 es
1356 4644 1370 4681 :
1410 4629 1659 4694 idemque
1711 4629 1805 4682 tibi
1845 4628 1985 4683 acci-

410 4720 511 4782 dit,
545 4719 801 4788 quodiis,
828 4719 918 4788 qui
968 4719 1160 4773 mortis
1195 4728 1362 4781 metu,
1397 4718 1640 4786 sibiipsis
1673 4718 1864 4786 laqueo
1896 4718 1981 4771 vi-

2088 4537 2312 4607 ἠρνήσω
2337 4537 2585 4610 θεότητα,
2617 4537 2710 4591 καὶ
2746 4532 3097 4607 προδέδωκας
3119 4537 3230 4598 τοῖς
3254 4536 3466 4604 ἐχθροῖς
3480 4532 3540 4584 τὺ
3558 4531 3663 4600 ζη-

2086 4633 2374 4702 τούμενον.
2396 4630 2540 4698 Ἐγὼ
2559 4630 2613 4683 δὲ
2636 4631 2740 4684 κᾶν
2756 4648 2808 4682 τι
2824 4629 2919 4702 δέῃ
2938 4631 3159 4700 καμεῖν,
3181 4629 3241 4681 οὐ
3262 4628 3575 4697 προήσομαι
3597 4622 3665 4676 τὸ

2088 4725 2586 4793 προσκυνούμενον.
2622 4723 2892 4776 Ἐνταῦθα
2921 4723 3000 4788 δὲ,
3048 4721 3169 4777 οὐδὲ
3187 4721 3297 4790 όρῶ
3319 4721 3401 4781 τίς
3423 4721 3451 4771 ό
3473 4720 3663 4781 πόνος.

413 4824 520 4866 tam
580 4813 843 4866 adimunt.
899 4813 1133 4878 Etenim,
1192 4827 1261 4867 ne
1319 4812 1371 4865 in
1413 4810 1765 4867 defendendo
1831 4812 1991 4866 unius
2028 4810 2331 4879 principatu
2408 4806 2657 4871 desudcs,
2711 4807 2964 4861 deitatem
3012 4807 3245 4876 negasti,
3313 4804 3665 4876 hostibusque

412 4902 488 4967 id,
520 4905 662 4971 quod
696 4904 1033 4972 quaerebant,
1066 4903 1375 4972 prodidisti.
1418 4902 1528 4972 Ego
1563 4918 1713 4969 vero,
1775 4903 1938 4956 etiam
1984 4902 2029 4955 si
2063 4900 2193 4969 quid
2226 4896 2427 4951 laboris
2490 4897 2829 4951 subeundum
2859 4898 2950 4966 sit,
2987 4912 3091 4952 non
3145 4905 3326 4951 tamen
3356 4899 3581 4968 prodam
3608 4898 3662 4951 id

412 4999 554 5064 quod
617 4999 894 5053 aduratur.
945 4998 1264 5067 Quanquam
1308 5014 1375 5052 ne
1423 5000 1510 5053 hic
1544 5000 1759 5067 quidem
1812 4998 1987 5059 video,
2029 4994 2154 5064 quis
2180 4992 2333 5047 labor
2364 4990 2741 5060 suscipiendus
2770 4992 2861 5045 sit.

710 5087 1199 5155 Conuumerantur,
1234 5088 1439 5158 inquis,
1474 5103 1561 5151 ea,
1587 5104 1706 5156 quae
1739 5087 1982 5139 eamdem

410 5180 770 5237 substantiam
819 5182 1019 5234 habent
1055 5196 1215 5251 :quzc
1264 5190 1442 5233 autem
1498 5180 1797 5234 substantia
1845 5179 1987 5230 inter

410 5290 469 5330 se
496 5270 774 5336 dilferunt,
814 5271 1144 5341 singularem
1191 5271 1576 5325 iudicationem
1613 5271 1837 5325 habent.
1873 5267 1985 5322 Un-

409 5365 477 5418 de
528 5364 653 5423 hoc,
682 5369 737 5415 et
787 5377 816 5415 a
854 5361 1050 5431 quibus
1097 5361 1410 5416 doctoribus
1456 5370 1548 5414 aut
1595 5357 1987 5414 fabulatoribus

408 5452 714 5520 accepisti?
747 5452 955 5507 llludne
989 5459 1043 5507 te
1094 5452 1251 5521 fugit,
1290 5466 1573 5507 numerum
1597 5466 1811 5506 onmem
1849 5450 1989 5506 hanc

408 5545 515 5595 vim
560 5542 779 5607 habere,
812 5553 871 5598 ut
906 5544 1274 5613 subiectorum
1306 5545 1686 5614 quantitatem,
1723 5560 1829 5599 non
1861 5546 1984 5598 item

411 5645 592 5686 rerum
649 5643 919 5700 naturam,
966 5635 1239 5705 explicet]
1277 5635 1386 5702 Ego
1438 5650 1565 5690 vero
1616 5635 1688 5689 ita
1732 5636 1982 5706 simplex,

505 5818 521 5848 ⁸
547 5815 761 5870 llomcr.
790 5814 959 5872 Iliad.
987 5834 1099 5888 xxv,
1135 5837 1266 5878 vers.
1292 5822 1412 5877 189.
1483 5825 1499 5853 ε
1537 5819 1647 5877 Jcr.
1682 5836 1732 5884 x,
1770 5819 1852 5875 16.

2300 5080 2743 5153 Συναριθμεῖται,
2760 5082 2886 5153 φῂς,
2904 5080 2972 5134 τὰ
2992 5079 3255 5151 όμοούσια
3277 5096 3291 5110 ο
3310 5080 3379 5133 τὰ
3397 5080 3452 5132 δὲ
3573 5080 3673 5150 οὐχ

2093 5172 2263 5235 οὕτως
2286 5172 2497 5243 ἔχοντα,
2522 5172 2815 5243 μοναδικὴν
2841 5172 2954 5243 ἔχει
2978 5173 3078 5243 τὴν
3102 5171 3355 5242 δήλωσιν.
3383 5170 3554 5225 Πόθεν
3586 5188 3670 5223 σοι

2091 5266 2271 5332 τοῦτο,
2300 5267 2391 5320 καὶ
2428 5266 2579 5338 παρά
2610 5265 2773 5318 τίνων
2807 5264 3187 5335 δογματιστῶν
3217 5265 3312 5317 καὶ
3441 5262 3667 5333 μυθολόο

2092 5375 2237 5427 γων;
2273 5359 2345 5411 Ἢ
2390 5360 2625 5426 ἀγνοεῖς,
2678 5357 2761 5409 ὅτι
2809 5357 2917 5419 πᾶς
2962 5354 3214 5427 ἀριθμὸς,
3247 5354 3345 5425 τῆς
3374 5354 3670 5423 ποσότητος

2089 5452 2199 5506 τῶν
2230 5453 2604 5524 ὑποκειμένων
2628 5452 2744 5505 ἐστὶ
2776 5450 3095 5521 δηλωτικδς,
3120 5450 3179 5503 οὐ
3204 5450 3302 5521 τῆς
3325 5448 3538 5517 φύσεως
3563 5446 3669 5499 τῶν

2094 5546 2467 5617 πραγμάτων;
2510 5543 2651 5613 Ἐγὼ
2682 5543 2739 5595 δὲ
2779 5542 2954 5607 οὕτως
2997 5544 3240 5615 ἀρχαίως
3287 5542 3415 5612 ἔχω,
3470 5538 3670 5610 μᾶλλον

2090 5638 2144 5691 δὲ
2174 5637 2417 5708 ἀμαθῶς,
2452 5637 2591 5691 ὥστε
2636 5639 2761 5708 τρία
2805 5638 2903 5708 μὲν
2931 5636 3180 5709 ὀνομάζω
3212 5635 3281 5689 τὰ
3316 5635 3560 5688 τοσαῦτα
3594 5631 3670 5691 τῷ
