4082 6374
361 290 465 349 833

1323 291 1698 353 PANOPLlA
1738 289 2193 350 DOGMATICA.
2238 312 2306 323 —
2338 290 2485 351 Tl'l‘.
2514 292 2650 355 XII.

3507 300 3614 363 83£

357 429 597 500 ἀριθμῷ.
631 431 735 485 κᾶν
759 430 1013 501 διέστηκε
1041 431 1142 503 τὴν
1181 430 1340 500 φύσιν
1416 433 1473 485 ἓν
1502 433 1578 497 δὲ,
1610 433 1705 485 καὶ
1732 432 1810 493 ἓν,
1848 433 1936 485 καί

2046 435 2125 486 vel
2172 434 2455 502 imperitus
2491 434 2669 501 potius
2709 449 2852 498 sum,
2881 442 2940 489 ut
2964 436 3066 490 tria
3100 438 3316 506 quidem
3343 454 3404 494 ea
3439 442 3620 497 nomi-

356 523 433 581 ἓν,
458 523 635 587 ἄλλως
667 524 766 587 τὰς
798 523 1063 588 τοσαύτας
1095 523 1348 595 μονάδας,
1379 524 1481 578 κᾶν
1514 527 1579 594 τῇ
1625 525 1786 594 οὐσίᾳ
1813 541 1939 576 συν-

357 614 657 673 άπτωνται,
687 614 748 666 οὐ
786 613 921 683 πρὸς
964 613 1032 667 τὰ
1080 615 1381 686 πράγματα
1412 614 1609 686 μᾶλλον
1634 615 1873 684 ἀφορῶν,
1903 614 1937 682 ἢ

361 708 415 758 τὸ
446 707 613 761 ποσὸν
643 707 751 760 τῶν
780 708 1145 780 πραγμάτων,
1182 708 1301 762 καθ’
1339 701 1413 761 ὦν
1451 709 1486 778 ἠ
1620 705 1936 775 ἀρίθμησις.

367 798 522 851 Ἐπεὶ
580 799 639 852 δὲ
672 799 812 853 ’λίαν
865 801 1095 871 περιέχῃ
1141 800 1233 855 τοῦ
1281 801 1633 871 γράμματος,
1691 799 1937 867 καίτοιγε

358 890 613 959 πολεμῶν
652 891 729 961 τῷ
775 892 1065 963 γράμματι
1103 929 1119 952 .
1261 892 1471 946 ἐκεῖθέν
1512 909 1602 961 μοι
1657 891 1789 945 λάϐε
1833 891 1937 954 τὰς

357 980 661 1046 ἀποδείξεις
686 998 699 1010 ·
742 982 875 1049 Τρία
920 985 975 1034 ὲν
1018 983 1137 1043 ταῖς
1164 981 1491 1052 Παροιμίαις
1526 978 1719 1040 ἐστὶν,
1759 977 1796 1029 ἅ
1832 978 1935 1030 εὑ⁴

356 1071 507 1138 όδως
563 1074 877 1140 πορεύεται
904 1090 918 1103 ο
959 1073 1137 1137 λέων,
1184 1072 1282 1126 καὶ
1330 1071 1561 1141 τράγος,
1600 1070 1700 1122 καὶ
1754 1070 1936 1123 ἀλεκ-

356 1161 551 1229 τρυών
573 1179 586 1192 ·
624 1162 737 1225 καὶ,
765 1163 1067 1229 ,ϐασιλεὺς
1090 1164 1245 1233 δημη
1256 1161 1443 1232 γορῶν
1471 1162 1539 1215 ἐν
1571 1162 1728 1215 ἔθνει
1751 1196 1767 1222 ι
1877 1159 1937 1212 τὸ

357 1254 653 1324 τέταρτον·
708 1255 795 1307 ἵνα
843 1256 916 1325 μὴ
971 1255 1114 1323 λέγω
1160 1254 1257 1317 τὰς
1313 1254 1477 1316 ἄλλας
1523 1254 1637 1304 ἐκεῖ
1676 1251 1938 1323 τετράδας

356 1343 788 1415 ἀριθμουμένας,
817 1349 881 1416 τῇ
912 1346 968 1398 δὲ
1001 1344 1157 1414 φύσει
1191 1345 1544 1418 διῃρημένας.
1590 1344 1698 1397 Καὶ
1728 1344 1821 1396 δύο
1859 1342 1937 1412 τῷ

356 1436 547 1487 Μωσεῖ
573 1437 838 1507 χερουϐἱμ
982 1438 1223 1509 εὑρίσκω
1254 1436 1557 1507 μοναδικῶς
1597 1435 1937 1508 ἀριθμούμε-

362 1544 442 1579 να.
470 1525 594 1589 Πῶς
632 1523 755 1591 οὖν,
785 1528 817 1599 ἢ
850 1530 1032 1582 ἐκεῖνα
1069 1529 1217 1602 τρία,
1254 1529 1390 1583 κατὰ
1423 1528 1521 1599 τὴν
1562 1528 1661 1598 σὴν
1689 1527 1936 1597 τεχνολο-

353 1616 497 1684 γίαν,
532 1618 781 1673 τοσοῦτον
824 1619 1069 1690 ἀλλήλων
1101 1620 1499 1691 ἀπερρηγμὲνα
1531 1623 1650 1682 ταῖς
1678 1620 1934 1687 φύσεσιν;

354 1707 387 1779 ἢ
429 1708 604 1761 ταῦτα
649 1710 931 1780 μοναδικὰ,
977 1710 1232 1763 τοσοῦτον
1281 1710 1531 1782 ἀλλήλοις
1579 1709 1793 1780 ὁμοφυῆ
1844 1708 1937 1759 καὶ

2041 539 2185 585 nem,
2210 538 2328 591 quae
2365 525 2588 577 totidem
2620 539 2854 579 numero
2879 536 3025 587 sunt,
3057 530 3270 583 etiamsi
3303 534 3606 587 substantia

2040 613 2287 668 dill'erant
2321 630 2333 665 :
2364 630 2526 667 unum
2559 625 2762 675 autem.
2790 625 2846 670 et
2873 633 3060 682 unum,
3087 630 3141 672 et
3174 636 3359 686 unum,
3394 623 3616 677 totidem

2041 705 2300 769 unitates,
2333 706 2549 759 etiamsi
2578 708 2884 762 substantia
2914 709 3335 779 conjungantur,
3369 729 3475 767 non
3502 730 3616 767 ma-

2039 798 2119 865 gis
2151 797 2401 851 videlicet
2445 814 2530 851 res
2566 799 2710 867 ipsas
2754 799 2995 865 intuens,
3023 817 3186 870 quam
3221 818 3401 856 rerum
3440 821 3615 871 quan-

2040 888 2273 952 titatem,
2307 889 2459 957 juxta
2493 903 2652 956 quam
2688 893 3028 945 enumeratio
3072 892 3185 961 ipsa
3222 896 3313 947 sit.
3347 894 3613 960 Quoniam

2039 989 2220 1032 autem
2254 982 2529 1034 mordicus
2579 980 2816 1034 litteram
2855 984 3077 1048 retines,
3107 986 3205 1039 etsi
3241 986 3440 1055 alioqui
3474 988 3616 1042 litte-

2038 1086 2112 1125 ra:
2150 1069 2348 1123 bellmn
2404 1070 2662 1135 inferens,
2700 1073 2849 1127 illinc
2879 1074 3008 1127 mihi
3066 1077 3414 1141 probationes
3454 1079 3617 1133 hasce

2038 1162 2245 1229 accipe.
2284 1160 2411 1213 Tria
2437 1164 2494 1215 in
2524 1161 2831 1217 Proverbiis
2853 1176 2995 1226 sunt,
3022 1181 3139 1234 qua:
3168 1176 3302 1219 recte
3344 1168 3613 1233 incedunt,

2038 1247 2139 1312 leo,
2165 1248 2364 1312 hircus,
2396 1259 2443 1302 et
2473 1249 2678 1318 gallus;
2708 1258 2762 1306 et
2789 1263 2983 1321 quarto
3017 1253 3157 1317 loco,
3201 1272 3293 1308 rex
3335 1259 3475 1325 apud
3524 1276 3614 1327 po.

2035 1340 2249 1407 pnlares
2296 1357 2418 1393 suos
2462 1343 2763 1396 concionem
2810 1343 3005 1398 habens
3046 1351 3061 1380 '
3087 1363 3100 1411 ;
3131 1354 3184 1400 ut
3231 1347 3470 1418 reliquas
3496 1351 3615 1405 illas

2039 1443 2232 1486 natura
2280 1434 2565 1487 distinctas
2614 1439 3030 1503 quaternitates,
3087 1454 3206 1507 quae
3265 1440 3372 1495 illic
3434 1456 3615 1496 recen-

2038 1535 2247 1585 sentur,
2286 1524 2502 1577 silentio
2554 1535 2897 1594 prmteream.
2935 1526 3076 1581 Duos
3124 1529 3288 1583 etiam
3337 1532 3614 1585 cherubim

2039 1621 2177 1686 apml
2208 1616 2443 1686 Moysem
2478 1617 2714 1679 invenio,
2736 1620 2826 1686 qui
2851 1621 3144 1687 separatim
3175 1629 3613 1688 numeranturg.

2039 1709 2321 1775 Quomodo
2353 1724 2505 1779 ergo,
2538 1710 2620 1763 vel
2654 1710 2740 1763 illa
2776 1712 2876 1764 tria
2900 1721 3050 1775 sunt,
3076 1712 3217 1767 sicut
3246 1727 3332 1768 ars
3360 1724 3448 1766 tua
3478 1729 3615 1782 pra:—

357 1802 723 1873 συγκείμενας
766 1805 827 1857 Εἰ
857 1804 965 1875 γὰρ
991 1803 1208 1874 λέγοιμι
1232 1802 1365 1857 Θεὸν
1391 1803 1484 1857 καὶ
1511 1803 1816 1873 Μαμωνᾶν,
1843 1798 1936 1852 δύο

2045 1799 2259 1863 scribit,
2290 1815 2412 1854 cum
2454 1811 2647 1853 natura
2674 1810 2835 1868 atque
2868 1802 3167 1856 substantia
3206 1804 3340 1858 adeo
3388 1806 3526 1859 inter
3560 1820 3619 1860 se

355 1893 577 1963 κυρίους
606 1896 684 1958 είς
710 1894 766 1947 ἓν
797 1894 1250 1965 ἀριθμουμένους,
1273 1894 1510 1963 τοσούτῳ
1533 1892 1751 1966 μακρὰν
1776 1891 1937 1953 ὄντας

355 1985 622 2057 ἀλλήλων,
653 1987 796 2056 τάχα
826 1986 891 2041 ἂν
931 1987 1025 2041 καὶ
1055 1986 1258 2058 μᾶλλον
1298 1986 1621 2057 γελασθείην
1664 1986 1762 2055 τῆς
1813 1998 1938 2034 συν-

354 2076 479 2147 αριθ
487 2078 561 2148 μή
570 2095 726 2141 σεως.

2044 1893 2400 1961 discrepent:
2436 1902 2529 1944 aut
2570 1892 2682 1945 Inec
2734 1892 3050 1961 singularia,
3083 1908 3202 1962 quae
3245 1904 3435 1947 natura
3480 1896 3619 1949 inter

2042 1997 2101 2037 se
2129 1982 2262 2037 adeo
2292 1983 2519 2052 tequalia
2564 1992 2712 2046 sunt,
2739 1993 2793 2036 et
2815 1982 3101 2051 copulata?
3131 1983 3262 2036 Nam
3296 1986 3339 2037 si
3373 1986 3619 2039 dominos

2044 2072 2166 2127 illos
2215 2073 2350 2125 duos
2398 2074 2563 2126 Deum
2615 2081 2671 2131 et
2714 2074 3114 2126 mammonam'
3186 2088 3618 2129 commemorare

355 2170 656 2238 velim,qui
698 2186 926 2226 numero
970 2187 1078 2227 uno
1114 2172 1436 2237 efferuntur,
1471 2187 1593 2226 cum
1649 2170 1960 2239 usqueadeo
2000 2167 2141 2222 inter
2187 2184 2246 2223 se
2284 2144 2543 2235 disjuncti
2593 2169 2724 2235 sint,
2768 2169 2939 2239 magis
3006 2185 3219 2238 quoque
3260 2168 3484 2224 fortasse
3532 2186 3619 2226 me

354 2261 426 2315 ob
465 2265 600 2316 hanc
625 2266 1160 2320 connumeralionem
1190 2266 1469 2320 ridendum
1495 2264 1862 2334 propinarem.

587 2353 724 2405 Ἀλλ’
767 2355 913 2425 ἐμοὶ,
961 2357 1162 2427 φησὶν,
1214 2358 1400 2409 ὲκεῖνα
1456 2352 1934 2425 συναριθμούμενα

352 2445 593 2514 λέγεται,
637 2447 860 2518 καὶτῆς
912 2449 1081 2518 αὐτῆς
1130 2448 1339 2513 οὐσίας,
1386 2442 1467 2512 οἷς
1508 2448 1935 2516 συνεκφωνεῖται

352 2538 729 2609 καταλλήλως,
768 2540 861 2592 καὶ
897 2541 964 2594 τὰ
997 2539 1236 2610 ὀνόματα
1257 2558 1269 2570 ·
1298 2535 1428 2604 οἷον,
1467 2539 1743 2611 ἄνθρωποι
1764 2540 1933 2610 τρεῖς,

353 2630 450 2684 καὶ
472 2628 587 2683 Θεοὶ
610 2632 780 2701 τρεῖς,
805 2631 925 2702 οὐχὶ
946 2633 1073 2704 τρία
1084 2633 1231 2695 τάδε,
1252 2633 1345 2686 καὶ
1361 2633 1509 2687 τάδε.
1653 2630 1749 2693 Τίς
1778 2630 1886 2700 γὰρ
1902 2631 1936 2700 ἡ

354 2723 624 2787 ἀντίδοσις
659 2745 706 2792 ;ο
828 2724 988 2777 τοῦτο
1011 2725 1429 2795 νομοθετοῦντός
1458 2725 1575 2777 ἐστι
1602 2725 1713 2786 τοῖς
1733 2722 1931 2792 ὀνόμα-

354 2830 463 2879 σιν,
493 2814 593 2866 οὐκ
622 2812 997 2884 ἀληθεύοντος.
1037 2814 1188 2867 Ἐπεὶ
1217 2814 1383 2885 κάμοὶ
1414 2814 1639 2887 Πέτρος,
1671 2814 1765 2867 καὶ
1789 2812 1935 2867 Παῦ-

352 2904 468 2970 λος,
516 2903 612 2957 καὶ
652 2904 925 2976 Ἰωάννης.
958 2906 1019 2958 οὐ
1046 2908 1215 2976 τρεῖς,
1258 2906 1378 2959 οὐδὲ
1407 2905 1701 2976 ὀμοούσιοι.
1726 2904 1829 2968 ἕως
1867 2903 1934 2957 ἂν

354 2998 436 3067 μὴ
457 2998 605 3065 τρεῖς
631 2996 850 3066 Πέτροι,
891 2998 983 3051 καὶ
1008 2998 1155 3069 τρεῖς
1197 2996 1420 3060 Παῦλοι,
1448 2996 1542 3050 καὶ
1580 2995 1820 3049 Ἰωάνναι
1842 3012 1932 3047 το-

353 3087 538 3141 σοῦτοι
568 3087 837 3157 λέγονται.

351 3179 736 3252 γενικωτέρων
779 3178 1085 3250 ὀνομάτων,
1124 3179 1281 3233 τοῦτο
1315 3180 1409 3233 καὶ
1441 3182 1603 3251 ἡμεῖς
1631 3180 1936 3248 ἀπαιτήσο-

353 3286 459 3341 μεν
484 3269 579 3323 ἐπὶ
606 3269 715 3323 τῶν
738 3268 1098 3340 είδικωτέρων
1259 3269 1399 3347 κατὰ
1436 3270 1535 3339 τὴν
1563 3269 1661 3341 σὴν
1698 3267 1939 3323 ἀνάπλα-

346 3378 471 3415 σιν·
502 3362 553 3432 ἢ’
582 3362 879 3433 ἀδικήσεις,
916 3362 990 3433 μὴ
1037 3361 1208 3425 διδοὺς
1242 3362 1378 3431 ὅπερ
1424 3360 1671 3431 εἴληφας.
1699 3360 1764 3412 Τί
1793 3360 1880 3413 δαὶ
1911 3360 1939 3412 6

360 3454 653 3523 Ἰωάννης;
692 3454 854 3525 Τρεῖς
883 3448 1020 3508 εἶναι
1066 3454 1191 3517 τοὺς
1228 3452 1641 3525 μαρτυροῦντας
1672 3451 1848 3522 λέγων
1880 3452 1938 3504 ἐν

345 3547 477 3608 ταῖς
501 3544 851 3609 Καθολικαῖς,
879 3546 939 3599 τὸ
965 3546 1210 3617 Πνεῦμα,
1250 3546 1310 3599 τὸ
1340 3545 1503 3616 ὕδωρ,
1541 3544 1603 3597 τὸ
1769 3538 1935 3613 αἷμα,

345 3633 470 3709 ἆρά
517 3654 597 3690 σοι
640 3637 827 3709 ληρεῖν
880 3638 1163 3707 φαίνεται;
1212 3637 1432 3709 Πρῶτον
1470 3636 1589 3706 μὲν,
1634 3636 1716 3689 ὅτι
1763 3634 1833 3687 τὰ
1862 3635 1937 3704 μὴ

338 3729 616 3803 ὀμοούσια
647 3729 1046 3801 συναριθμῆσαι
1074 3728 1428 3798 τετόλμηκεν,
1453 3726 1480 3778 ὃ
1499 3730 1609 3790 τοῖς
1636 3726 1939 3797 ὁμοουσίοις

346 3825 420 3878 σὺ
452 3823 625 3887 δίδως.
652 3823 769 3894 (Τίς
794 3822 901 3893 γὰρ
926 3822 991 3875 ἂν
1022 3823 1167 3875 είποι
1191 3820 1361 3873 ταῦτα
1391 3820 1519 3890 μιᾶς
1542 3818 1727 3881 οὐσίας
1747 3818 1784 3887 ;)
1809 3816 1939 3869 Δεύ-

338 3930 513 3985 τερον
542 3913 619 3979 δὲ,
646 3915 728 3967 ὅτι
766 3914 839 3984 μὴ
874 3913 1225 3983 καταλλήλως
1254 3911 1392 3982 ἔχων
1424 3912 1737 3980 ἀπήντησεν
1758 3927 1771 3939 ·
1802 3908 1940 3961 ἀλλὰ

343 4007 419 4059 τὸ
460 4007 610 4076 τρεῖς
644 4005 949 4078 ἀρρενικῶς
977 4005 1218 4077 προθεὶς,
1258 4004 1326 4057 τά
1352 4002 1477 4073 τρία
1516 4001 1813 4073 οὐδετέρως
1850 4002 1941 4052 ὲπ-

341 4102 577 4170 ήνεγκε,
610 4098 761 4169 παρὰ
792 4098 918 4161 τούς
952 4099 1098 4161 σούς,
1130 4099 1224 4150 καὶ
1250 4096 1347 4167 τῆς
1374 4096 1472 4165 σῆς
1620 4111 1937 4164 γραμματι-

343 4190 462 4258 κῆς
488 4189 647 4259 ὅρους
691 4190 785 4242 καὶ
829 4189 1046 4259 νόμους.
1100 4188 1291 4242 Καίτοι
1324 4175 1378 4239 τί
1413 4187 1679 4258 διαφέρει,
1712 4186 1744 4255 ἢ
1792 4186 1940 4255 τρεῖς

342 4279 652 4351 προθέντα,
688 4279 766 4347 ἓν,
798 4281 892 4333 καὶ
925 4280 1003 4342 ἒν,
1034 4280 1129 4333 καὶ
1173 4280 1230 4332 ἓν
1261 4280 1594 4346 ἐπενεγκεῖν,
1631 4277 1662 4348 ἢ
1697 4276 1815 4338 ἕνα,
1848 4274 1941 4327 καὶ

338 4372 475 4434 ἕνα,
505 4370 597 4423 καὶ
626 4369 722 4424 ἕνα
753 4370 1001 4439 λέγοντα,
1035 4370 1108 4440 μὴ
1140 4371 1309 4440 τρεῖς,
1343 4367 1478 4420 ἀλλὰ
1506 4368 1629 4438 τρία
1665 4380 1940 4435 προσαγο-

2254 2345 2344 2410 At,
2366 2344 2564 2413 inquis,
2583 2359 2644 2398 ea
2659 2345 3036 2397 connumerari
3059 2346 3325 2409 dicuntur,
3345 2346 3616 2415 ejusdem-

2038 2452 2145 2509 que
2170 2436 2423 2491 essentite
2461 2449 2605 2500 esse,
2634 2436 2829 2505 quibus
2875 2436 3091 2489 nomina
3124 2435 3237 2502 ipsa
3268 2438 3613 2503 respondent,

2034 2548 2158 2588 cum
2188 2528 2488 2585 ell'eruntur
2604 2522 2645 2588 εΔ
2765 2539 2821 2580 ut
2853 2526 3100 2580 homines
3134 2541 3264 2589 tres,
3292 2537 3347 2580 et
3374 2529 3444 2581 dii
3478 2539 3613 2595 tres,

2038 2640 2145 2677 non
2178 2630 2358 2675 autem
2390 2620 2494 2673 tria
2527 2620 2662 2683 haec,
2688 2627 2779 2671 aut
2807 2619 2915 2672 illa.
2948 2618 3074 2684 Quae
3104 2618 3246 2672 enim
3273 2631 3354 2673 est
3379 2619 3493 2673 haec
3526 2637 3614 2674 re-

2039 2713 2145 2767 lata
2176 2709 2489 2779 responsio?
2513 2708 2777 2762 Nimirum
2804 2709 2905 2762 hoc
2926 2710 3037 2777 jam
3077 2708 3310 2762 hominis
3334 2719 3416 2762 est
3444 2710 3613 2776 legem

2040 2802 2351 2857 nominibus
2398 2799 2823 2870 praescribentis,
2857 2814 2959 2852 non
3011 2814 3194 2854 verum
3243 2800 3422 2853 dicere
3464 2802 3617 2854 insti-

2042 2894 2260 2949 tuentis.
2286 2891 2499 2959 Alioqui
2528 2890 2656 2943 mihi
2695 2904 2907 2959 quoque
2935 2891 3051 2959 pari
3080 2890 3267 2945 eadem
3290 2892 3495 2946 ratione
3520 2892 3617 2946 Pe-

2042 2995 2177 3048 trus,
2213 2993 2268 3038 et
2294 2982 2515 3046 Paulus,
2539 2989 2593 3034 et
2618 2978 2855 3034 Joannes
2882 2995 2987 3034 non
3022 2990 3133 3033 tres
3156 2993 3338 3044 erunt,
3366 2997 3461 3035 nec
3487 2998 3616 3036 cou-

1021 3091 1086 3142 “O
1129 3088 1237 3161 γὰρ
1272 3090 1336 3142 σὺ
1372 3090 1678 3160 τετήρηκας
1707 3086 1935 3142 ἐπὶτῶν

2041 3075 2437 3137 substantiales,
2498 3072 2735 3140 quandiu
2802 3087 2908 3124 non
2970 3080 3077 3125 tres
3133 3070 3302 3138 Petri,
3359 3085 3453 3125 aut
3506 3083 3616 3128 tres

2040 3166 2210 3229 Pauli,
2268 3173 2360 3216 aut
2409 3163 2631 3217 totidem
2692 3159 2925 3215 Joannes
2986 3176 3089 3215 non
3150 3162 3419 3217 dicentur.
3460 3162 3613 3230 Quod

2038 3258 2180 3311 enim
2240 3266 2294 3308 tu
2345 3254 2397 3307 in
2440 3254 2784 3323 generalibus
2836 3252 3142 3307 nominibus
3180 3252 3475 3319 retinuisti,
3511 3253 3615 3307 hoc

2039 3362 2137 3401 nos
2170 3359 2384 3414 quoque
2408 3343 2563 3411 juua
2604 3353 2969 3397 commentum
3002 3352 3151 3396 tuam
3196 3343 3247 3396 in
3292 3342 3618 3411 specialibus

2039 3437 2395 3507 postulamus.
2435 3433 2635 3502 injuste
2679 3436 2823 3488 enim
2875 3434 3091 3500 feceris,
3120 3435 3247 3499 nisi,
3280 3436 3421 3503 quod
3463 3450 3618 3489 acce-

2039 3528 2190 3598 pisti,
2241 3527 2479 3581 dederis.
2526 3525 2665 3592 Quid
2711 3525 2987 3580 Joannes?
3022 3526 3153 3580 Cum
3204 3526 3256 3578 in
3320 3524 3617 3579 Catholicis

2039 3620 2281 3691 epistolis
2322 3618 2435 3672 suis
2467 3626 2576 3671 tres
2611 3632 2731 3671 esse
2753 3617 2831 3670 ait
2858 3620 2876 3649 δ
2901 3655 2916 3681 ,
2940 3618 3033 3687 qui
3062 3618 3431 3672 testimonium
3461 3617 3614 3681 dant,

2041 3714 2326 3783 Spiritum,
2357 3726 2576 3780 aquam,
2612 3720 2667 3762 et
2697 3710 3036 3778 sanguinem,
3066 3710 3347 3764 videturne
3389 3710 3483 3763 tibi
3522 3713 3617 3764 de-

2040 3804 2241 3859 lirare?
2269 3804 2533 3868 Primum,
2566 3802 2690 3871 quia
2745 3816 2831 3855 res
2875 3800 3179 3855 substantia
3212 3800 3455 3854 diversas
3482 3815 3615 3854 con-

2042 3908 2329 3951 numerare
2389 3909 2556 3949 ausus
2610 3901 2713 3958 est,
2743 3892 2884 3961 quod
2948 3901 3001 3945 tu
3057 3891 3613 3946 consubstantialibus

2044 3998 2253 4042 tantum
2300 3987 2518 4041 tribuis.
2563 3985 2695 4052 Quis
2738 3984 2882 4037 enim
2923 3984 3038 4038 haec
3076 3983 3234 4037 unius
3257 3982 3608 4051 ejusdemque

2042 4080 2358 4136 substantia:
2397 4093 2517 4134 esse
2545 4076 2782 4133 dixerit?
2804 4076 3068 4139 Alterum,
3102 4075 3225 4143 quia
3271 4077 3429 4129 modo
3453 4076 3615 4128 mini-

2044 4192 2128 4229 me
2178 4173 2497 4243 congruenti
2546 4186 2706 4226 voces
2753 4179 3045 4239 sequentes
3089 4168 3467 4238 subjuuxerit;
3521 4169 3616 4222 sed

2046 4285 2167 4321 eum
2218 4278 2330 4321 tres
2384 4264 2684 4319 masculino
2713 4278 2908 4333 genere
2936 4262 3329 4331 proposuisset,
3366 4262 3460 4313 tria
3495 4276 3619 4314 neu-

2047 4368 2131 4410 tro
2165 4371 2361 4424 genere
2413 4355 2713 4424 subiunxit,
2747 4363 2933 4407 contra
2984 4366 3144 4420 quam
3180 4364 3303 4415 tuae,
3340 4362 3500 4419 atque
3533 4350 3616 4418 ip.

336 4423 574 4537 ρεύειν;
613 4462 748 4530 ὅπερ
798 4423 959 4526 αὐτὸς
989 4423 1258 4527 ἀιτιάξιοῖς
1298 4423 1394 4511 επὶ
1436 4423 1936 4525 τῆςιοεότητος.’Τί

2046 4423 2371 4501 εἰιιείειίιιιιι
2428 4423 2792 4511 grammaticae
2834 4444 2979 4513 leges
3018 4443 3217 4495 ferant.
3252 4441 3446 4494 Verum
3487 4442 3617 4509 quid

340 4551 444 4604 δαί
479 4568 558 4603 σοι
591 4552 619 4603 6
653 4552 931 4621 καρκίνος,
978 4552 1038 4604 τό
1065 4569 1124 4603 τε
1162 4549 1319 4615 ζῶον,
1346 4550 1405 4602 τό
1452 4566 1510 4601 τε
1538 4548 1784 4618 ὄργανον,
1825 4547 1852 4598 ὃ
1878 4562 1938 4597 τε

340 4644 570 4711 ἁστήρ;
600 4642 652 4693 τί
680 4643 766 4695 δαὶ
795 4646 821 4696 6
852 4644 1018 4705 κύων,
1048 4644 1075 4695 ὅ
1110 4660 1168 4694 τε
1213 4643 1486 4711 χερσαῖος,
1520 4639 1611 4692 καὶ
1641 4638 1667 4689 6
1697 4636 1934 4708 ἔνυδρος,

343 4734 453 4789 καὶ
482 4736 511 4785 ὁ
544 4734 822 4804 οὐράνιος;
868 4735 929 4785 οὐ
967 4736 1115 4804 τρεῖς
1160 4730 1413 4799 λέγεσθαί
1442 4746 1522 4781 σοι
1555 4726 1771 4781 δοκοῦσι
1796 4744 1931 4795 καρ-

343 4828 497 4881 κῖνοι
540 4825 634 4877 καὶ
668 4825 863 4891 κύνες;
900 4826 1125 4886 Πάντως
1160 4841 1244 4892 γε.
1272 4819 1419 4893 τΛρεπι
1459 4816 1551 4874 οὖν
1595 4818 1746 4890 παρὰ
1780 4814 1937 4870 τοῦτο

344 4915 452 4970 καὶ
480 4913 787 4985 ὀμοούσιοι;
826 4914 923 4977 Τίς
951 4912 1114 4982 φήσει
1142 4912 1250 4963 τῶν
1282 4910 1407 4963 νοῦν
1443 4908 1705 4978 ὲχόντων;
1751 4904 1937 4975 Ὁρᾷς,

348 5013 511 5070 ὅπως
551 5024 634 5060 σοι
689 5004 1070 5059 διαπέπτωκεν
1117 4999 1145 5051 6
1179 5000 1307 5067 napi.
1342 4997 1439 5061 τῆς
1472 4990 1933 5060 συναριθμήσεως

350 5103 543 5168 λόγος,
566 5097 840 5159 τοσούτοις
860 5093 1218 5165 ὲὶηλεγμένος
1249 5105 1266 5155 ;
1289 5088 1348 5139 El
1366 5088 1473 5153 γάρ
1493 5085 1631 5153 μήτε
1646 5082 1713 5133 τὰ
1742 5083 1767 5132 6
1776 5079 1935 5148 μοού-

358 5210 458 5246 σια
490 5190 711 5251 πάντως
739 5185 1178 5255 συναριθμεῖται,
1212 5182 1305 5233 καὶ
1330 5176 1741 5242 συναριθμεῖται
1766 5174 1835 5223 τὰ
1865 5170 1941 5239 μὴ

357 5285 653 5353 ὁμοούσια,
678 5281 787 5351 ἦτε
815 5280 923 5331 τῶν
967 5275 1246 5343 ὀνομάτωι
1280 5270 1684 5336 συνεκφώνησις
1717 5264 1802 5315 ἐπ’
1829 5265 1941 5332 ἁμ-

363 5379 515 5446 φοίν,
544 5374 597 5426 τί
633 5390 714 5425 σοι
751 5370 913 5423 πλέον
943 5361 1017 5421 ὧν
1040 5363 1427 5434 ὲδογμάτισας.

2047 4541 2295 4599 interest,
2331 4547 2423 4589 aut
2466 4551 2589 4588 cum
2618 4545 2727 4590 tres
2764 4534 3061 4587 masculino
3085 4547 3281 4601 genere
3311 4548 3615 4601 pneposue-

2046 4630 2139 4692 ris,
2175 4646 2359 4691 unum,
2402 4638 2459 4681 et
2504 4643 2687 4691 unum,
2726 4636 2779 4680 et
2814 4643 2976 4679 unum
3023 4625 3289 4693 subjicere
3322 4635 3452 4677 :aut
3495 4641 3616 4677 cum

2044 4738 2230 4785 unum,
2262 4731 2317 4772 et
2354 4734 2541 4781 utinm,
2576 4726 2630 4772 et
2685 4731 2850 4769 unum
2905 4715 3129 4780 dixeris,
3183 4731 3285 4768 non
3348 4726 3477 4779 tres,
3522 4716 3617 4768 sed

2048 4814 2145 4865 tria
2180 4807 2486 4879 appellare?
2515 4808 2566 4861 ld
2595 4807 2734 4875 quod
2771 4814 2825 4859 tu
2861 4804 2912 4859 in
2950 4806 3149 4858 deitate
3184 4791 3471 4859 admittere
3498 4820 3622 4873 gra-

2047 4903 2209 4955 varis.
2256 4899 2397 4964 Jam,
2424 4898 2555 4966 quid
2604 4897 2698 4951 tibi
2734 4909 2953 4962 cancer,
2976 4896 3068 4965 qui
3101 4907 3157 4950 et
3194 4895 3397 4948 animal
3422 4904 3525 4961 est,
3556 4906 3615 4949 et

2044 5001 2329 5055 organum,
2355 4997 2410 5042 et
2440 4985 2630 5041 sidus?
2653 4982 2794 5050 Quid
2830 4983 3011 5049 canis,
3044 4984 3136 5052 qui
3172 4986 3448 5041 terrestris
3505 5000 3616 5053 est,

2045 5090 2098 5134 ct
2137 5081 2402 5146 marinus,
2435 5088 2489 5133 et
2518 5078 2804 5133 cmlestis?
2832 5078 3024 5132 Nonne
3083 5086 3193 5132 tres
3250 5081 3453 5146 cancri,
3520 5092 3618 5136 aut

2048 5186 2211 5224 canes
2255 5171 2353 5223 tibi
2389 5170 2493 5223 dici
2524 5169 2819 5222 videntur?
2882 5168 2957 5220 Ita
3015 5169 3280 5237 profecto.
3334 5172 3416 5222 An
3483 5185 3615 5238 ergo

2052 5268 2280 5336 proinde
2310 5282 2529 5336 quoque
2557 5266 3058 5321 consubstantiales
3085 5268 3251 5321 sunt?
3285 5267 3416 5331 Quis
3445 5280 3613 5317 sanus

2052 5361 2154 5414 hoc
2172 5359 2410 5413 dixerit?
2434 5358 2665 5413 Videsne
2692 5358 2979 5428 quomodo,
2996 5359 3091 5412 tibi
3122 5359 3224 5413 hoc
3249 5372 3617 5411 connumera-

372 5444 542 5524 tiunis
573 5473 977 5536 argumentum,
1044 5467 1124 5513 tot
1173 5456 1445 5523 tantisque
1501 5450 1804 5504 rationibus
1838 5449 2205 5511 conlutatum,
2243 5448 2556 5503 corruerit?
2616 5449 2751 5503 Nam
2792 5467 2915 5505 cum
2972 5464 3072 5502 nec
3132 5444 3621 5501 consubSIantialia

373 5578 598 5629 semper
627 5563 1115 5617 counumerentur,
1148 5559 1203 5605 et
1235 5564 1355 5616 quae
1389 5545 1621 5614 disparis
1649 5543 1899 5598 essentia:
1956 5554 2105 5607 sunt,
2135 5542 2415 5596 interdum
2457 5556 2944 5607 counumerentur,
2982 5554 3032 5596 et
3062 5550 3241 5593 tamen
3277 5540 3331 5591 in
3368 5542 3620 5609 utrisque

381 5655 605 5711 nomina
635 5651 797 5705 simul
828 5648 1011 5703 efferri
1040 5645 1450 5714 perspiciamus,
1479 5654 1544 5692 ex
1578 5638 1685 5689 tuis
1720 5635 2069 5706 dogmatibus
2105 5634 2235 5704 quid
2270 5634 2362 5685 tibi
2407 5633 2675 5686 accessit?

455 5748 473 5777 ⁸
510 5745 668 5799 Prov.
707 5759 831 5807 xxx,
860 5740 949 5806 29,
981 5741 1071 5794 50.
1147 5738 1165 5767 '
1188 5735 1361 5790 Exod.
1392 5748 1595 5797 xum,
1624 5734 1671 5785 7,
1703 5745 1855 5800 seqq.
1908 5730 1927 5759 ³
1962 5728 2154 5782 Matth.
2199 5744 2264 5789 ιι,
2299 5726 2389 5779 24.
2470 5722 2489 5753 ⁸
2519 5721 2535 5775 Ι
2562 5721 2720 5777 Joan.
2754 5738 2806 5787 ν,
2832 5721 2886 5776 8.
