4082 6440
415 305 522 368 δ’ὶῦ
1656 289 2034 353 ΕΗΤΗΥΜΠ
2083 283 2438 348 ΖΞΩᾹΒΕΝΙ
3567 273 3671 336 836

486 411 631 480 Quin
699 408 829 463 illud
893 407 1054 461 etiam
1123 405 1389 474 expendo,
1449 418 1548 456 nec
1612 402 1844 455 fortasse
1907 414 2066 474 te—A

2059 454 2066 472 _
2167 400 2349 452 Σκοτώ
2410 398 2467 450 δὲ
2529 394 2752 447 κάκεῖνο
2784 430 2799 456 ,
2863 389 2961 449 καὶ
3017 388 3150 450 ἴσως
3188 387 3291 439 οὐκ
3323 385 3429 452 ἔξω
3481 387 3671 456 λόγου.

419 524 569 563 mere
622 516 784 575 atque
818 503 1070 560 absurde.
1109 498 1288 554 Unum
1323 507 1378 552 et
1417 513 1608 558 unum,
1643 511 1820 549 nonne
1849 510 1998 548 cmu-

2098 495 2170 549 Τὸ
2201 495 2278 556 ἓν.
2317 493 2410 548 καὶ
2443 492 2504 544 τὸ
2537 490 2616 548 ἓν.
2647 490 2746 542 οὐκ
2776 490 2854 552 είς
2881 488 2972 542 δύο
3005 483 3345 549 συντίθεται;
3373 481 3445 536 τὰ
3474 480 3566 536 δύο
3593 483 3673 547 δὲ,

420 597 591 665 posita
650 598 753 647 duo
807 588 1188 646 constituunt?
1261 587 1373 639 Duo
1427 599 1634 645 rursus,
1699 599 1876 636 nonne
1943 584 1994 636 iu

2097 589 2196 641 οὐκ
2226 588 2303 650 είς
2336 585 2414 648 ἓν,
2446 585 2538 637 καὶ
2563 582 2642 650 ἓν,
2671 581 2996 644 άναλύεται;
3027 577 3194 648 Δῆλον
3220 578 3322 630 ὅτι.
3495 576 3559 628 Εἰ
3581 571 3675 628 οὖν

421 705 584 743 unum
619 696 672 739 et
703 702 862 736 unum
892 677 1278 736 resolvuntur?
1311 679 1388 729 ita
1429 692 1582 730 sane.
1615 675 1669 729 Si
1706 691 1836 741 ergo
1869 691 1995 727 con-

2097 676 2358 752 ὀμοούσια
2397 674 2494 743 μὲν
2539 673 2604 726 τὰ
2643 671 3002 741 συντιθέμενα
3035 669 3176 722 κατὰ
3224 667 3313 720 τὸν
3365 665 3455 719 σὸν
3494 667 3677 732 λόγον,

421 777 797 835 substantialia
853 774 1069 842 quidem
1131 779 1274 831 sunt,
1319 784 1436 836 qua:
1491 779 1909 836 componuntur,
1939 777 1995 818 ut

2101 768 2382 838 ἐτερούσια
2554 765 2712 818 δὲτὰ
2761 763 3093 835 τεμνόμενα,
3133 761 3185 814 τί
3226 759 3548 828 συμὸαίνεις
3596 758 3683 812 Τὰ

424 873 537 940 ipse
565 867 852 937 argutaris,
880 865 1106 917 diversae
1147 873 1326 915 autem
1358 861 1670 913 substantiae
1699 869 1843 920 sunt,
1878 873 1996 924 qnze

2102 859 2241 912 αὐτὰ
2269 859 2530 929 ὀμοούσια
2559 874 2616 909 τε
2645 853 2782 909 εἷναι
2811 857 2904 908 καὶ
2935 853 3268 925 ἐτεροούσια.
3292 850 3441 904 Γελῶ
3463 868 3556 903 σου
3585 853 3683 906 καὶ

423 970 696 1022 secantur,
726 957 853 1025 quid
905 971 970 1009 ex
1025 969 1089 1009 eo
1143 950 1545 1021 consequetur?
1588 951 1852 1003 Nimirum
1913 965 1998 1002 res

2102 953 2199 1015 τὰς
2232 950 2688 1022 προαριθμήσεις,
2721 947 2939 1011 καὶτὰς
2970 944 3396 1017 ὑπαριθμήσεις,
3588 929 3683 998 αἷς

421 1053 661 1112 easdem,
678 1059 729 1102 et
747 1047 1008 1114 ejusdem,
1030 1055 1082 1099 et
1099 1047 1325 1098 diversa!
1340 1042 1592 1096 essentia:
1607 1039 1861 1095 esse.Nec
1877 1055 2004 1092 vero

2108 1046 2170 1095 σὺ
2199 1043 2339 1114 μέγα
2379 1045 2614 1113 φρονεῖς,
2649 1039 2838 1108 ὥσπερ
2869 1040 2924 1090 ἐν
2949 1040 3016 1108 τῇ
3052 1034 3201 1100 τάξει
3236 1034 3346 1088 τῶν
3379 1031 3683 1102 ὀνομάτων,

425 1136 602 1190 facere
629 1149 868 1203 possunt,
1080 1133 1206 1199 quin
1245 1140 1362 1183 tuas
1395 1129 1916 1196 praznumerationes
1945 1144 2008 1182 ac

2106 1135 2375 1205 κειμένων
2407 1134 2514 1186 τῶν
2559 1132 2917 1204 πραγμάτων.
2953 1130 3017 1182 Εἰ
3047 1129 3156 1200 γὰρ
3185 1126 3366 1189 τοῦτο,
3396 1123 3450 1177 τί
3487 1120 3688 1176 κωλύει

423 1224 929 1281 sulmumerationes
953 1221 1179 1283 rideam,
1199 1220 1395 1290 quibus
1419 1232 1469 1272 tu
1494 1220 1715 1288 perinde
1736 1219 2005 1290 gloriaris,

2108 1226 2247 1280 κατά
2275 1227 2364 1280 τὸν
2398 1226 2559 1278 αὑτὸν
2601 1226 2779 1293 λόγον,
2827 1221 3017 1292 ἐπειδὴ
3054 1220 3124 1274 τὰ
3163 1219 3302 1273 αὐτὰ
3329 1219 3424 1272 καὶ
3464 1233 3689 1286 προαρι-

425 1335 489 1374 ac
513 1319 557 1373 si
590 1332 677 1372 res
709 1318 837 1385 ipsa:
864 1315 919 1368 in
951 1313 1337 1368 vocabulorum
1362 1313 1552 1366 ordine
1581 1311 1698 1364 sitae
1721 1311 1850 1364 sint.
1874 1309 2006 1363 Nam

2108 1318 2343 1388 θμεῖται,
2375 1319 2467 1371 καὶ
2499 1315 2889 1387 ὑπαριθμεῖται
2912 1312 3062 1382 παρὰ
3089 1314 3155 1382 τῇ
3180 1310 3300 1381 θείᾳ
3473 1310 3682 1380 Γραφῇ.

428 1412 474 1467 si
498 1411 569 1462 ita
591 1417 695 1471 est,
720 1407 846 1476 quid
869 1404 1112 1474 impedit,
1131 1402 1616 1471 quotninuseadem
1638 1401 1864 1464 ratione,
1880 1414 2011 1467 quq-

2109 1409 2197 1462 διὰ
2237 1410 2336 1478 τὴν
2371 1407 2642 1480 ἰσοτιμίαν
2678 1407 2778 1476 τῆς
2831 1404 3066 1474 φύσεως.
3113 1401 3253 1456 αὐτὰ
3291 1398 3500 1454 ἐαυτῶιν
3548 1393 3688 1452 εἶναι

432 1504 574 1556 niaut
594 1500 801 1554 eadem.
819 1507 1038 1567 propter
1054 1495 1312 1565 aequalem
1330 1503 1533 1547 naturae
1554 1491 1939 1561 praaSIautiam,
1956 1491 2008 1542 iu

2109 1497 2410 1568 τιμιώτεροι
2452 1515 2509 1550 τε
2553 1497 2647 1549 καὶ
2675 1496 3000 1568 «αξιτιμότεραςΙ
3041 1493 3100 1546 '0
3143 1491 3202 1546 δὲ
3250 1489 3410 1552 αὑτός
3445 1506 3556 1559 μοι,
3597 1487 3691 1540 καὶ

431 1606 588 1645 sacra
645 1589 922 1658 Scriptura
971 1603 1117 1641 nunc
1155 1585 1348 1655 priori,
1389 1600 1532 1638 nunc
1572 1583 1855 1653 posteriori
1895 1583 2011 1634 loco

2113 1593 2240 1662 περὶ
2263 1592 2358 1662 τῆς
2395 1589 2537 1654 Θεὸς
2565 1589 2748 1658 φωνῆς
2784 1588 2875 1640 καὶ
2909 1589 3144 1655 Κύριος,
3171 1583 3327 1652 λόγος
3346 1600 3359 1612 ·
3389 1582 3470 1634 ἔτι
3496 1581 3551 1634 δὲ
3579 1579 3691 1632 τῶν

432 1687 813 1742 Imitterantur,
843 1678 954 1732 sint
983 1692 1195 1748 quoque
1220 1676 1332 1742 ipsa
1363 1674 1579 1742 seipsis,
1604 1684 1713 1726 tum
1739 1673 2011 1726 excelleu-
2042 1733 2044 1740 η

2113 1683 2444 1754 προθέσεων,
2477 1682 2576 1751 τῆς
2603 1682 2671 1744 ἑξ
2701 1677 2793 1742 οὗ,
2827 1681 2921 1734 καὶ
2957 1679 3030 1732 δι’
3057 1672 3151 1741 οὗ,
3185 1675 3280 1731 καὶ
3309 1676 3377 1728 ἐν
3508 1669 3594 1738 αἷς
3626 1674 3693 1726 σὺ

435 1773 596 1836 tiora,
650 1781 760 1823 tum
793 1767 1123 1835 abjet-tiom?
1154 1767 1304 1832 Quod
1347 1767 1485 1818 idem
1521 1765 1804 1818 dicendum
1848 1763 2010 1816 etiam
2042 1731 2047 1786 1

2121 1731 2388 1754 ατη-ηπ
2432 1731 2444 1744 .
2491 1731 2574 1751 τί..
2608 1731 2666 1744 ντ
2705 1731 2793 1742 η.
2970 1731 3009 1732 η
3101 1731 3150 1741 κ,
3418 1731 3464 1748 ,κ
3576 1731 3591 1738 -

2113 1769 2588 1842 κάτατεχνολογεῖς
2633 1772 2762 1842 ἡμῖν
2806 1769 2866 1823 τὸ
2913 1769 3074 1831 θεῖον,
3123 1765 3220 1837 τὴν
3267 1767 3363 1835 μὲν
3403 1763 3480 1834 τῷ
3519 1763 3694 1833 Πατρὶ

437 1863 606 1916 habeo
629 1865 692 1915 de
714 1863 795 1915 his
819 1863 1058 1922 vocibus,
1084 1860 1217 1912 Deus
1235 1869 1286 1911 et
1309 1857 1588 1921 Dominus;
1611 1864 1769 1924 atque
1796 1858 2014 1924 insuper

2113 1863 2307 1927 διδοὺς,
2338 1863 2437 1934 τὴν
2465 1863 2521 1915 δὲ
2544 1862 2620 1932 τῷ
2655 1860 2789 1932 Υίῷ,
2825 1861 2924 1930 τὴν
2950 1859 3004 1912 δὲ
3031 1858 3108 1930 τῷ
3133 1858 3270 1928 ἁγίῳ
3295 1853 3590 1926 Πνεύματι.
3626 1851 3694 1905 Τί

435 1958 500 2005 de
566 1953 647 2006 his
703 1951 1190 2020 pra-positionibus,
1252 1964 1316 2001 ex
1358 1965 1482 2016 quo,
1540 1963 1631 2014 per
1671 1963 1842 2016 quem,
1885 1947 2014 2000 etin

2113 1956 2222 2029 γὰρ
2267 1956 2332 2009 ἂν
2383 1957 2666 2026 ἐποίησας,
2717 1953 2927 2022 παγίως
2959 1953 3187 2006 ἑκάστου
3229 1947 3433 2002 τούτων
3482 1945 3696 2013 ἑκάστῳ

435 2060 535 2112 quo
577 2049 619 2107 ',
685 2045 880 2111 quibus
944 2053 998 2095 ιιι
1049 2042 1290 2094 divinum
1347 2041 1472 2092 illud
1535 2054 1732 2092 nomen
1784 2038 1849 2090 ad
1883 2039 2014 2091 artis

2115 2048 2482 2117 νενεμημένου
2503 2063 2517 2077 ο
2574 2046 2735 2100 ὁπότε
2788 2044 3004 2098 πάντων
3043 2044 3176 2096 πᾶσι
3227 2035 3694 2106 συντεταγμένων,

443 2136 817 2203 pra-scriptum
851 2134 1051 2202 exigis.
1083 2135 1311 2202 primam
1361 2132 1562 2185 scilicet
1592 2131 1758 2194 Patri,
1791 2131 2013 2184 alteram

2115 2139 2190 2203 ὼς
2221 2140 2377 2210 δῆλον
2426 2141 2538 2202 τοῖς
2575 2138 2898 2207 φιλοπόνοις,
2940 2134 3208 2210 τοσαύτην
3261 2133 3324 2185 σὺ
3372 2130 3457 2183 διὰ
3493 2129 3697 2182 τούτων

441 2225 597 2284 Filio.
625 2227 841 2278 tertiam
871 2225 1092 2293 Spiritui
1127 2234 1318 2278 sancto
1353 2224 1662 2292 assignans.
1689 2223 1825 2288 Quid
1862 2225 2007 2275 enim

2119 2232 2355 2299 εἰσάγεις
2385 2230 2480 2282 καὶ
2515 2229 2614 2298 τῆς
2644 2229 2822 2293 ἀξίας,
2852 2227 2947 2280 καὶ
2974 2227 3074 2296 τῆς
3115 2223 3330 2294 φύσεως
3371 2219 3698 2288 ἀνισότητας

444 2317 684 2377 fet-isses,
720 2315 765 2368 si
798 2313 1052 2381 quaelibet
1097 2329 1160 2368 ex
1193 2313 1277 2367 bis
1298 2313 1768 2382 praepositionibus
1802 2315 2020 2390 unicui:

2131 2323 2368 2393 Ἀπόχρη
2401 2320 2497 2373 καί
2522 2319 2694 2372 ταῦτα
2719 2321 2830 2380 τοῖς
2861 2316 2935 2387 μὴ
2961 2316 3082 2368 λίαν
3107 2315 3437 2385 άγνάιμοσιν.
3481 2309 3697 2362 Ἐπειδίε

441 2428 545 2481 que
576 2430 823 2482 persomc
851 2412 1168 2469 constanter
1199 2413 1568 2474 tribueretur;
1635 2425 1755 2463 cum
1786 2451 1801 2471 .
1840 2409 2054 2465 tametsi
2089 2423 2283 2464 omnes
2326 2423 2450 2463 cum
2499 2403 2754 2460 omnibus
2804 2404 3117 2472 promiscue
3162 2410 3575 2464 construantur.
3635 2417 3699 2460 ut

439 2510 699 2564 studiosis
730 2519 783 2562 et
835 2509 1114 2561 accuratis
1163 2508 1459 2561 lectoribus
1506 2507 1852 2578 perspicuum
1910 2515 2016 2571 est,
2057 2512 2265 2557 tantam
2323 2501 2439 2570 ipse
2500 2513 2594 2568 per
2645 2512 2760 2560 eas,
2831 2506 2884 2549 ct
2939 2497 3239 2563 dignitatis,
3282 2506 3337 2553 et
3366 2507 3574 2556 natura:
3609 2498 3698 2551 dio

441 2606 753 2662 versitatem
783 2603 1047 2657 inducas?
1077 2601 1362 2656 Suﬂiciuut
1388 2602 1504 2660 haec
1530 2601 1753 2671 quidem
1785 2599 2095 2652 hominibus
2125 2612 2230 2651 non
2269 2595 2434 2656 nimis
2466 2592 2672 2662 iniquis
2697 2605 2759 2646 ac
2795 2591 3160 2660 praposteris.

942 2733 1025 2787 Ea:
1055 2735 1236 2788 eadem
1266 2735 1529 2787 oratione.
1895 2757 1904 2768 ι

1895 2757 1904 2768 ι
2555 2727 2655 2786 Ἐκ
2677 2727 2786 2784 τοῦ
2814 2727 3002 2786 αὑτοῦ
3019 2727 3226 2793 λόγου.

513 2870 669 2938 Quod
692 2871 758 2936 si,
782 2871 906 2942 quia
938 2886 1040 2924 non
1069 2870 1362 2924 admodum
1384 2870 1618 2924 dilucide
1643 2871 1692 2923 iu
1718 2867 2021 2939 Scriptura,

2192 2871 2254 2923 Εί
2286 2869 2339 2929 δὲ
2373 2869 2434 2921 τὸ
2468 2867 2543 2944 μὴ
2571 2869 2692 2922 λίαν
2743 2867 2931 2936 σαφῶς
2977 2864 3293 2938 γεγράφθαι
3362 2865 3516 2937 Salv,
3551 2865 3691 2934 μηδέ

443 2980 543 3016 nec
559 2979 701 3030 saepe
720 2964 1039 3015 ttmuinatitu
1061 2963 1200 3016 Dens
1220 2962 1540 3032 appelletur,
1561 2963 2025 3030 quemadmodum

2125 2964 2381 3024 πολλάκις
2412 2963 2692 3030 ὀνομαστὶ,
2721 2961 2909 3032 ὥσπερ
2927 2959 3016 3014 τὸν
3031 2962 3247 3029 Πατέρα
3270 2958 3560 3028 πρότερον,
3600 2962 3695 3014 καὶ

445 3055 600 3110 Pater
624 3057 799 3126 prius,
828 3065 882 3109 et
911 3066 1096 3123 postea
1131 3054 1324 3120 Filius,
1361 3055 1712 3124 blasphemus
1747 3069 1810 3108 ac
1837 3071 2025 3124 super-
2050 3074 2057 3114 ι

2080 3067 2090 3119 ;
2121 3055 2212 3106 τὸν
2243 3052 2370 3104 Υίὸν
2405 3051 2655 3120 ὕστερον,
2693 3049 2872 3103 αῖτιόν
2921 3067 3003 3103 σοι
3057 3051 3265 3117 γίνεται
3323 3050 3692 3124 βλασφημίας,

443 3161 696 3201 vacaneze
729 3147 888 3215 hujus
905 3146 1251 3216 loquacitatis
1277 3153 1333 3199 et
1359 3145 1657 3214 impietatis
1674 3161 1862 3201 ansam
1890 3162 2026 3215 prae-

2124 3147 2336 3216 καὶτῆς
2366 3147 2629 3215 περιττῆς
2668 3144 2872 3214 ταύτης
2893 3143 3272 3212 γλωσσαλγίας
3286 3143 3383 3224 καί
3411 3142 3691 3211 ἀσεϐείας·

488 3245 562 3301 et,
589 3251 689 3290 nos
719 3236 817 3289 tibi
846 3239 948 3288 hoc
986 3235 1393 3288 incommodum
1421 3235 1777 3306 depellemus,
1809 3247 2025 3303 postea-

2127 3239 2289 3308 ἡμεῖς
2320 3255 2402 3290 σοι
2436 3237 2671 3308 λύσομεν
2705 3237 2909 3304 ταύτην
2956 3237 3056 3304 τὴν
3089 3234 3318 3305 βλάϐην,
3347 3237 3519 3306 μικρά
3567 3236 3700 3306 περὶ

446 3344 610 3397 quam
643 3327 709 3380 de
730 3327 896 3380 rebus
942 3337 996 3379 et
1043 3326 1381 3391 nominibus,
1438 3343 1498 3382 ac
1559 3329 1904 3397 potissitmuu
1958 3330 2026 3384 de

2129 3332 2474 3399 πραγμάτων
2509 3331 2601 3382 καὶ
2641 3330 2945 3397 ὀνομάτων,
2998 3330 3091 3382 καὶ
3153 3329 3390 3396 μάλιστα
3445 3329 3598 3397 ππ.ρὰ
3634 3331 3701 3398 ti

443 3419 744 3489 Scriptura:
774 3433 927 3473 more
953 3427 1118 3492 atque
1151 3434 1249 3472 usu
1275 3420 1522 3473 nonnihil
1559 3421 1882 3476 dixerimus.

1694 3422 1882 3476 rimus.
2127 3423 2225 3496 τῆς
2269 3423 2492 3493 Γραφῆς
2525 3421 2787 3490 συνηθείᾳ
2819 3421 3306 3490 φιλοσοφήσαντες.

517 3509 717 3564 Rerum
771 3526 899 3581 ergo
965 3511 1084 3568 alia:
1158 3527 1265 3564 non
1345 3520 1496 3574 sunt,
1567 3512 1662 3566 sed
1729 3514 2022 3578 dicuntur;

2200 3513 2320 3570 Τῶν
2357 3514 2724 3584 πραγμάτων,
2765 3517 2832 3566 τὰ
2888 3513 2986 3583 μὲν
3028 3516 3129 3566 οὐκ
3158 3512 3297 3576 ἔστι,
3350 3513 3568 3581 λέγεται
3610 3513 3691 3568 δέ·

448 3603 570 3656 alia:
669 3618 794 3655 cum
904 3602 1056 3668 sint,
1176 3605 1400 3658 minime
1493 3604 1816 3669 dicuntur;
1904 3604 2023 3657 alize

2129 3605 2198 3657 τά
2223 3606 2279 3657 δέ
2308 3604 2459 3665 ὄντα,
2500 3606 2561 3660 οὐ
2588 3604 2828 3671 λέγεται’
2859 3605 2928 3656 τὰ
2955 3604 3012 3657 δέ
3053 3602 3176 3659 οὔτε
3205 3603 3378 3668 ἐστιν,
3435 3603 3560 3667 οὔτε
3614 3605 3702 3667 λέ-

449 3705 553 3744 nec
583 3700 728 3754 sunt,
765 3706 864 3746 nec
895 3692 1187 3760 dicuntur;
1235 3694 1356 3749 alite
1412 3695 1646 3763 denique
1697 3704 1752 3750 et
1797 3707 1922 3750 sunt
1973 3705 2030 3750 et

2105 3710 2284 3763 γεται·
2310 3695 2379 3747 τὰ
2417 3695 2474 3748 δὲ
2519 3695 2706 3764 ἄμφω,
2755 3693 2849 3746 καὶ
2884 3693 3020 3750 ἐστι,
3062 3690 3155 3748 καὶ
3188 3691 3425 3762 λέγεται.
3479 3689 3701 3744 Τούτων

450 3781 728 3834 dicuntur.
766 3780 966 3836 Horum
997 3784 1347 3851 probationes
1377 3800 1404 3838 ιι
1439 3803 1522 3839 me
1548 3786 1840 3856 exposcis?
1872 3787 2033 3852 Impi-

2109 3788 2364 3849 ἀπαιτεῖς
2412 3802 2479 3857 με
2544 3785 2644 3848 τάς
2695 3782 3034 3846 ἁποδείξεις;
3104 3784 3407 3854 παρασχεῖν
3459 3780 3699 3850 ἕτοιμος.

451 3888 545 3941 ger
573 3871 866 3928 exhibebo.
909 3873 1117 3929 Dormit
1152 3879 1172 3907 ‘
1220 3878 1270 3928 in
1305 3877 1586 3945 Scriptura
1620 3878 1781 3942 Deus,
1815 3887 1869 3931 et
1897 3879 2033 3948 vigi-

2121 3876 2311 3930 ’Υπνοῖ
2347 3877 2411 3946 τῇ
2445 3875 2634 3946 Γραφῇ
2661 3873 2812 3937 Θεὸς,
2838 3873 2932 3925 καὶ
2958 3874 3248 3944 γρηγορεῖ,
3280 3871 3372 3922 καὶ
3401 3869 3701 3940 ὀργίζεται,

452 3965 524 4018 lat
592 3964 636 4028 ³,
683 3974 739 4018 et
793 3967 1049 4020 irascitur
1089 3967 1110 3998 ⁸
1145 4008 1157 4029 ,
1210 3979 1260 4022 et
1305 3970 1668 4032 proﬁciscitur
1726 3974 1771 4035 ⁵,
1831 3982 1879 4024 et
1934 3987 2032 4040 pro

2109 3970 2206 4023 καὶ
2240 3967 2467 4039 βαδίζει,
2507 3967 2602 4018 καὶ
2657 3965 2845 4035 θρόνον
2881 3962 2993 4033 ἔχει
3047 3963 3117 4014 τά
3169 3960 3456 4032 χερουϐίμ·
3502 3960 3701 4018 καίτοι,

451 4056 646 4111 throno
694 4059 1025 4112 cherubinos
1094 4059 1113 4086 "
1177 4060 1354 4118 bal-et.
1404 4061 1542 4132 Quid
1585 4061 1783 4114 mulio?
1836 4061 2032 4116 Fuitne

2113 4063 2243 4115 πότε
2269 4061 2492 4130 γέγονεν
2518 4058 2805 4130 ἐμπαοής;
2841 4057 2969 4108 πότε
2995 4055 3051 4107 δὲ
3078 4054 3237 4124 σῶμα
3266 4051 3398 4105 θεὸν
3420 4052 3665 4124 ἀκήκοας
3688 4068 3701 4114 ;

451 4163 687 4214 unquam
726 4148 814 4200 ille
841 4147 1215 4204 aﬂ'ectionibus
1245 4151 1544 4204 obnoxius?
1586 4151 1812 4218 Quando
1865 4152 2029 4205 Deum

2113 4151 2288 4210 Τοῦτο
2312 4152 2412 4208 οὐκ
2433 4149 2492 4208 ὃν
2522 4148 2855 4220 ἀνεπλάσθη.
2901 4146 3282 4218 Ὠνομάσαμεν
3304 4144 3433 4214 γὰρ,
3463 4143 3539 4206 ὡς
3570 4143 3707 4212 ἡμῖν

451 4251 573 4290 esse
597 4253 795 4306 corpus
821 4239 1059 4293 audisti?
1091 4241 1228 4308 Ergo
1248 4240 1370 4304 hoc,
1399 4257 1519 4295 cum
1549 4257 1655 4295 non
1683 4244 1773 4307 sil,
1802 4242 2032 4296 emotum

2116 4247 2358 4315 ἐφικτὸν,
2395 4246 2459 4297 ἐκ
2492 4243 2598 4297 τῶν
2631 4241 2917 4315 ἡμετέρων
2938 4239 3009 4293 τὰ
3033 4237 3129 4292 τοῦ
3159 4236 3315 4291 Θεοῦ.
3345 4235 3419 4289 Τὸ
3458 4236 3554 4302 μὲν
3574 4235 3709 4306 ἡρε-

452 4337 554 4381 est.
600 4329 673 4381 Ex
710 4332 911 4383 nostris
939 4331 1082 4384 enim
1133 4333 1295 4384 rebus
1343 4348 1431 4393 ea,
1472 4349 1588 4398 quae
1638 4333 1726 4388 Dei
1781 4344 1929 4402 sunt,
1979 4344 2035 4389 ut

2120 4341 2239 4409 μεῖν
2275 4337 2438 4391 αὐτὸν
2465 4336 2557 4406 ἀφ’
2586 4335 2763 4407 ἡμῶν,
2801 4334 2897 4387 καὶ
2927 4327 3040 4386 οἷον
3070 4329 3312 4403 ἀμελεῖν,
3357 4327 3424 4382 δι’
3447 4326 3514 4391 ἃς
3546 4325 3713 4388 αὐτὸς

455 4418 747 4486 potuimus,
785 4422 1209 4475 nominavimus.
1271 4421 1404 4476 Cum
1459 4425 1685 4480 seorsim
1737 4427 1952 4495 quidem
2004 4435 2067 4488 al

2119 4427 2262 4484 οἶδεν
2296 4431 2496 4492 αἰτίας,
2549 4427 2772 4483 ὑπνοῦν.
2803 4427 2878 4482 Τὸ
2924 4425 3033 4496 γὰρ
3057 4423 3327 4497 ἡμέτερον
3507 4417 3714 4472 ὑπνοῦν

453 4509 608 4563 nobis
639 4513 892 4577 quiescit,
920 4528 984 4566 ac
1016 4514 1162 4568 velut
1190 4517 1358 4569 nostri
1391 4532 1603 4582 curam,
1656 4518 1725 4573 ob
1755 4534 1866 4578 cas,
1900 4535 2036 4588 quas

2116 4523 2379 4589 τοιοῦτον,
2397 4521 2760 4593 άνενὲργητόν
2784 4537 2842 4573 τε
2864 4517 2957 4574 καὶ
2979 4518 3279 4590 ἄπρακτον.
3318 4513 3390 4566 τὸ
3415 4512 3471 4566 δὲ
3497 4511 3715 4582 ἀθρόως

454 4603 568 4669 ipse
626 4615 940 4672 perspectas
998 4605 1184 4672 habet,
1250 4622 1460 4673 causas,
1525 4608 1736 4680 abjicit,
1795 4611 2034 4666 dormire

2120 4616 2179 4674 εὖ
2217 4622 2391 4672 ποιεῖν
2424 4619 2488 4670 ἐκ
2509 4615 2839 4688 μεταϐολῆς,
2879 4613 3198 4684 γρηγορεῖν,
3238 4608 3450 4662 ’Ύπνου
3481 4606 3590 4677 γὰρ
3619 4605 3717 4657 λύς-

452 4695 669 4748 dicitnr.
719 4695 852 4749 Nam
906 4712 1004 4752 nos
1051 4715 1287 4770 quoque,
1343 4700 1469 4755 dum
1521 4703 1837 4765 dormimus,
1886 4703 2030 4756 omni

2121 4731 2230 4776 σις,
2270 4713 2620 4782 ἐγρήγορσις,
2660 4707 2848 4778 ὥσπερ
2874 4702 3251 4775 ἀποστροφῆς,
3282 4699 3589 4768 ἐπίσκεψις.
3639 4697 3715 4751 Τὸ

451 4785 642 4851 agt-mli
707 4785 966 4841 facultate
1024 4801 1296 4850 caremus.
1351 4791 1520 4854 Idem,
1579 4805 1700 4844 cum
1757 4790 2032 4859 repentina

2120 4801 2178 4854 δὲ
2204 4798 2474 4862 κολάζειν,
2515 4795 2828 4867 ὀργίζεσθαι
2851 4793 3249 4862 πεποιήκαμενο
3282 4787 3425 4842 οὕτω
3452 4788 3561 4857 γὰρ
3582 4787 3713 4856 ἡμῖν

456 4878 756 4929 mutatione
816 4877 1094 4933 beneﬁciis
1152 4896 1253 4944 nos
1302 4880 1491 4946 afficit,
1541 4881 1763 4952 vigilare
1813 4881 2032 4934 dicitur.

2123 4891 2180 4955 ἐξ
2205 4890 2431 4960 ὀργῆςή
2466 4887 2707 4952 κόλασις.
2745 4887 2787 4938 Τ
2791 4886 2819 4938 ὸ
2851 4885 2907 4946 δέ
2945 4883 3042 4946 νῦν
3079 4883 3177 4952 μὲν
3357 4879 3503 4952 τῇδε,
3532 4877 3624 4932 νῦν
3653 4875 3712 4927 δὲ

455 4967 645 5022 Somni
701 4969 845 5023 enim
889 4970 1133 5038 depulsio
1183 4981 1266 5030 est
1313 4974 1524 5046 vigilia,
1579 4973 2034 5041 quemadmodum
2122 4980 2251 5050 τῇδε
2299 4980 2562 5050 ἐνεργεῖν,
2589 4978 2848 5049 βαδίζειν,
2885 4976 2951 5036 Ἢ
2982 4973 3093 5046 γάρ
3115 4973 3207 5026 ἀπ’
3243 4971 3404 5026 ἄλλου
3432 4970 3567 5042 πρὸς
3590 4965 3717 5021 ἄλλο

455 5060 816 5114 aversationis
851 5062 1113 5117 visitatio.
1147 5063 1266 5118 .lam
1300 5081 1421 5126 cum
1461 5066 1512 5118 in
1535 5065 1766 5133 aliquem
1799 5063 2038 5116 animad-

2127 5071 2445 5142 μετάϐασις,
2485 5071 2764 5144 βαδισμός.
2819 5070 2892 5124 Τὸ
2930 5068 2988 5122 δὲ
3043 5063 3422 5128 ἀναπαύεσθαι
3599 5062 3721 5122 ταῖς

455 5148 639 5210 vertit,
688 5151 849 5204 irasci
892 5167 1016 5205 eum
1073 5153 1346 5209 iinxinms.
1396 5153 1486 5207 Sic
1536 5153 1683 5207 enim
1715 5167 1814 5206 nos
1855 5151 1934 5205 ira
1970 5152 2034 5205 ad

2124 5164 2310 5234 ἁγίαις
2343 5164 2627 5230 δυνάμεσι,
2661 5161 2756 5216 καὶ
2785 5156 2896 5214 οἷον
2942 5156 3364 5228 ἐμφιλοχωρεῖν,
3389 5149 3722 5214 καθέζεσθαι

454 5242 782 5310 puniendum
831 5244 1138 5300 incitamur.
1181 5247 1334 5312 Quod
1366 5257 1545 5300 autem
1577 5259 1718 5298 nunc
1754 5243 1861 5307 hic,
1897 5257 2038 5296 nunc

2126 5259 2220 5313 καὶ
2251 5256 2616 5329 θρονίζεσθαι,
2645 5255 2739 5308 καὶ
2770 5252 2929 5308 τοῦτο
2964 5251 3254 5321 ἡμέτερον.
3275 5247 3466 5300 Οὐδενὶ
3494 5246 3604 5316 γὰρ
3628 5245 3721 5296 οὖ-

455 5333 565 5388 illic
605 5346 882 5403 operatur,
929 5336 1184 5392 incedere
1228 5339 1445 5391 dicitur.
1500 5336 1581 5390 Ab
1631 5335 1738 5389 alio
1774 5335 1916 5388 enim
1965 5335 2034 5387 ad

2125 5367 2251 5413 τως,
2289 5349 2364 5411 ὡς
2387 5350 2496 5413 τοῖς
2521 5345 2698 5416 ἁγίοις
2729 5347 2790 5399 τὸ
2819 5344 2958 5400 θεῖον
2986 5339 3416 5396 ὲναναπαύεται.
3570 5337 3642 5389 To
3665 5336 3725 5390 δὲ

455 5424 600 5479 aliud
630 5426 909 5493 transitus,
940 5427 1207 5498 profectio
1243 5437 1343 5483 est.
1394 5427 1543 5493 Quod
1579 5441 1708 5481 vero
1749 5425 1802 5478 in
1833 5425 2036 5479 sanctis

2125 5441 2464 5512 ὀξυκίνητον,
2492 5441 2710 5511 πτῆσιν·
2733 5438 2830 5506 τὴν
2861 5435 2916 5489 δέ
2943 5432 3276 5501 ἐπισκοπὴν,
3311 5429 3624 5502 πρόσωπον·
3658 5426 3721 5478 τὸ

456 5514 563 5570 illis
592 5523 647 5571 et
677 5518 992 5574 caelestibus
1025 5520 1298 5574 mentibus
1348 5520 1720 5588 conquiescat,
1775 5534 1839 5575 ac
1892 5519 2033 5572 velut

2126 5533 2328 5587 διδόναι
2355 5532 2412 5586 δὲ
2442 5534 2535 5585 καὶ¹
2568 5528 2886 5602 προσίεσθαι
2932 5565 2946 5586 ,
3125 5525 3302 5596 χεῖρα·
3333 5521 3427 5575 καὶ
3468 5520 3600 5590 άλλη
3637 5535 3724 5582 τις

541 5712 560 5745 ¹
585 5709 747 5767 Bato.
780 5730 855 5778 ιι,
888 5713 978 5770 56.
1057 5717 1076 5745 ²
1111 5713 1255 5772 Psal.
1281 5731 1487 5785 Lxxvu,
1519 5715 1610 5771 65.
1686 5716 1705 5748 ³
1738 5713 1872 5771 Dan.
1903 5733 1977 5781 l.\',
2027 5717 2106 5772 Η.

1946 5733 1977 5781 ῑ,
2027 5717 2106 5772 Η.
2183 5722 2199 5746 ’⁸
2229 5717 2333 5774 lsa.
2367 5735 2417 5774 v.
2617 5720 2632 5749 ‘
2671 5716 2781 5774 Ceu
2813 5735 2888 5783 II,
2923 5720 2976 5775 5.
3057 5719 3078 5752 ⁸
3108 5718 3211 5776 lsa.
3246 5737 3446 5790 XXXVII,
3475 5722 3558 5777 16.
