4082 6378
371 245 481 309 837

1345 243 1730 304 PANOPLIA
1772 245 2232 308 DOGMATICA.
2276 272 2338 284 -
2379 249 2528 309 TlT.
2566 250 2674 309 XI.

3526 263 3633 326 838

371 361 511 423 ὅλως
541 360 656 414 τῶν
689 356 784 414 τοῦ
817 356 956 414 θεοῦ
981 357 1267 426 δυνάμεων
1303 357 1335 427 ἢ
1381 358 1695 428 ἐνεργειῶν·
1729 361 1862 412 ἄλλο
1891 379 1931 412 τι

2053 361 2283 416 libenter
2347 366 2691 428 immoretur,
2731 368 2923 422 sedere
2972 374 3136 436 atque
3175 368 3229 423 in
3269 372 3464 429 throno
3509 395 3631 433 esse

369 453 477 506 τῶν
512 453 844 520 σωματικῶν
871 454 1002 521 ἡμῖν
1027 451 1520 520 ἀνεζωγράφησεν.

2055 455 2526 520 nuncupavinius;
2564 459 2708 524 quod
2738 457 2915 528 ipsum
2945 475 3168 529 quoque
3227 473 3473 518 nostrum
3521 478 3626 522 est.

370 544 513 600 Deus
544 545 687 600 enim
721 545 868 599 nulla
905 543 959 596 in
996 558 1052 596 re
1101 543 1324 612 perinde
1363 550 1422 596 ut
1488 543 1540 596 in
1598 545 1836 606 sanctis,
1875 547 2200 615 acquiescit.
2259 546 2376 600 Jain
2431 551 2704 605 levitatem
2735 551 2855 620 ejus
2904 563 3200 626 motusque
3259 559 3620 624 celeritatem,

369 641 612 692 volatum
637 639 885 708 fappellat
911 639 1228 706 Scriptura;
1276 637 1662 700 visitationem,
1691 641 1922 704 vultum,
1974 641 2312 710 largitionem
2341 645 2508 696 etiam
2543 653 2597 696 et
2631 648 3026 715 acceptionem,
3059 665 3318 718 manum;
3349 663 3532 720 atque,
3572 667 3628 707 ut

366 732 419 784 in
447 747 662 786 summa
685 733 886 797 dicam,
927 731 1030 785 alia
1070 732 1316 800 quaedam
1343 731 1436 784 Dei
1486 732 1568 784 vis
1619 740 1672 783 et
1721 730 1972 795 facultas,
2027 733 2173 787 aliud
2201 735 2478 802 quidpiam
2510 753 2686 790 rerum
2739 754 3126 808 corporearum
3163 744 3320 798 nobis
3354 745 3620 813 depinxit.

444 827 612 879 Πάλιν
641 827 706 879 σὺ
752 825 918 880 πόθεν
941 825 1001 876 τὸ
1033 825 1332 892 ἀγέννητον
1361 823 1552 876 λα6ὼν
1587 825 1750 894 ἔχεις,
1816 827 1848 892 ἢ
1883 825 1945 876 τὸ

368 921 630 990 ἄναρχον,
680 921 780 982 τὰς
830 919 926 982 σὰς
976 918 1328 986 ἀκροπόλεις,
1384 920 1416 987 ἢ
1474 917 1571 970 καὶ
1637 920 1824 987 ἡμεῖς.
1881 919 1943 971 τὸ

365 1012 635 1067 ἀθάνατον
662 1027 678 1078 ;
711 1011 897 1075 Δεῖξον
952 1011 1128 1064 ταῦτα
1178 1011 1528 1080 ὁνομαστὶ,ἣ
1565 1013 1939 1080 ἁθετήσομεν,

364 1105 554 1178 ἐπειδὴ
582 1105 645 1157 οὐ
684 1106 1016 1172 γέγραπται,
1053 1105 1083 1170 ἦ
1119 1103 1518 1171 διαγράψομεν.
1579 1104 1687 1155 Καὶ
1747 1103 1940 1172 τέθνη-

362 1217 465 1260 κας
499 1200 562 1251 ὲκ
601 1197 712 1251 τῶν
741 1196 848 1248 σῶν
872 1195 1208 1259 ὑποθέσεων,
1242 1195 1681 1264 καθαιρεθέντων
1716 1211 1798 1246 σοι
1825 1193 1934 1246 τῶν

358 1292 668 1359 ὀνομάτων,
718 1292 811 1351 καὶ
849 1288 942 1341 τοῦ
1003 1287 1215 1356 τείχους
1259 1290 1358 1355 τῆς
1410 1290 1736 1358 καταφυγῆς
1777 1286 1862 1355 ἐφ’
1891 1280 1935 1352 ᾧ

361 1385 696 1447 ἐπεποίθεις.
735 1385 804 1438 Ἢ
824 1383 1002 1450 δῆλον,
1023 1381 1108 1433 ὅτι
1138 1381 1202 1433 ὲκ
1232 1379 1342 1432 τῶν
1363 1379 1535 1432 ταῦτα
1571 1381 1934 1448 συναγόντων,

359 1480 467 1533 κᾶν
511 1477 588 1548 μὴ
621 1476 792 1529 ταῦτα
833 1474 1101 1544 λέγηται;
1134 1472 1306 1524 Τίνων
1333 1473 1576 1539 τούτων;
1621 1472 1772 1542 Ἐγώ
1818 1474 1933 1540 εἰμι

2135 828 2377 882 Rursum
2418 831 2690 885 undcnam
2761 844 2815 887 tu
2867 851 3021 890 arces
3075 837 3198 891 illas
3273 847 3416 904 tuas,
3478 841 3630 908 ingv-

2051 920 2226 974 nitum
2253 933 2347 976 aut
2402 925 2861 993 anarchum(hoc
2913 937 2997 980 est
3049 930 3308 997 principii
3358 932 3623 999 expers),

2051 1014 2329 1078 accepisti,
2364 1024 2458 1068 aut
2510 1031 2610 1069 nos
2648 1017 2810 1071 etiam
2869 1018 3196 1074 immortalis
3228 1037 3414 1075 vocem
3445 1023 3466 1074 ?
3499 1023 3623 1077 lla-c

2049 1104 2371 1158 nominatim
2408 1113 2461 1158 et
2495 1122 2750 1175 expresse
2781 1112 3031 1174 ostende,
3073 1126 3135 1165 ea
3168 1112 3250 1166 vel
3284 1113 3621 1180 rejiciemus,

2049 1199 2179 1267 quia
2230 1200 2283 1252 in
2320 1199 2606 1268 Scriptura
2637 1217 2748 1256 non
2807 1211 3044 1268 exstant,
3078 1204 3164 1257 vel
3221 1219 3616 1275 expnngemus.

2045 1293 2224 1358 Atque
2248 1294 2318 1345 ita
2355 1294 2578 1348 tuismet
2629 1295 2744 1364 ipse
2792 1297 3072 1364 principiis
3107 1312 3404 1364 Oppressus
3457 1301 3623 1352 inter-

2044 1381 2170 1444 ibis,
2188 1383 2396 1436 eversis
2425 1384 2684 1436 nimirum
2712 1386 2802 1439 tibi
2826 1386 3106 1440 vocabulis
3129 1386 3258 1447 illis,
3280 1386 3622 1456 perfugiique

2044 1473 2337 1536 inmitibus,
2365 1476 2416 1528 in
2450 1476 2652 1540 quibus
2674 1476 3010 1530 conﬁdebas.
3045 1476 3236 1530 Nonne
3265 1479 3616 1545 perspicuum

358 1573 617 1641 πρῶτος,
644 1570 876 1639 καὶέγὼ
905 1569 1058 1637 μετὰ
1093 1569 1300 1624 ταῦτα·
1341 1567 1457 1630 καὶ,
1488 1565 1608 1632 Πρὸ
1638 1565 1788 1635 ἐμοῦ
1821 1566 1931 1618 οὐκ

2044 1575 2147 1629 est,
2169 1567 2283 1620 haec
2313 1568 2381 1620 de
2413 1566 2478 1620 iis
2501 1579 2717 1636 sumpta
2749 1582 2890 1628 csse.
2917 1585 2980 1624 ex
3013 1570 3214 1636 quibus
3249 1570 3613 1634 colliguntur,

355 1669 530 1721 ἔστιν
551 1666 744 1730 ἄλλος
763 1662 928 1730 Θεὸς,
956 1662 1054 1716 καὶ
1099 1662 1229 1730 μετ’
1257 1660 1364 1729 ἐμὲ
1395 1662 1507 1714 οὐκ
1530 1659 1726 1713 ἔσται.
1773 1658 1934 1710 Ὀλον

357 1760 469 1828 γὰρ
498 1759 560 1810 τὸ
583 1759 777 1819 ἐστιν,
818 1754 973 1825 ἐμόν·
1004 1753 1129 1806 οὔτε
1151 1755 1456 1824 ἠργμένον,
1485 1751 1608 1804 οὔτε
1654 1751 1936 1818 παυσόμε-

355 1849 673 1906 νον.Ταῢτα
691 1849 892 1910 λαΰὼν,
914 1849 976 1901 τὸ
1000 1849 1123 1916 μὲν,
1147 1845 1222 1914 μὴ
1246 1843 1385 1900 εἶναί
1407 1864 1457 1898 τι
1483 1847 1588 1914 πρδ
1610 1843 1800 1905 αὐτοῦ,
1828 1861 1934 1913 μη-

357 1945 414 1996 δὲ
451 1941 832 2010 πρεσϐυτέραν
874 1941 1054 1993 αξτίαν
1091 1939 1258 2009 ἔχειν,
1287 1938 1525 2006 ἄναρχον
1548 1935 1930 2006 προσηγόρευ-

361 2051 480 2100 σας,
503 2035 598 2090 καὶ
625 2035 945 2103 ἀγέννητον·
969 2031 1033 2084 τὸ
1061 2031 1138 2094 δὲ,
1170 2031 1244 2100 μὴ
1292 2030 1590 2097 στήσεσθαι
1642 2027 1740 2080 τοῦ
1765 2023 1926 2093 εἷναι,

356 2128 631 2182 ἀθάνατον
645 2128 743 2182 καὶ
753 2124 1080 2194 ἀνώλεθρον.
1109 2126 1173 2176 At
1197 2123 1296 2192 μὲν
1310 2122 1374 2190 δὴ
1393 2121 1607 2188 πρῶται
1645 2119 1927 2186 συζυγίαι,

355 2218 633 2282 τοιαῦται,
668 2217 766 2270 καὶ
802 2214 977 2278 οὕτως
1025 2214 1276 2283 ἔχουσαι.
1341 2212 1477 2264 Τίνα
1510 2211 1568 2262 δὲ
1599 2209 1723 2262 οὔτε
1762 2211 1931 2273 ἔστιν,

352 2310 479 2363 οὔτε
503 2309 727 2378 λέγεται
749 2323 766 2374 ;
801 2304 1046 2376 Πονηρὸν
1067 2304 1133 2358 τὸ
1163 2304 1330 2368 θεῖον,
1353 2305 1385 2370 ὴ
1415 2305 1625 2372 σφαῖρα
1647 2301 1931 2372 τετράγω-

355 2420 468 2467 νος,
493 2405 555 2456 τὸ
568 2400 848 2471 παρελθὸν
866 2398 1164 2468 ἐνέστηκεν
1206 2396 1270 2449 οὐ
1297 2396 1556 2450 σύνθετον
1577 2398 1602 2449 ὁ
1621 2395 1931 2463 ἄνθρωπος·

353 2497 494 2548 Τίνα
521 2497 633 2564 γὰρ
657 2496 738 2558 εις
761 2493 1020 2546 τοσοῦτον
1074 2488 1387 2560 ἐμπληξίας
1433 2487 1566 2538 ποτὲ
1591 2487 1931 2556 ἀφικόμενον

352 2594 548 2656 ἔγνως.
584 2587 727 2641 ὥστε
761 2603 815 2638 τι
865 2583 1131 2649 τοιοῦτον,
1189 2583 1218 2650 ἢ
1250 2581 1506 2648 ἐννοῆσαι
1538 2578 1836 2646 τολμῆσαι,
1899 2577 1932 2647 ἢ

350 2678 745 2750 ἀποφήνασθαι
767 2694 783 2745 ;
814 2677 1080 2731 Λεὶπεται
1131 2673 1304 2740 δεῖξαι
1353 2671 1477 2724 τίνα
1511 2671 1606 2721 καὶ
1642 2668 1786 2729 ἐστι,
1830 2667 1926 2719 καὶ

354 2774 600 2840 λέγεται·
630 2770 784 2834 Θεὸς,
815 2766 1128 2838 ἄνθρωπος,
1157 2762 1412 2831 ἄγγελος,
1463 2760 1664 2832 κρίσις,
1707 2757 1934 2826 ματαιό-

354 2883 478 2934 της,
507 2867 556 2918 οἱ
583 2862 816 2916 τοιοῦτοι
845 2858 1222 2927 συλλογισμοὶ,
1260 2857 1355 2909 καὶ
1389 2854 1489 2924 τῆς
1528 2854 1765 2915 πίστεως
1799 2852 1933 2904 ἀνα-

352 2957 557 3028 τροπὴ,
593 2958 686 3011 καὶ
718 2954 814 3008 τοῦ
849 2951 1158 3023 μυστηρίου
1191 2949 1446 3010 κένωσις.

2040 1658 2255 1714 tametsi
2282 1660 2507 1714 minime
2530 1659 2821 1714 dicantur?
2842 1661 3056 1726 Quibus
3088 1663 3300 1715 tandem
3329 1662 3351 1713 ἲ
3380 1661 3488 1730 Ego
3505 1667 3622 1714 sam

2039 1753 2263 1820 primus,
2333 1761 2378 1802 et
2413 1767 2505 1820 ego
2555 1761 2672 1819 post
2715 1753 2822 1806 hac
2861 1752 2898 1804 ¹.
2967 1752 3058 1817 Ει,
3091 1754 3225 1805 Ante
3274 1771 3352 1806 me
3388 1771 3492 1807 non
3546 1764 3621 1806 est

2039 1844 2182 1896 alius
2211 1843 2370 1906 Deus,
2401 1855 2449 1896 et
2501 1853 2616 1911 post
2669 1861 2752 1898 me
2809 1861 2911 1898 non
2940 1847 3042 1899 erit
3072 1847 3113 1899 ’.
3147 1845 3344 1898 Totum
3382 1848 3524 1900 enim
3550 1847 3619 1900 il-

2037 1939 2130 1992 lud
2165 1945 2265 2000 est,
2302 1947 2624 2002 meumest;
2679 1953 2779 1992 nec
2832 1938 3161 2005 principium
3225 1939 3451 2003 habens,
3505 1953 3604 1990 nec

2039 2029 2200 2082 linem
2254 2029 2592 2082 habiturum.
2636 2028 2731 2083 llis
2762 2028 3103 2097 aScriptura
3155 2031 3414 2097 acceptis,
3481 2029 3610 2080 illud

2037 2123 2285 2191 quidem,
2317 2123 2460 2190 quod
2499 2131 2626 2175 ante
2649 2136 2773 2174 eum
2809 2121 2944 2174 nihil
2980 2123 3071 2182 sit,
3106 2137 3205 2175 nec
3233 2122 3610 2188 antiquiorem

2039 2218 2205 2272 ullam
2234 2217 2348 2286 ipse
2377 2232 2598 2271 causam
2631 2215 2849 2280 habeat,
2902 2217 3198 2270 auarclium
3228 2225 3282 2271 et
3307 2217 3608 2282 ingenitum

2040 2310 2335 2378 appellasti
2365 2327 2379 2362 :
2414 2309 2557 2376 quod
2623 2318 2803 2363 autem
2840 2324 3119 2376 nunquam
3155 2323 3278 2362 esse
3327 2308 3613 2361 desituros

2037 2403 2131 2466 sit,
2191 2403 2720 2470 iu'imortale,atque
2774 2401 3031 2456 interitus
3098 2417 3311 2469 expers.
3376 2402 3452 2454 Ac
3504 2402 3614 2454 duo

2039 2492 2213 2557 prima
2269 2507 2450 2557 rerum
2486 2506 2686 2562 genera
2718 2491 2782 2544 ad
2815 2491 2962 2544 hunc
2989 2491 3211 2544 modum
3265 2505 3324 2545 se
3373 2491 3602 2544 habent.

2036 2583 2296 2649 Quanam
2324 2594 2526 2648 autem,
2555 2598 2652 2636 nec
2681 2593 2832 2643 sunt.
2853 2598 2952 2658 nec
2985 2582 3246 2637 dicuntur
3270 2583 3292 2633 ?
3323 2582 3614 2650 Improbus

2039 2675 2200 2738 Deus,
2220 2675 2480 2743 quadrata
2510 2674 2748 2744 Spbmra,
2775 2676 3107 2742 przeteritum
3138 2685 3348 2742 tempus
3373 2690 3614 2741 praesens

2036 2778 2139 2833 est,
2169 2768 2331 2823 homo
2366 2769 2700 2835 compositus
2738 2784 2843 2822 non
2879 2777 2981 2822 est.
3019 2767 3256 2836 Ecquem
3298 2771 3444 2822 enim
3513 2785 3613 2822 un-

2041 2869 2205 2924 quam
2237 2869 2301 2909 eo
2328 2855 2568 2924 stuporis
2594 2871 2944 2924 progressum
2979 2858 3301 2926 cognovisti,
3333 2858 3611 2926 utaliquid

1955 2939 1998 2996 C
2036 2946 2140 3000 tale
2195 2945 2278 2999 vel
2312 2946 2551 3016 cogitare
2580 2947 2662 3002 vel
2692 2948 3050 3015 pronuntiare
3074 2963 3244 3004 ausus
3280 2951 3400 3004 sit?
3462 2950 3611 3004 lleii-

351 3071 522 3128 quum
547 3063 632 3111 est
675 3060 735 3106 ut
762 3047 1044 3108 ostendam
1091 3061 1212 3116 qua:
1259 3046 1369 3100 sint
1420 3059 1483 3100 ea
1529 3059 1651 3114 quae
1681 3051 1734 3097 et
1765 3053 1893 3099 sunt
1929 3049 1984 3096 et
2035 3042 2312 3096 dicuntur.
2342 3041 2505 3106 Deus,
2536 3042 2720 3108 homo,
2747 3045 2994 3112 angelus,
3024 3042 3321 3112 judicium,
3377 3051 3611 3108 vanilns,

351 3163 463 3219 qua
495 3142 812 3212 bujusmodi
841 3147 1161 3211 argumenta
1217 3137 1605 3201 coniiciuntur,
1647 3134 1882 3203 ﬁdeique
1910 3132 2221 3200 subversio,
2252 3143 2307 3188 et
2341 3136 2583 3205 mysterii
2627 3138 2924 3192 cvacuatio.

425 3237 712 3309 Τοσαύτης
759 3232 854 3291 οὖν
910 3235 1080 3303 οὗσης
1131 3233 1402 3302 διαφορᾶς
1457 3233 1515 3284 ὲν
1552 3233 1666 3294 τοῖς
1701 3231 1932 3298 ὀνόμασι

348 3335 452 3391 καὶ
468 3337 580 3396 τοῖς
603 3333 918 3402 πράγμασι,
976 3327 1097 3392 πῶς
1123 3325 1267 3380 οὕτω
1296 3325 1359 3378 σὺ
1394 3326 1510 3377 λίαν
1549 3322 1825 3387 δουλεύεις
1854 3322 1932 3392 τῷ

347 3430 675 3499 γράμματι,
707 3425 807 3481 καὶ
835 3423 965 3494 γίνῃ
1000 3421 1146 3492 μετὰ
1198 3421 1298 3488 τῆς
1348 3418 1652 3486 Ἰουδαϊκῆς
1714 3417 1931 3485 σοφίας,

349 3525 452 3576 καί
484 3520 780 3582 συλλαϐαῖς
806 3515 1150 3580 ἀκολουθείς,
1181 3513 1344 3582 ἀφεὶς
1374 3512 1442 3563 τὰ
1484 3511 1823 3580 πράγματας
1864 3509 1928 3563 Ei

342 3619 408 3670 δὲ
446 3614 538 3668 σοῦ
562 3614 634 3668 τὰ
662 3614 744 3676 δὶς
764 3611 927 3664 πέντε
955 3609 1231 3676 λέγοντος,
1259 3606 1293 3675 ἢ
1315 3604 1383 3655 τὰ
1401 3603 1482 3666 δ”·ς
1517 3601 1674 3664 ἑπτὰ,
1707 3601 1775 3654 τὰ
1797 3600 1930 3652 δέκα

348 3709 616 3776 συνῆγον,
646 3705 680 3772 ἢ
706 3705 970 3772 τέσσαρες
1007 3702 1102 3753 καὶ⁹
1128 3699 1260 3752 δέκα
1295 3700 1358 3749 ὲκ
1390 3696 1499 3748 τῶν
1523 3692 1862 3762 λεγομένων·
1895 3690 1928 3760 ἢ

347 3808 421 3854 ὲκ
449 3799 570 3862 τοῦ,
606 3799 744 3863 ζῶον
793 3794 1037 3865 λογικὸν,
1071 3794 1291 3863 θνητὸν,
1324 3791 1417 3842 τὸν
1447 3789 1763 3858 ἄνθρωπον,
1820 3780 1932 3854 ἆρα

343 3897 416 3948 ἄν
446 3909 532 3946 σοι
565 3892 754 3961 ληρεῖν
781 3888 1078 3958 ἐνομίσθην
1098 3900 1115 3952 ;
1163 3884 1262 3938 καὶ
1297 3883 1435 3948 πῶς,
1494 3881 1561 3934 τὰ
1593 3881 1662 3933 σὰ
1697 3880 1878 3946 λέγων
1910 3895 1924 3941 ;

347 3987 434 4039 Οὐ
470 3989 578 4054 γὰρ
606 3985 698 4036 τοῦ
729 3982 980 4051 λέγοντος
1011 3980 1221 4050 μᾶλλον
1247 3978 1298 4030 οι
1336 3976 1509 4044 λόγοι,
1545 3975 1577 4044 ἢ
1615 3972 1710 4026 τοῦ
1738 3973 1924 4040 λέγειν

347 4077 884 4144 συναναγκάζοντος.
951 4074 1160 4142 Ὠσπερ
1181 4066 1275 4124 οὖν
1327 4067 1564 4122 ἐνταῦθα
1607 4068 1708 4119 οὐκ
1755 4065 1823 4118 ἂν
1857 4063 1926 4116 τὰ

344 4171 636 4238 λεγόμενα
661 4169 865 4238 μᾶλλον
903 4166 1200 4227 ἐσκόπουν,
1231 4163 1266 4232 ἢ
1307 4161 1374 4215 τὰ
1403 4161 1699 4230 νοούμεναο
1753 4157 1929 4220 οὕτως

2106 3230 2238 3284 Cum
2319 3245 2450 3300 ergo
2537 3232 2590 3284 in
2669 3234 2980 3288 nominibus
3034 3246 3090 3292 et
3169 3239 3332 3296 rebus
3403 3249 3611 3294 tantum

2033 3320 2330 3375 discrimen
2367 3323 2692 3391 reperiatur,
2725 3326 2854 3393 quid
2907 3342 3086 3380 causa:
3139 3339 3224 3384 est
3274 3346 3370 3385 cur
3421 3333 3614 3388 litterm

2032 3422 2313 3481 tantopere
2368 3417 2601 3479 servias,
2655 3415 3002 3488 Iudaicaeque
3051 3424 3336 3492 sapientia
3376 3428 3610 3495 teipsqu

2032 3505 2318 3575 adjungas,
2373 3508 2685 3575 relictisque
2763 3511 2925 3566 rebus
2976 3513 3213 3580 syllabas
3245 3519 3614 3571 consecteris?

2030 3597 2262 3664 Quodsi
2311 3607 2364 3650 te
2401 3599 2483 3652 bis
2511 3599 2775 3668 quinque,
2837 3613 2932 3656 aut.
2989 3604 3068 3656 bis
3118 3616 3324 3673 septem
3375 3611 3609 3671 (licente.

2028 3689 2217 3744 decem
2246 3699 2340 3744 aut
2371 3693 2786 3760 quatuordecim
2818 3711 2881 3748 ex
2916 3697 3098 3750 verbis
3133 3699 3238 3752 tuis
3271 3701 3609 3771 colligerem;

2027 3795 2115 3838 aut
2149 3801 2215 3840 ex
2246 3801 2331 3849 eo,
2359 3788 2503 3857 quod
2533 3789 2734 3842 animal
2791 3792 2998 3848 ratione
3032 3797 3318 3862 praeditum
3371 3809 3426 3853 et
3466 3816 3612 3854 mor-

2029 3879 2391 3943 talediceres,
2423 3880 2697 3935 hominem
2747 3899 2871 3940 esse
2919 3888 3328 3954 concluderem,
3386 3907 3454 3945 an
3509 3895 3608 3948 tibi

2035 3974 2228 4041 nugari
2261 3974 2518 4034 viderer?
2551 3976 2612 4031 Et
2636 3991 2747 4044 quo
2797 3987 2957 4046 pacto
2989 3979 3040 4034 id
3077 3980 3192 4035 ﬁeri
3243 3997 3443 4052 posset,
3483 4001 3608 4040 cum

2037 4073 2130 4118 tua
2157 4064 2334 4118 dicam
2354 4064 2378 4118 Ἰ
2398 4065 2582 4135 Neque.
2611 4070 2758 4124 enim
2781 4071 2946 4124 verba
2990 4075 3164 4142 magis
3194 4085 3322 4128 sunt
3366 4078 3483 4147 ejus
3514 4080 3611 4148 qui

2038 4157 2301 4226 loquitur,
2345 4175 2508 4228 quam
2565 4162 2712 4217 illius
2768 4165 2861 4234 qui
2914 4166 3166 4236 loquendi
3221 4172 3608 4226 necessitatem

342 4232 567 4320 οὐδὲ-εἰ
595 4232 809 4314 amo
831 4258 942 4312 τῶν
978 4257 1054 4327 μὴ
1080 4255 1416 4326 λεγομένων,
1452 4253 1485 4322 ἢ
1521 4252 1597 4323 μὴ
1639 4251 1826 4320 σαφῶς
1862 4252 1926 4302 ὲκ

2037 4250 2210 4304 aﬂ‘ert.
2264 4251 2731 4316 Quemadmodum
2778 4232 2946 4328 igitur
2984 4232 3098 4326 llic,
3161 4277 3270 4316 non
3316 4279 3381 4318 ea
3434 4269 3610 4334 magis

339 4358 458 4426 τῆς
515 4354 737 4425 Γραφῆς
791 4351 1086 4418 νοούμενον
1137 4347 1422 4416 εὕρισκον,
1473 4347 1676 4413 ἔφυγεν
1729 4345 1796 4399 ἂν
1827 4345 1929 4412 τὴν

341 4447 693 4518 ὲκφώνησιν,
746 4443 1080 4512 φοϐούμενος
1140 4442 1202 4494 σὲ
1272 4441 1364 4492 τὸν
1424 4441 1770 4506 συκοφάντην
1829 4435 1929 4505 τὴν

342 4541 665 4611 ὀνομάτων.
1213 4545 1225 4550 ”

2036 4356 2157 4409 quae
2185 4341 2460 4408 dicuntur,
2480 4360 2645 4414 quam
2680 4363 2800 4416 qua:
2828 4347 3227 4419 intelliguntur,
3253 4352 3609 4421 respicerent;

2035 4435 2227 4488 eodem
2262 4436 2428 4490 modo
2472 4452 2594 4504 nec,
2649 4441 2693 4492 si
2729 4440 2859 4507 quid
2908 4441 3055 4496 aliud
3111 4458 3302 4498 eorum
3355 4460 3474 4513 quae
3527 4447 3612 4498 vel

2039 4525 2185 4579 nullo
2221 4526 2402 4592 modo,
2433 4529 2517 4582 vel
2545 4538 2693 4584 certe
2723 4546 2834 4585 non
2860 4531 2996 4585 satis
3021 4542 3209 4601 aperte
3240 4535 3518 4599 dicuntur,
3540 4551 3609 4588 ex

347 4634 642 4702 Scriptura
709 4643 887 4686 tamen
956 4629 1180 4697 intelligi
1255 4626 1546 4696 colligique
1598 4622 1918 4692 reperirem,
1959 4619 2096 4674 adeo
2156 4625 2208 4671 te
2252 4618 2638 4673 vocabulorum
2681 4622 3073 4690 syc0pbantam
3142 4627 3608 4691 pertimescerent,

345 4736 417 4780 ut.
442 4725 508 4777 ab
537 4723 910 4776 enuntiatione
932 4720 1044 4787 ipsa
1069 4719 1396 4788 refugerent.

805 4817 900 4866 Ἐκ
932 4813 1040 4866 τοῦ
1071 4811 1258 4864 αὑτοῦ
1282 4812 1496 4879 λόγου.

441 4910 747 4980 Ἐκήρυσσε
790 4905 1043 4976 φανερῶς
1095 4907 1128 4975 ή
1178 4903 1394 4955 Παλαιὰ
1438 4902 1528 4954 τὸν
1561 4901 1798 4970 Πατέρα,
1846 4899 1938 4951 τὸν

349 5007 491 5060 Υῑὸν
522 5002 912 5072 ἀμυδρότερον.
954 5000 1332 5067 Ἐφανέρωσεν
1364 4996 1396 5064 ἡ
1439 4995 1619 5064 Καινὴ
1661 4993 1752 5046 τὸν
1784 4993 1936 5056 Υιόν.

346 5095 605 5159 ὑπέδειξε
629 5094 722 5145 τοῦ
753 5090 1066 5158 Πνεύματος
1093 5089 1193 5158 τὴν
1217 5088 1443 5157 Θεότητα
1467 5102 1480 5115 ·
1515 5084 1931 5155 ὲμπολιτεύεται

343 5193 451 5248 νῦν
479 5189 540 5242 τὸ
564 5187 788 5254 Πνεῦμα
824 5183 1167 5251 σαφεστέραν
1193 5182 1323 5250 ἡμῖν
1349 5179 1586 5248 παρέχον
1611 5177 1709 5246 τὴν
1731 5177 1927 5231 ἑαυτοῦ

341 5284 604 5355 δήλωσιν·
634 5279 709 5334 οὐ
749 5278 858 5347 γὰρ
890 5273 957 5346 ἦν
981 5274 1240 5344 ἀσφαλὲς,
1281 5273 1446 5341 μήπω
1468 5271 1568 5340 τῆς
1593 5270 1688 5322 τοῦ
1719 5271 1930 5340 Ιιατρδς

343 5378 606 5444 Θεότητος
637 5369 1086 5440 ὁμολογηθείσης,
1126 5367 1221 5418 τὸν
1266 5366 1391 5417 Υἱὸν
1440 5362 1679 5434 ἐκδήλως
1726 5362 1931 5432 κηρύτ·

347 5468 568 5532 τεσοαι,
595 5465 730 5536 μηδὲ
746 5465 844 5532 τῆς
862 5461 1109 5515 τοῦΥιοῦ
1140 5458 1593 5530 παραδεχοείσης,
1618 5458 1678 5508 τὸ
1704 5455 1930 5525 Πνεῦμα

347 5561 417 5613 τὸ
441 5560 620 5630 ἅγιον,
653 5559 716 5612 ῑν⁹
742 5558 883 5609 εἴπω
907 5572 958 5607 τι
997 5557 1091 5607 καὶ
1119 5553 1541 5623 τολμηρότερον,
1575 5550 1927 5619 ὲπιφορτίςε-

435 5755 449 5780 ⁸
480 5749 584 5803 lsa.
623 5760 730 5809 xu,
773 5743 824 5794 Δ.
905 5746 923 5774 ¹
954 5742 1054 5796 lsa.
1094 5757 1245 5805 xuii,
1288 5743 1367 5795 lt).

2524 4799 2610 4853 Ex
2639 4799 2822 4853 eadem
2863 4804 3124 4860 oratione.

2108 4890 2278 4947 Vetus
2308 4890 2714 4946 Testamentum
2750 4891 2965 4947 Patrem
3027 4906 3234 4964 aperte,
3273 4894 3467 4952 Filium
3513 4899 3616 4955 ob-

2041 4991 2256 5046 scurius
2325 4989 2658 5059 praedicavit.
2719 4989 2928 5044 Novum
3000 5002 3180 5048 autem
3231 5010 3352 5048 cum
3415 4994 3614 5053 Filium

2043 5086 2332 5142 manifeste
2363 5086 2682 5150 ostenderit,
2716 5085 2949 5152 Spiritus
2977 5087 3312 5144 divinitatem
3369 5094 3614 5149 subindi-

2037 5177 2200 5234 cavit.
2233 5177 2302 5231 At
2327 5193 2470 5232 nunc
2521 5179 2753 5247 Spiritus
2805 5182 3086 5236 nobiscum
3143 5199 3364 5239 versans
3419 5189 3616 5240 clario-

2041 5285 2155 5324 rem
2211 5271 2295 5325 sui
2350 5271 2518 5338 ipsius
2567 5271 3086 5327 demonstrationem
3143 5277 3364 5342 przebet.
3422 5275 3615 5342 Neque

2040 5365 2181 5416 enim
2235 5373 2406 5415 tutum
2463 5373 2602 5427 erat,
2649 5380 2773 5418 cum
2834 5363 3012 5421 Patris
3060 5367 3319 5421 divinitas
3370 5368 3608 5420 nondum

2046 5466 2258 5525 recepta
2284 5465 2451 5522 esset,
2482 5454 2678 5510 Filium
2722 5469 2908 5526 aperte
2952 5460 3254 5526 praedicari,
3291 5472 3468 5526 neque
3493 5460 3613 5525 Spi-

2047 5549 2180 5601 ritus
2219 5551 2389 5601 snncti
2423 5564 2581 5613 onus,
2621 5559 2678 5602 ut
2708 5550 2968 5606 audacius
2993 5552 3154 5605 etiam
3180 5549 3381 5616 aliquid
3413 5550 3610 5614 dicam,
