  <div class='ocr_page' id='page_1' title='image "/cluster/home/n/w/nwhite01/storage/ocr_20150623/130:no.3/coo.31924054870351/429.png"; bbox 0 0 4082 6454; ppageno 0'>
   <div class='ocr_carea' id='block_1_1' title="bbox 426 301 536 362">
    <p class='ocr_par' dir='ltr' id='par_1_1' title="bbox 426 301 536 362">
     <span class='ocr_line' id='line_1_1' title="bbox 426 301 536 362; baseline 0.018 -2"><span class='ocrx_word' id='word_1_1' title='bbox 426 301 536 362; x_wconf 80' lang='lat'><strong>839</strong></span> 
     </span>
    </p>
   </div>
   <div class='ocr_carea' id='block_1_2' title="bbox 1676 285 2463 353">
    <p class='ocr_par' dir='ltr' id='par_1_2' title="bbox 1676 285 2463 353">
     <span class='ocr_line' id='line_1_2' title="bbox 1676 285 2463 353; baseline -0.004 -6"><span class='ocrx_word' id='word_1_2' title='bbox 1676 287 2059 353; x_wconf 77' lang='lat' dir='ltr'><strong>EUTHYMII</strong></span> <span class='ocrx_word' id='word_1_3' title='bbox 2099 285 2463 348; x_wconf 85' lang='lat' dir='ltr'><strong>ZlGABENI</strong></span> 
     </span>
    </p>
   </div>
   <div class='ocr_carea' id='block_1_3' title="bbox 3601 269 3708 331">
    <p class='ocr_par' dir='ltr' id='par_1_3' title="bbox 3601 269 3708 331">
     <span class='ocr_line' id='line_1_3' title="bbox 3601 269 3708 331; baseline 0.009 -1"><span class='ocrx_word' id='word_1_4' title='bbox 3601 269 3708 331; x_wconf 75' lang='lat'><strong>810</strong></span> 
     </span>
    </p>
   </div>
   <div class='ocr_carea' id='block_1_4' title="bbox 429 381 2034 476">
    <p class='ocr_par' dir='ltr' id='par_1_4' title="bbox 429 401 2024 476">
     <span class='ocr_line' id='line_1_4' title="bbox 429 401 2024 476; baseline -0.007 -14"><span class='ocrx_word' id='word_1_5' title='bbox 429 407 660 476; x_wconf 83' lang='lat' dir='ltr'><strong>imponi,</strong></span> <span class='ocrx_word' id='word_1_6' title='bbox 695 406 980 463; x_wconf 88' lang='lat' dir='ltr'><strong>divinitate</strong></span> <span class='ocrx_word' id='word_1_7' title='bbox 1014 405 1136 462; x_wconf 83' lang='lat' dir='ltr'><strong>Filii</strong></span> <span class='ocrx_word' id='word_1_8' title='bbox 1171 406 1411 460; x_wconf 83' lang='lat' dir='ltr'><strong>nondum</strong></span> <span class='ocrx_word' id='word_1_9' title='bbox 1444 401 1772 472; x_wconf 83' lang='lat' dir='ltr'><strong>approbata,</strong></span> <span class='ocrx_word' id='word_1_10' title='bbox 1807 417 1874 455; x_wconf 91' lang='lat' dir='ltr'><strong>ne</strong></span> <span class='ocrx_word' id='word_1_11' title='bbox 1906 412 2024 454; x_wconf 89' lang='lat' dir='ltr'><strong>tan-</strong></span> 
     </span>
    </p>
   </div>
   <div class='ocr_carea' id='block_1_5' title="bbox 2136 381 3710 476">
    <p class='ocr_par' dir='ltr' id='par_1_5' title="bbox 2136 381 3710 469">
     <span class='ocr_line' id='line_1_5' title="bbox 2136 381 3710 469; baseline -0.013 -16"><span class='ocrx_word' id='word_1_12' title='bbox 2136 405 2276 463; x_wconf 73' lang='grc' dir='ltr'>τθαι,</span> <span class='ocrx_word' id='word_1_13' title='bbox 2319 399 2394 469; x_wconf 84' lang='grc' dir='ltr'><strong>μή</strong></span> <span class='ocrx_word' id='word_1_14' title='bbox 2433 396 2688 464; x_wconf 83' lang='grc' dir='ltr'>καθάπερ</span> <span class='ocrx_word' id='word_1_15' title='bbox 2721 394 2894 466; x_wconf 77' lang='grc' dir='ltr'>τροφῇ</span> <span class='ocrx_word' id='word_1_16' title='bbox 2916 394 2984 464; x_wconf 84' lang='grc' dir='ltr'><strong>τῇ</strong></span> <span class='ocrx_word' id='word_1_17' title='bbox 3014 388 3158 461; x_wconf 77' lang='grc' dir='ltr'>ὑπὲρ</span> <span class='ocrx_word' id='word_1_18' title='bbox 3179 387 3416 456; x_wconf 80' lang='grc' dir='ltr'>δύναμιν</span> <span class='ocrx_word' id='word_1_19' title='bbox 3440 381 3710 452; x_wconf 74' lang='grc' dir='ltr'>βαρηοέν-</span> 
     </span>
    </p>
   </div>
   <div class='ocr_carea' id='block_1_6' title="bbox 432 495 2020 572">
    <p class='ocr_par' dir='ltr' id='par_1_6' title="bbox 432 495 2020 572">
     <span class='ocr_line' id='line_1_6' title="bbox 432 495 2020 572; baseline -0.005 -18"><span class='ocrx_word' id='word_1_20' title='bbox 432 517 596 570; x_wconf 85' lang='lat' dir='ltr'><strong>qnam</strong></span> <span class='ocrx_word' id='word_1_21' title='bbox 623 501 748 557; x_wconf 91' lang='lat' dir='ltr'><strong>cibo</strong></span> <span class='ocrx_word' id='word_1_22' title='bbox 785 503 1026 572; x_wconf 77' lang='lat' dir='ltr'><strong>gravius,</strong></span> <span class='ocrx_word' id='word_1_23' title='bbox 1073 517 1234 570; x_wconf 86' lang='lat' dir='ltr'><strong>quam</strong></span> <span class='ocrx_word' id='word_1_24' title='bbox 1297 499 1440 553; x_wconf 91' lang='lat' dir='ltr'><strong>ferre</strong></span> <span class='ocrx_word' id='word_1_25' title='bbox 1497 503 1718 566; x_wconf 90' lang='lat' dir='ltr'><strong>possent</strong></span> <span class='ocrx_word' id='word_1_26' title='bbox 1783 495 2020 556; x_wconf 77' lang='lat' dir='ltr'><strong>onerati,</strong></span> 
     </span>
    </p>
   </div>
   <div class='ocr_carea' id='block_1_7' title="bbox 434 588 2022 647">
    <p class='ocr_par' dir='ltr' id='par_1_7' title="bbox 434 588 2022 647">
     <span class='ocr_line' id='line_1_7' title="bbox 434 588 2022 647; baseline -0.003 -3"><span class='ocrx_word' id='word_1_27' title='bbox 434 604 529 645; x_wconf 86' lang='lat' dir='ltr'><strong>aut</strong></span> <span class='ocrx_word' id='word_1_28' title='bbox 567 593 892 647; x_wconf 84' lang='lat' dir='ltr'><strong>imbecillam</strong></span> <span class='ocrx_word' id='word_1_29' title='bbox 938 592 1222 646; x_wconf 89' lang='lat' dir='ltr'><strong>octtlorum</strong></span> <span class='ocrx_word' id='word_1_30' title='bbox 1257 591 1430 646; x_wconf 81' lang='lat' dir='ltr'><strong>aciem</strong></span> <span class='ocrx_word' id='word_1_31' title='bbox 1483 590 1613 644; x_wconf 88' lang='lat' dir='ltr'><strong>solis</strong></span> <span class='ocrx_word' id='word_1_32' title='bbox 1669 588 2022 642; x_wconf 86' lang='lat' dir='ltr'><strong>admoventes</strong></span> 
     </span>
    </p>
   </div>
   <div class='ocr_carea' id='block_1_8' title="bbox 434 662 2019 752">
    <p class='ocr_par' dir='ltr' id='par_1_8' title="bbox 434 662 2019 752">
     <span class='ocr_line' id='line_1_8' title="bbox 434 662 2019 752; baseline -0.004 -15"><span class='ocrx_word' id='word_1_33' title='bbox 434 684 890 748; x_wconf 84' lang='lat' dir='ltr'><strong>splendori,illud</strong></span> <span class='ocrx_word' id='word_1_34' title='bbox 923 662 1131 750; x_wconf 23' lang='lat' dir='ltr'><strong>ﬁetiam,</strong></span> <span class='ocrx_word' id='word_1_35' title='bbox 1183 683 1326 752; x_wconf 87' lang='lat' dir='ltr'><strong>qttod</strong></span> <span class='ocrx_word' id='word_1_36' title='bbox 1377 682 1639 736; x_wconf 86' lang='lat' dir='ltr'><strong>baberent</strong></span> <span class='ocrx_word' id='word_1_37' title='bbox 1690 681 1926 743; x_wconf 86' lang='lat' dir='ltr'><strong>virtutis,</strong></span> <span class='ocrx_word' id='word_1_38' title='bbox 1969 681 2019 731; x_wconf 92' lang='lat' dir='ltr'><strong>in</strong></span> 
     </span>
    </p>
   </div>
   <div class='ocr_carea' id='block_1_9' title="bbox 435 772 2022 845">
    <p class='ocr_par' dir='ltr' id='par_1_9' title="bbox 435 772 2022 845">
     <span class='ocr_line' id='line_1_9' title="bbox 435 772 2022 845; baseline 0.001 -20"><span class='ocrx_word' id='word_1_39' title='bbox 435 777 731 841; x_wconf 87' lang='lat' dir='ltr'><strong>periculum</strong></span> <span class='ocrx_word' id='word_1_40' title='bbox 765 777 1113 843; x_wconf 79' lang='lat' dir='ltr'><strong>adducerent,</strong></span> <span class='ocrx_word' id='word_1_41' title='bbox 1159 778 1255 830; x_wconf 89' lang='lat' dir='ltr'><strong>sed</strong></span> <span class='ocrx_word' id='word_1_42' title='bbox 1297 774 1555 845; x_wconf 78' lang='lat' dir='ltr'><strong>paulatim</strong></span> <span class='ocrx_word' id='word_1_43' title='bbox 1608 789 1704 840; x_wconf 88' lang='lat' dir='ltr'><strong>per</strong></span> <span class='ocrx_word' id='word_1_44' title='bbox 1751 772 2022 827; x_wconf 74' lang='lat' dir='ltr'><strong>acressio—</strong></span> 
     </span>
    </p>
   </div>
   <div class='ocr_carea' id='block_1_10' title="bbox 436 866 2022 937">
    <p class='ocr_par' dir='ltr' id='par_1_10' title="bbox 436 866 2022 937">
     <span class='ocr_line' id='line_1_10' title="bbox 436 866 2022 937; baseline -0.001 -18"><span class='ocrx_word' id='word_1_45' title='bbox 436 885 553 930; x_wconf 78' lang='lat' dir='ltr'><strong>nes,</strong></span> <span class='ocrx_word' id='word_1_46' title='bbox 603 878 658 922; x_wconf 88' lang='lat' dir='ltr'><strong>et</strong></span> <span class='ocrx_word' id='word_1_47' title='bbox 683 876 904 936; x_wconf 82' lang='lat' dir='ltr'><strong>gradus,</strong></span> <span class='ocrx_word' id='word_1_48' title='bbox 941 879 1000 922; x_wconf 92' lang='lat' dir='ltr'><strong>ut</strong></span> <span class='ocrx_word' id='word_1_49' title='bbox 1043 870 1119 922; x_wconf 90' lang='lat' dir='ltr'><strong>ait</strong></span> <span class='ocrx_word' id='word_1_50' title='bbox 1154 870 1347 934; x_wconf 81' lang='lat' dir='ltr'><strong>David,</strong></span> <span class='ocrx_word' id='word_1_51' title='bbox 1388 878 1444 924; x_wconf 90' lang='lat' dir='ltr'><strong>et</strong></span> <span class='ocrx_word' id='word_1_52' title='bbox 1497 884 1560 922; x_wconf 82' lang='lat' dir='ltr'><strong>ex</strong></span> <span class='ocrx_word' id='word_1_53' title='bbox 1604 867 1771 937; x_wconf 81' lang='lat' dir='ltr'><strong>gloria</strong></span> <span class='ocrx_word' id='word_1_54' title='bbox 1805 867 1856 918; x_wconf 92' lang='lat' dir='ltr'><strong>iu</strong></span> <span class='ocrx_word' id='word_1_55' title='bbox 1907 866 2022 935; x_wconf 83' lang='lat' dir='ltr'><strong>glo-</strong></span> 
     </span>
    </p>
   </div>
   <div class='ocr_carea' id='block_1_11' title="bbox 437 957 2023 1032">
    <p class='ocr_par' dir='ltr' id='par_1_11' title="bbox 437 957 2023 1032">
     <span class='ocr_line' id='line_1_11' title="bbox 437 957 2023 1032; baseline 0 -22"><span class='ocrx_word' id='word_1_56' title='bbox 437 962 570 1012; x_wconf 86' lang='lat' dir='ltr'><strong>riam</strong></span> <span class='ocrx_word' id='word_1_57' title='bbox 599 961 1006 1028; x_wconf 80' lang='lat' dir='ltr'><strong>progredientes</strong></span> <span class='ocrx_word' id='word_1_58' title='bbox 1041 971 1096 1015; x_wconf 91' lang='lat' dir='ltr'><strong>et</strong></span> <span class='ocrx_word' id='word_1_59' title='bbox 1131 963 1499 1032; x_wconf 80' lang='lat' dir='ltr'><strong>proficientes,</strong></span> <span class='ocrx_word' id='word_1_60' title='bbox 1532 959 1868 1029; x_wconf 80' lang='lat' dir='ltr'><strong>splendidam</strong></span> <span class='ocrx_word' id='word_1_61' title='bbox 1896 957 2023 1010; x_wconf 85' lang='lat' dir='ltr'><strong>Tri-</strong></span> 
     </span>
    </p>
   </div>
   <div class='ocr_carea' id='block_1_12' title="bbox 435 1053 2023 1110">
    <p class='ocr_par' dir='ltr' id='par_1_12' title="bbox 435 1053 2023 1110">
     <span class='ocr_line' id='line_1_12' title="bbox 435 1053 2023 1110; baseline -0.001 -6"><span class='ocrx_word' id='word_1_62' title='bbox 435 1054 622 1106; x_wconf 79' lang='lat' dir='ltr'><strong>nitatis</strong></span> <span class='ocrx_word' id='word_1_63' title='bbox 683 1054 854 1108; x_wconf 80' lang='lat' dir='ltr'><strong>lucem</strong></span> <span class='ocrx_word' id='word_1_64' title='bbox 881 1056 1238 1110; x_wconf 64' lang='lat' dir='ltr'><strong>illustriores</strong></span> <span class='ocrx_word' id='word_1_65' title='bbox 1302 1055 1674 1110; x_wconf 81' lang='lat' dir='ltr'><strong>admitterent.</strong></span> <span class='ocrx_word' id='word_1_66' title='bbox 1757 1053 1906 1107; x_wconf 89' lang='lat' dir='ltr'><strong>llanc</strong></span> <span class='ocrx_word' id='word_1_67' title='bbox 1954 1053 2023 1104; x_wconf 85' lang='lat' dir='ltr'><strong>ob</strong></span> 
     </span>
    </p>
   </div>
   <div class='ocr_carea' id='block_1_13' title="bbox 434 1146 2025 1216">
    <p class='ocr_par' dir='ltr' id='par_1_13' title="bbox 434 1146 2025 1216">
     <span class='ocr_line' id='line_1_13' title="bbox 434 1146 2025 1216; baseline 0.001 -20"><span class='ocrx_word' id='word_1_68' title='bbox 434 1158 676 1209; x_wconf 79' lang='lat' dir='ltr'><strong>causam,</strong></span> <span class='ocrx_word' id='word_1_69' title='bbox 708 1153 765 1197; x_wconf 88' lang='lat' dir='ltr'><strong>ut</strong></span> <span class='ocrx_word' id='word_1_70' title='bbox 794 1146 1058 1210; x_wconf 84' lang='lat' dir='ltr'><strong>arbitror,</strong></span> <span class='ocrx_word' id='word_1_71' title='bbox 1112 1157 1166 1201; x_wconf 91' lang='lat' dir='ltr'><strong>et</strong></span> <span class='ocrx_word' id='word_1_72' title='bbox 1209 1147 1277 1200; x_wconf 89' lang='lat' dir='ltr'><strong>ad</strong></span> <span class='ocrx_word' id='word_1_73' title='bbox 1342 1146 1635 1216; x_wconf 87' lang='lat' dir='ltr'><strong>discipulos</strong></span> <span class='ocrx_word' id='word_1_74' title='bbox 1692 1160 1788 1214; x_wconf 89' lang='lat' dir='ltr'><strong>per</strong></span> <span class='ocrx_word' id='word_1_75' title='bbox 1842 1154 2025 1213; x_wconf 90' lang='lat' dir='ltr'><strong>partes</strong></span> 
     </span>
    </p>
   </div>
   <div class='ocr_carea' id='block_1_14' title="bbox 432 1233 2018 1307">
    <p class='ocr_par' dir='ltr' id='par_1_14' title="bbox 432 1233 2018 1307">
     <span class='ocr_line' id='line_1_14' title="bbox 432 1233 2018 1307; baseline 0.003 -23"><span class='ocrx_word' id='word_1_76' title='bbox 432 1233 668 1294; x_wconf 88' lang='lat' dir='ltr'><strong>accedit,</strong></span> <span class='ocrx_word' id='word_1_77' title='bbox 693 1251 812 1290; x_wconf 87' lang='lat' dir='ltr'><strong>sese</strong></span> <span class='ocrx_word' id='word_1_78' title='bbox 847 1251 946 1304; x_wconf 91' lang='lat' dir='ltr'><strong>pro</strong></span> <span class='ocrx_word' id='word_1_79' title='bbox 978 1237 1392 1307; x_wconf 87' lang='lat' dir='ltr'><strong>suscipientium</strong></span> <span class='ocrx_word' id='word_1_80' title='bbox 1422 1237 1682 1292; x_wconf 81' lang='lat' dir='ltr'><strong>facultate</strong></span> <span class='ocrx_word' id='word_1_81' title='bbox 1704 1235 2018 1296; x_wconf 86' lang='lat' dir='ltr'><strong>dimetiens,</strong></span> 
     </span>
    </p>
   </div>
   <div class='ocr_carea' id='block_1_15' title="bbox 433 1326 2028 1396">
    <p class='ocr_par' dir='ltr' id='par_1_15' title="bbox 433 1326 2028 1396">
     <span class='ocr_line' id='line_1_15' title="bbox 433 1326 2028 1396; baseline -0.001 -17"><span class='ocrx_word' id='word_1_82' title='bbox 433 1326 487 1379; x_wconf 90' lang='lat' dir='ltr'><strong>iu</strong></span> <span class='ocrx_word' id='word_1_83' title='bbox 515 1326 790 1396; x_wconf 75' lang='lat' dir='ltr'><strong>Evangelii</strong></span> <span class='ocrx_word' id='word_1_84' title='bbox 822 1327 1110 1396; x_wconf 90' lang='lat' dir='ltr'><strong>principio,</strong></span> <span class='ocrx_word' id='word_1_85' title='bbox 1145 1339 1266 1396; x_wconf 88' lang='lat' dir='ltr'><strong>post</strong></span> <span class='ocrx_word' id='word_1_86' title='bbox 1299 1336 1555 1392; x_wconf 89' lang='lat' dir='ltr'><strong>mortem,</strong></span> <span class='ocrx_word' id='word_1_87' title='bbox 1598 1336 1723 1396; x_wconf 90' lang='lat' dir='ltr'><strong>post</strong></span> <span class='ocrx_word' id='word_1_88' title='bbox 1752 1327 2028 1381; x_wconf 90' lang='lat' dir='ltr'><strong>ascensio-</strong></span> 
     </span>
    </p>
   </div>
   <div class='ocr_carea' id='block_1_16' title="bbox 433 1418 2024 1490">
    <p class='ocr_par' dir='ltr' id='par_1_16' title="bbox 433 1418 2024 1490">
     <span class='ocr_line' id='line_1_16' title="bbox 433 1418 2024 1490; baseline 0.001 -20"><span class='ocrx_word' id='word_1_89' title='bbox 433 1433 584 1480; x_wconf 87' lang='lat' dir='ltr'><strong>nem,</strong></span> <span class='ocrx_word' id='word_1_90' title='bbox 604 1419 729 1472; x_wconf 88' lang='lat' dir='ltr'><strong>dtnn</strong></span> <span class='ocrx_word' id='word_1_91' title='bbox 755 1421 986 1474; x_wconf 79' lang='lat' dir='ltr'><strong>virtutes</strong></span> <span class='ocrx_word' id='word_1_92' title='bbox 1007 1431 1281 1490; x_wconf 84' lang='lat' dir='ltr'><strong>operatur,</strong></span> <span class='ocrx_word' id='word_1_93' title='bbox 1304 1422 1429 1475; x_wconf 89' lang='lat' dir='ltr'><strong>dum</strong></span> <span class='ocrx_word' id='word_1_94' title='bbox 1459 1420 1788 1482; x_wconf 81' lang='lat' dir='ltr'><strong>insumatur,</strong></span> <span class='ocrx_word' id='word_1_95' title='bbox 1815 1420 1942 1472; x_wconf 91' lang='lat' dir='ltr'><strong>dum</strong></span> <span class='ocrx_word' id='word_1_96' title='bbox 1970 1418 2024 1471; x_wconf 93' lang='lat' dir='ltr'><strong>in</strong></span> 
     </span>
    </p>
   </div>
   <div class='ocr_carea' id='block_1_17' title="bbox 433 1509 2028 1582">
    <p class='ocr_par' dir='ltr' id='par_1_17' title="bbox 433 1509 2028 1582">
     <span class='ocr_line' id='line_1_17' title="bbox 433 1509 2028 1582; baseline 0.001 -20"><span class='ocrx_word' id='word_1_97' title='bbox 433 1509 636 1579; x_wconf 86' lang='lat' dir='ltr'><strong>linguis</strong></span> <span class='ocrx_word' id='word_1_98' title='bbox 697 1513 870 1582; x_wconf 64' lang='lat' dir='ltr'><strong>igneis</strong></span> <span class='ocrx_word' id='word_1_99' title='bbox 925 1523 1173 1582; x_wconf 83' lang='lat' dir='ltr'><strong>apparet,</strong></span> <span class='ocrx_word' id='word_1_100' title='bbox 1205 1525 1259 1568; x_wconf 91' lang='lat' dir='ltr'><strong>et</strong></span> <span class='ocrx_word' id='word_1_101' title='bbox 1308 1529 1336 1566; x_wconf 71' lang='grc' dir='ltr'><strong>ε</strong></span> <span class='ocrx_word' id='word_1_102' title='bbox 1368 1513 1499 1568; x_wconf 86' lang='lat' dir='ltr'><strong>Jesu</strong></span> <span class='ocrx_word' id='word_1_103' title='bbox 1550 1512 1807 1582; x_wconf 86' lang='lat' dir='ltr'><strong>paulatim</strong></span> <span class='ocrx_word' id='word_1_104' title='bbox 1845 1510 2028 1565; x_wconf 88' lang='lat' dir='ltr'><strong>decla-</strong></span> 
     </span>
    </p>
   </div>
   <div class='ocr_carea' id='block_1_18' title="bbox 438 1604 2029 1676">
    <p class='ocr_par' dir='ltr' id='par_1_18' title="bbox 438 1604 2029 1676">
     <span class='ocr_line' id='line_1_18' title="bbox 438 1604 2029 1676; baseline 0.002 -23"><span class='ocrx_word' id='word_1_105' title='bbox 438 1613 612 1666; x_wconf 85' lang='lat' dir='ltr'><strong>ratur,</strong></span> <span class='ocrx_word' id='word_1_106' title='bbox 648 1612 706 1656; x_wconf 91' lang='lat' dir='ltr'><strong>nt</strong></span> <span class='ocrx_word' id='word_1_107' title='bbox 733 1604 847 1672; x_wconf 91' lang='lat' dir='ltr'><strong>ipse</strong></span> <span class='ocrx_word' id='word_1_108' title='bbox 882 1621 1117 1674; x_wconf 81' lang='lat' dir='ltr'><strong>quoque,</strong></span> <span class='ocrx_word' id='word_1_109' title='bbox 1157 1608 1202 1661; x_wconf 92' lang='lat' dir='ltr'><strong>si</strong></span> <span class='ocrx_word' id='word_1_110' title='bbox 1250 1607 1559 1676; x_wconf 80' lang='lat' dir='ltr'><strong>diligentius</strong></span> <span class='ocrx_word' id='word_1_111' title='bbox 1589 1606 1909 1668; x_wconf 88' lang='lat' dir='ltr'><strong>attenderis,</strong></span> <span class='ocrx_word' id='word_1_112' title='bbox 1947 1607 2029 1658; x_wconf 90' lang='lat' dir='ltr'><strong>in-</strong></span> 
     </span>
    </p>
   </div>
   <div class='ocr_carea' id='block_1_19' title="bbox 439 1697 2029 1770">
    <p class='ocr_par' dir='ltr' id='par_1_19' title="bbox 439 1697 2029 1770">
     <span class='ocr_line' id='line_1_19' title="bbox 439 1697 2029 1770; baseline 0.002 -22"><span class='ocrx_word' id='word_1_113' title='bbox 439 1697 647 1767; x_wconf 78' lang='lat' dir='ltr'><strong>telliges</strong></span> <span class='ocrx_word' id='word_1_114' title='bbox 683 1716 696 1752; x_wconf 87' lang='lat'><strong>:</strong></span> <span class='ocrx_word' id='word_1_115' title='bbox 751 1699 987 1770; x_wconf 85' lang='lat' dir='ltr'><strong>Rogabo,</strong></span> <span class='ocrx_word' id='word_1_116' title='bbox 1031 1704 1227 1770; x_wconf 82' lang='lat' dir='ltr'><strong>inquit,</strong></span> <span class='ocrx_word' id='word_1_117' title='bbox 1272 1702 1506 1766; x_wconf 83' lang='lat' dir='ltr'><strong>Patrem,</strong></span> <span class='ocrx_word' id='word_1_118' title='bbox 1536 1710 1588 1755; x_wconf 80' lang='lat' dir='ltr'><strong>et</strong></span> <span class='ocrx_word' id='word_1_119' title='bbox 1635 1699 1804 1754; x_wconf 82' lang='lat' dir='ltr'><strong>alium</strong></span> <span class='ocrx_word' id='word_1_120' title='bbox 1857 1699 2029 1754; x_wconf 84' lang='lat' dir='ltr'><strong>Para-</strong></span> 
     </span>
    </p>
   </div>
   <div class='ocr_carea' id='block_1_20' title="bbox 435 1791 2028 1862">
    <p class='ocr_par' dir='ltr' id='par_1_20' title="bbox 435 1791 2028 1862">
     <span class='ocr_line' id='line_1_20' title="bbox 435 1791 2028 1862; baseline 0.001 -21"><span class='ocrx_word' id='word_1_121' title='bbox 435 1791 629 1844; x_wconf 80' lang='lat' dir='ltr'><strong>cletum</strong></span> <span class='ocrx_word' id='word_1_122' title='bbox 659 1794 832 1846; x_wconf 77' lang='lat' dir='ltr'><strong>mittet</strong></span> <span class='ocrx_word' id='word_1_123' title='bbox 856 1795 1015 1860; x_wconf 78' lang='lat' dir='ltr'><strong>vobis,</strong></span> <span class='ocrx_word' id='word_1_124' title='bbox 1046 1793 1305 1862; x_wconf 77' lang='lat' dir='ltr'><strong>Spiritum</strong></span> <span class='ocrx_word' id='word_1_125' title='bbox 1341 1795 1575 1848; x_wconf 82' lang='lat' dir='ltr'><strong>veritatis</strong></span> <span class='ocrx_word' id='word_1_126' title='bbox 1634 1797 1678 1856; x_wconf 81' lang='grc'>²,</span> <span class='ocrx_word' id='word_1_127' title='bbox 1715 1808 1781 1846; x_wconf 84' lang='lat' dir='ltr'><strong>ne</strong></span> <span class='ocrx_word' id='word_1_128' title='bbox 1826 1792 2028 1859; x_wconf 84' lang='lat' dir='ltr'><strong>aliquis</strong></span> 
     </span>
    </p>
   </div>
   <div class='ocr_carea' id='block_1_21' title="bbox 441 1881 2029 1956">
    <p class='ocr_par' dir='ltr' id='par_1_21' title="bbox 441 1881 2029 1956">
     <span class='ocr_line' id='line_1_21' title="bbox 441 1881 2029 1956; baseline 0.002 -22"><span class='ocrx_word' id='word_1_129' title='bbox 441 1881 534 1935; x_wconf 88' lang='lat' dir='ltr'><strong>Dei</strong></span> <span class='ocrx_word' id='word_1_130' title='bbox 565 1887 916 1941; x_wconf 87' lang='lat' dir='ltr'><strong>adversarius</strong></span> <span class='ocrx_word' id='word_1_131' title='bbox 953 1897 1122 1949; x_wconf 81' lang='lat' dir='ltr'><strong>esset,</strong></span> <span class='ocrx_word' id='word_1_132' title='bbox 1155 1899 1249 1941; x_wconf 84' lang='lat' dir='ltr'><strong>aut</strong></span> <span class='ocrx_word' id='word_1_133' title='bbox 1294 1887 1361 1939; x_wconf 89' lang='lat' dir='ltr'><strong>ab</strong></span> <span class='ocrx_word' id='word_1_134' title='bbox 1392 1888 1575 1956; x_wconf 90' lang='lat' dir='ltr'><strong>aliqua</strong></span> <span class='ocrx_word' id='word_1_135' title='bbox 1608 1887 1712 1938; x_wconf 88' lang='lat' dir='ltr'><strong>alia</strong></span> <span class='ocrx_word' id='word_1_136' title='bbox 1759 1893 2029 1952; x_wconf 86' lang='lat' dir='ltr'><strong>potestate</strong></span> 
     </span>
    </p>
   </div>
   <div class='ocr_carea' id='block_1_22' title="bbox 439 1975 2028 2046">
    <p class='ocr_par' dir='ltr' id='par_1_22' title="bbox 439 1975 2028 2046">
     <span class='ocr_line' id='line_1_22' title="bbox 439 1975 2028 2046; baseline 0.004 -24"><span class='ocrx_word' id='word_1_137' title='bbox 439 1975 600 2027; x_wconf 83' lang='lat' dir='ltr'><strong>verba</strong></span> <span class='ocrx_word' id='word_1_138' title='bbox 643 1975 820 2030; x_wconf 86' lang='lat' dir='ltr'><strong>facere</strong></span> <span class='ocrx_word' id='word_1_139' title='bbox 853 1977 1150 2032; x_wconf 88' lang='lat' dir='ltr'><strong>videretur.</strong></span> <span class='ocrx_word' id='word_1_140' title='bbox 1193 1977 1415 2042; x_wconf 85' lang='lat' dir='ltr'><strong>Deinde,</strong></span> <span class='ocrx_word' id='word_1_141' title='bbox 1451 1978 1624 2033; x_wconf 81' lang='lat' dir='ltr'><strong>Mittet</strong></span> <span class='ocrx_word' id='word_1_142' title='bbox 1661 1977 1905 2046; x_wconf 84' lang='lat' dir='ltr'><strong>quidem,</strong></span> <span class='ocrx_word' id='word_1_143' title='bbox 1933 1976 2028 2029; x_wconf 90' lang='lat' dir='ltr'><strong>sed</strong></span> 
     </span>
    </p>
   </div>
   <div class='ocr_carea' id='block_1_23' title="bbox 438 2067 2029 2139">
    <p class='ocr_par' dir='ltr' id='par_1_23' title="bbox 438 2067 2029 2139">
     <span class='ocr_line' id='line_1_23' title="bbox 438 2067 2029 2139; baseline 0.003 -22"><span class='ocrx_word' id='word_1_144' title='bbox 438 2067 493 2116; x_wconf 85' lang='lat' dir='ltr'><strong>in</strong></span> <span class='ocrx_word' id='word_1_145' title='bbox 562 2068 782 2121; x_wconf 83' lang='lat' dir='ltr'><strong>nomine</strong></span> <span class='ocrx_word' id='word_1_146' title='bbox 861 2084 1000 2122; x_wconf 88' lang='lat' dir='ltr'><strong>meo.</strong></span> <span class='ocrx_word' id='word_1_147' title='bbox 1060 2069 1275 2139; x_wconf 85' lang='lat' dir='ltr'><strong>Rogabo</strong></span> <span class='ocrx_word' id='word_1_148' title='bbox 1333 2073 1626 2136; x_wconf 89' lang='lat' dir='ltr'><strong>omitlcns,</strong></span> <span class='ocrx_word' id='word_1_149' title='bbox 1682 2070 1808 2122; x_wconf 91' lang='lat' dir='ltr'><strong>illud</strong></span> <span class='ocrx_word' id='word_1_150' title='bbox 1859 2071 2029 2122; x_wconf 77' lang='lat' dir='ltr'><strong>mittet</strong></span> 
     </span>
    </p>
   </div>
   <div class='ocr_carea' id='block_1_24' title="bbox 437 2160 2027 2232">
    <p class='ocr_par' dir='ltr' id='par_1_24' title="bbox 437 2160 2027 2232">
     <span class='ocr_line' id='line_1_24' title="bbox 437 2160 2027 2232; baseline 0.003 -22"><span class='ocrx_word' id='word_1_151' title='bbox 437 2162 698 2213; x_wconf 82' lang='lat' dir='ltr'><strong>servavit.</strong></span> <span class='ocrx_word' id='word_1_152' title='bbox 733 2160 896 2227; x_wconf 89' lang='lat' dir='ltr'><strong>Tum,</strong></span> <span class='ocrx_word' id='word_1_153' title='bbox 922 2163 1155 2226; x_wconf 79' lang='lat' dir='ltr'><strong>mittam,</strong></span> <span class='ocrx_word' id='word_1_154' title='bbox 1184 2164 1379 2232; x_wconf 89' lang='lat' dir='ltr'><strong>inquit,</strong></span> <span class='ocrx_word' id='word_1_155' title='bbox 1429 2173 1485 2217; x_wconf 93' lang='lat' dir='ltr'><strong>ut</strong></span> <span class='ocrx_word' id='word_1_156' title='bbox 1511 2164 1830 2229; x_wconf 78' lang='lat' dir='ltr'><strong>dignitatem</strong></span> <span class='ocrx_word' id='word_1_157' title='bbox 1871 2177 2027 2214; x_wconf 90' lang='lat' dir='ltr'><strong>suam</strong></span> 
     </span>
    </p>
   </div>
   <div class='ocr_carea' id='block_1_25' title="bbox 437 2253 2032 2324">
    <p class='ocr_par' dir='ltr' id='par_1_25' title="bbox 437 2253 2032 2324">
     <span class='ocr_line' id='line_1_25' title="bbox 437 2253 2032 2324; baseline 0.002 -22"><span class='ocrx_word' id='word_1_158' title='bbox 437 2255 779 2307; x_wconf 77' lang='lat' dir='ltr'><strong>ostenderet.</strong></span> <span class='ocrx_word' id='word_1_159' title='bbox 825 2253 944 2307; x_wconf 80' lang='lat' dir='ltr'><strong>Mox</strong></span> <span class='ocrx_word' id='word_1_160' title='bbox 981 2255 1078 2316; x_wconf 88' lang='lat' dir='ltr'><strong>ait,</strong></span> <span class='ocrx_word' id='word_1_161' title='bbox 1116 2257 1303 2319; x_wconf 76' lang='lat' dir='ltr'><strong>veniet,</strong></span> <span class='ocrx_word' id='word_1_162' title='bbox 1339 2270 1448 2324; x_wconf 90' lang='lat' dir='ltr'><strong>quo</strong></span> <span class='ocrx_word' id='word_1_163' title='bbox 1475 2257 1693 2324; x_wconf 86' lang='lat' dir='ltr'><strong>quidem</strong></span> <span class='ocrx_word' id='word_1_164' title='bbox 1753 2255 1920 2309; x_wconf 83' lang='lat' dir='ltr'><strong>verbo</strong></span> <span class='ocrx_word' id='word_1_165' title='bbox 1953 2255 2032 2322; x_wconf 88' lang='lat' dir='ltr'><strong>ip-</strong></span> 
     </span>
    </p>
   </div>
   <div class='ocr_carea' id='block_1_26' title="bbox 439 2345 2030 2415">
    <p class='ocr_par' dir='ltr' id='par_1_26' title="bbox 439 2345 2030 2415">
     <span class='ocr_line' id='line_1_26' title="bbox 439 2345 2030 2415; baseline 0.001 -18"><span class='ocrx_word' id='word_1_166' title='bbox 439 2345 556 2398; x_wconf 85' lang='lat' dir='ltr'><strong>sius</strong></span> <span class='ocrx_word' id='word_1_167' title='bbox 592 2345 832 2412; x_wconf 81' lang='lat' dir='ltr'><strong>Spiritus</strong></span> <span class='ocrx_word' id='word_1_168' title='bbox 863 2357 1108 2415; x_wconf 79' lang='lat' dir='ltr'><strong>potestas</strong></span> <span class='ocrx_word' id='word_1_169' title='bbox 1155 2348 1449 2402; x_wconf 89' lang='lat' dir='ltr'><strong>indicatur.</strong></span> <span class='ocrx_word' id='word_1_170' title='bbox 1512 2349 1706 2402; x_wconf 72' lang='lat' dir='ltr'><strong>Cernis</strong></span> <span class='ocrx_word' id='word_1_171' title='bbox 1761 2348 2030 2415; x_wconf 80' lang='lat' dir='ltr'><strong>gradatim</strong></span> 
     </span>
    </p>
   </div>
   <div class='ocr_carea' id='block_1_27' title="bbox 439 2439 2035 2509">
    <p class='ocr_par' dir='ltr' id='par_1_27' title="bbox 439 2439 2035 2509">
     <span class='ocr_line' id='line_1_27' title="bbox 439 2439 2035 2509; baseline 0 -19"><span class='ocrx_word' id='word_1_172' title='bbox 439 2439 598 2493; x_wconf 89' lang='lat' dir='ltr'><strong>nobis</strong></span> <span class='ocrx_word' id='word_1_173' title='bbox 633 2439 916 2494; x_wconf 88' lang='lat' dir='ltr'><strong>illucentes</strong></span> <span class='ocrx_word' id='word_1_174' title='bbox 944 2440 1260 2509; x_wconf 84' lang='lat' dir='ltr'><strong>splendores</strong></span> <span class='ocrx_word' id='word_1_175' title='bbox 1289 2442 1312 2495; x_wconf 67' lang='grc' dir='ltr'>τ</span> <span class='ocrx_word' id='word_1_176' title='bbox 1340 2452 1395 2495; x_wconf 91' lang='lat' dir='ltr'><strong>et</strong></span> <span class='ocrx_word' id='word_1_177' title='bbox 1425 2441 1672 2495; x_wconf 86' lang='lat' dir='ltr'><strong>ordinem</strong></span> <span class='ocrx_word' id='word_1_178' title='bbox 1707 2439 2035 2508; x_wconf 73' lang='lat' dir='ltr'><strong>tlieologize?</strong></span> 
     </span>
    </p>
   </div>
   <div class='ocr_carea' id='block_1_28' title="bbox 438 2532 2033 2602">
    <p class='ocr_par' dir='ltr' id='par_1_28' title="bbox 438 2532 2033 2602">
     <span class='ocr_line' id='line_1_28' title="bbox 438 2532 2033 2602; baseline 0.002 -21"><span class='ocrx_word' id='word_1_179' title='bbox 438 2546 599 2600; x_wconf 87' lang='lat' dir='ltr'><strong>quem</strong></span> <span class='ocrx_word' id='word_1_180' title='bbox 633 2547 730 2586; x_wconf 90' lang='lat' dir='ltr'><strong>nos</strong></span> <span class='ocrx_word' id='word_1_181' title='bbox 779 2533 907 2586; x_wconf 86' lang='lat' dir='ltr'><strong>item</strong></span> <span class='ocrx_word' id='word_1_182' title='bbox 937 2535 1158 2602; x_wconf 79' lang='lat' dir='ltr'><strong>expedit</strong></span> <span class='ocrx_word' id='word_1_183' title='bbox 1205 2534 1523 2598; x_wconf 85' lang='lat' dir='ltr'><strong>observare,</strong></span> <span class='ocrx_word' id='word_1_184' title='bbox 1552 2544 1610 2587; x_wconf 93' lang='lat' dir='ltr'><strong>ut</strong></span> <span class='ocrx_word' id='word_1_185' title='bbox 1642 2547 1817 2601; x_wconf 90' lang='lat' dir='ltr'><strong>neque</strong></span> <span class='ocrx_word' id='word_1_186' title='bbox 1847 2532 2033 2586; x_wconf 89' lang='lat' dir='ltr'><strong>statim</strong></span> 
     </span>
    </p>
   </div>
   <div class='ocr_carea' id='block_1_29' title="bbox 435 2625 2033 2696">
    <p class='ocr_par' dir='ltr' id='par_1_29' title="bbox 435 2625 2033 2696">
     <span class='ocr_line' id='line_1_29' title="bbox 435 2625 2033 2696; baseline -0.001 -16"><span class='ocrx_word' id='word_1_187' title='bbox 435 2635 687 2680; x_wconf 82' lang='lat' dir='ltr'><strong>cunctam</strong></span> <span class='ocrx_word' id='word_1_188' title='bbox 744 2625 1158 2696; x_wconf 80' lang='lat' dir='ltr'><strong>patefaciamus,</strong></span> <span class='ocrx_word' id='word_1_189' title='bbox 1203 2641 1381 2695; x_wconf 86' lang='lat' dir='ltr'><strong>neque</strong></span> <span class='ocrx_word' id='word_1_190' title='bbox 1434 2635 1695 2696; x_wconf 85' lang='lat' dir='ltr'><strong>perpetuo</strong></span> <span class='ocrx_word' id='word_1_191' title='bbox 1749 2626 2033 2688; x_wconf 80' lang='lat' dir='ltr'><strong>celeinus;</strong></span> 
     </span>
    </p>
   </div>
   <div class='ocr_carea' id='block_1_30' title="bbox 439 2717 2038 2789">
    <p class='ocr_par' dir='ltr' id='par_1_30' title="bbox 439 2717 2038 2789">
     <span class='ocr_line' id='line_1_30' title="bbox 439 2717 2038 2789; baseline 0 -17"><span class='ocrx_word' id='word_1_192' title='bbox 439 2719 570 2772; x_wconf 89' lang='lat' dir='ltr'><strong>illud</strong></span> <span class='ocrx_word' id='word_1_193' title='bbox 607 2719 753 2773; x_wconf 90' lang='lat' dir='ltr'><strong>enim</strong></span> <span class='ocrx_word' id='word_1_194' title='bbox 805 2721 1066 2789; x_wconf 83' lang='lat' dir='ltr'><strong>imperiti,</strong></span> <span class='ocrx_word' id='word_1_195' title='bbox 1127 2721 1232 2774; x_wconf 91' lang='lat' dir='ltr'><strong>hoc</strong></span> <span class='ocrx_word' id='word_1_196' title='bbox 1280 2720 1430 2784; x_wconf 84' lang='lat' dir='ltr'><strong>impii</strong></span> <span class='ocrx_word' id='word_1_197' title='bbox 1487 2729 1608 2783; x_wconf 85' lang='lat' dir='ltr'><strong>est;</strong></span> <span class='ocrx_word' id='word_1_198' title='bbox 1641 2717 1772 2771; x_wconf 91' lang='lat' dir='ltr'><strong>illud</strong></span> <span class='ocrx_word' id='word_1_199' title='bbox 1831 2717 2038 2772; x_wconf 88' lang='lat' dir='ltr'><strong>alienos</strong></span> 
     </span>
    </p>
   </div>
   <div class='ocr_carea' id='block_1_31' title="bbox 439 2810 2040 2880">
    <p class='ocr_par' dir='ltr' id='par_1_31' title="bbox 439 2810 2040 2880">
     <span class='ocr_line' id='line_1_31' title="bbox 439 2810 2040 2880; baseline -0.001 -16"><span class='ocrx_word' id='word_1_200' title='bbox 439 2822 647 2864; x_wconf 90' lang='lat' dir='ltr'><strong>terrere</strong></span> <span class='ocrx_word' id='word_1_201' title='bbox 679 2822 878 2880; x_wconf 86' lang='lat' dir='ltr'><strong>pctest,</strong></span> <span class='ocrx_word' id='word_1_202' title='bbox 909 2815 1011 2867; x_wconf 91' lang='lat' dir='ltr'><strong>hoc</strong></span> <span class='ocrx_word' id='word_1_203' title='bbox 1041 2822 1260 2866; x_wconf 89' lang='lat' dir='ltr'><strong>nostros</strong></span> <span class='ocrx_word' id='word_1_204' title='bbox 1297 2815 1458 2867; x_wconf 88' lang='lat' dir='ltr'><strong>etiam</strong></span> <span class='ocrx_word' id='word_1_205' title='bbox 1494 2813 1761 2866; x_wconf 87' lang='lat' dir='ltr'><strong>alienare.</strong></span> <span class='ocrx_word' id='word_1_206' title='bbox 1791 2810 1888 2864; x_wconf 85' lang='lat' dir='ltr'><strong>His</strong></span> <span class='ocrx_word' id='word_1_207' title='bbox 1916 2827 2040 2880; x_wconf 70' lang='lat' dir='ltr'><strong>qua:</strong></span> 
     </span>
    </p>
   </div>
   <div class='ocr_carea' id='block_1_32' title="bbox 440 2885 2043 2975">
    <p class='ocr_par' dir='ltr' id='par_1_32' title="bbox 440 2885 2043 2975">
     <span class='ocr_line' id='line_1_32' title="bbox 440 2885 2043 2975; baseline 0 -21"><span class='ocrx_word' id='word_1_208' title='bbox 440 2885 596 2957; x_wconf 65' lang='lat' dir='ltr'><strong>dicta</strong></span> <span class='ocrx_word' id='word_1_209' title='bbox 611 2913 742 2957; x_wconf 90' lang='lat' dir='ltr'><strong>sunt</strong></span> <span class='ocrx_word' id='word_1_210' title='bbox 768 2905 1029 2974; x_wconf 85' lang='lat' dir='ltr'><strong>adjiciam</strong></span> <span class='ocrx_word' id='word_1_211' title='bbox 1053 2906 1200 2975; x_wconf 86' lang='lat' dir='ltr'><strong>quod</strong></span> <span class='ocrx_word' id='word_1_212' title='bbox 1221 2905 1345 2958; x_wconf 86' lang='lat' dir='ltr'><strong>aliis</strong></span> <span class='ocrx_word' id='word_1_213' title='bbox 1362 2904 1527 2958; x_wconf 89' lang='lat' dir='ltr'><strong>etiam</strong></span> <span class='ocrx_word' id='word_1_214' title='bbox 1555 2903 1787 2958; x_wconf 77' lang='lat' dir='ltr'><strong>fortasse</strong></span> <span class='ocrx_word' id='word_1_215' title='bbox 1813 2903 1865 2956; x_wconf 90' lang='lat' dir='ltr'><strong>in</strong></span> <span class='ocrx_word' id='word_1_216' title='bbox 1893 2917 2043 2956; x_wconf 88' lang='lat' dir='ltr'><strong>men-</strong></span> 
     </span>
    </p>
   </div>
   <div class='ocr_carea' id='block_1_33' title="bbox 440 2993 2042 3066">
    <p class='ocr_par' dir='ltr' id='par_1_33' title="bbox 440 2993 2042 3066">
     <span class='ocr_line' id='line_1_33' title="bbox 440 2993 2042 3066; baseline 0 -18"><span class='ocrx_word' id='word_1_217' title='bbox 440 3006 547 3048; x_wconf 85' lang='lat' dir='ltr'><strong>tem</strong></span> <span class='ocrx_word' id='word_1_218' title='bbox 598 2997 765 3060; x_wconf 87' lang='lat' dir='ltr'><strong>venit,</strong></span> <span class='ocrx_word' id='word_1_219' title='bbox 801 3013 901 3066; x_wconf 84' lang='lat' dir='ltr'><strong>ego</strong></span> <span class='ocrx_word' id='word_1_220' title='bbox 989 3007 1167 3050; x_wconf 90' lang='lat' dir='ltr'><strong>autem</strong></span> <span class='ocrx_word' id='word_1_221' title='bbox 1223 2997 1568 3064; x_wconf 78' lang='lat' dir='ltr'><strong>cogitationis</strong></span> <span class='ocrx_word' id='word_1_222' title='bbox 1621 3011 1754 3050; x_wconf 74' lang='lat' dir='ltr'><strong>mea:</strong></span> <span class='ocrx_word' id='word_1_223' title='bbox 1806 2993 2042 3049; x_wconf 90' lang='lat' dir='ltr'><strong>fructum</strong></span> 
     </span>
    </p>
   </div>
   <div class='ocr_carea' id='block_1_34' title="bbox 438 3088 2064 3160">
    <p class='ocr_par' dir='ltr' id='par_1_34' title="bbox 438 3088 2064 3160">
     <span class='ocr_line' id='line_1_34' title="bbox 438 3088 2064 3160; baseline -0.001 -16"><span class='ocrx_word' id='word_1_224' title='bbox 438 3090 713 3144; x_wconf 72' lang='lat' dir='ltr'><strong>existimo.</strong></span> <span class='ocrx_word' id='word_1_225' title='bbox 748 3089 993 3145; x_wconf 81' lang='lat' dir='ltr'><strong>Habebat</strong></span> <span class='ocrx_word' id='word_1_226' title='bbox 1041 3090 1299 3145; x_wconf 87' lang='lat' dir='ltr'><strong>Servatur</strong></span> <span class='ocrx_word' id='word_1_227' title='bbox 1331 3093 1603 3160; x_wconf 76' lang='lat' dir='ltr'><strong>quaedam,</strong></span> <span class='ocrx_word' id='word_1_228' title='bbox 1643 3105 1764 3160; x_wconf 64' lang='lat' dir='ltr'><strong>quae</strong></span> <span class='ocrx_word' id='word_1_229' title='bbox 1804 3104 1832 3142; x_wconf 90' lang='lat' dir='ltr'><strong>a</strong></span> <span class='ocrx_word' id='word_1_230' title='bbox 1884 3088 2064 3142; x_wconf 24' lang='lat' dir='ltr'><strong>disci-v</strong></span> 
     </span>
    </p>
   </div>
   <div class='ocr_carea' id='block_1_35' title="bbox 439 3180 2043 3248">
    <p class='ocr_par' dir='ltr' id='par_1_35' title="bbox 439 3180 2043 3248">
     <span class='ocr_line' id='line_1_35' title="bbox 439 3180 2043 3248; baseline 0.002 -17"><span class='ocrx_word' id='word_1_231' title='bbox 439 3180 605 3248; x_wconf 87' lang='lat' dir='ltr'><strong>pulis,</strong></span> <span class='ocrx_word' id='word_1_232' title='bbox 657 3180 786 3236; x_wconf 91' lang='lat' dir='ltr'><strong>licet</strong></span> <span class='ocrx_word' id='word_1_233' title='bbox 821 3181 1005 3236; x_wconf 83' lang='lat' dir='ltr'><strong>multis</strong></span> <span class='ocrx_word' id='word_1_234' title='bbox 1037 3191 1220 3237; x_wconf 85' lang='lat' dir='ltr'><strong>essent</strong></span> <span class='ocrx_word' id='word_1_235' title='bbox 1265 3181 1530 3236; x_wconf 86' lang='lat' dir='ltr'><strong>doctrinis</strong></span> <span class='ocrx_word' id='word_1_236' title='bbox 1566 3183 1778 3248; x_wconf 83' lang='lat' dir='ltr'><strong>imbuti,</strong></span> <span class='ocrx_word' id='word_1_237' title='bbox 1824 3180 2043 3237; x_wconf 83' lang='lat' dir='ltr'><strong>dicebat</strong></span> 
     </span>
    </p>
   </div>
   <div class='ocr_carea' id='block_1_36' title="bbox 441 3273 2042 3343">
    <p class='ocr_par' dir='ltr' id='par_1_36' title="bbox 441 3273 2042 3343">
     <span class='ocr_line' id='line_1_36' title="bbox 441 3273 2042 3343; baseline 0.004 -19"><span class='ocrx_word' id='word_1_238' title='bbox 441 3288 549 3325; x_wconf 88' lang='lat' dir='ltr'><strong>non</strong></span> <span class='ocrx_word' id='word_1_239' title='bbox 607 3288 766 3342; x_wconf 88' lang='lat' dir='ltr'><strong>posse</strong></span> <span class='ocrx_word' id='word_1_240' title='bbox 821 3275 1049 3342; x_wconf 85' lang='lat' dir='ltr'><strong>portari,</strong></span> <span class='ocrx_word' id='word_1_241' title='bbox 1087 3275 1160 3329; x_wconf 90' lang='lat' dir='ltr'><strong>ob</strong></span> <span class='ocrx_word' id='word_1_242' title='bbox 1211 3289 1304 3329; x_wconf 84' lang='lat' dir='ltr'><strong>eas</strong></span> <span class='ocrx_word' id='word_1_243' title='bbox 1341 3273 1575 3329; x_wconf 86' lang='lat' dir='ltr'><strong>fortasse</strong></span> <span class='ocrx_word' id='word_1_244' title='bbox 1631 3289 1848 3338; x_wconf 88' lang='lat' dir='ltr'><strong>causas,</strong></span> <span class='ocrx_word' id='word_1_245' title='bbox 1903 3288 2042 3343; x_wconf 87' lang='lat' dir='ltr'><strong>quas</strong></span> 
     </span>
    </p>
   </div>
   <div class='ocr_carea' id='block_1_37' title="bbox 437 3362 2044 3428">
    <p class='ocr_par' dir='ltr' id='par_1_37' title="bbox 437 3362 2044 3428">
     <span class='ocr_line' id='line_1_37' title="bbox 437 3362 2044 3428; baseline 0.002 -12"><span class='ocrx_word' id='word_1_246' title='bbox 437 3363 574 3428; x_wconf 79' lang='lat' dir='ltr'><strong>dixi,</strong></span> <span class='ocrx_word' id='word_1_247' title='bbox 605 3373 660 3418; x_wconf 90' lang='lat' dir='ltr'><strong>et</strong></span> <span class='ocrx_word' id='word_1_248' title='bbox 688 3363 892 3419; x_wconf 90' lang='lat' dir='ltr'><strong>idcirco</strong></span> <span class='ocrx_word' id='word_1_249' title='bbox 949 3365 1036 3418; x_wconf 90' lang='lat' dir='ltr'><strong>illa</strong></span> <span class='ocrx_word' id='word_1_250' title='bbox 1099 3365 1334 3419; x_wconf 85' lang='lat' dir='ltr'><strong>celabat.</strong></span> <span class='ocrx_word' id='word_1_251' title='bbox 1401 3362 1670 3419; x_wconf 66' lang='lat' dir='ltr'><strong>Praaterea</strong></span> <span class='ocrx_word' id='word_1_252' title='bbox 1725 3379 1848 3418; x_wconf 90' lang='lat' dir='ltr'><strong>cum</strong></span> <span class='ocrx_word' id='word_1_253' title='bbox 1928 3365 2044 3420; x_wconf 87' lang='lat' dir='ltr'><strong>fore</strong></span> 
     </span>
    </p>
   </div>
   <div class='ocr_carea' id='block_1_38' title="bbox 439 3457 2044 3527">
    <p class='ocr_par' dir='ltr' id='par_1_38' title="bbox 439 3457 2044 3527">
     <span class='ocr_line' id='line_1_38' title="bbox 439 3457 2044 3527; baseline 0 -17"><span class='ocrx_word' id='word_1_254' title='bbox 439 3457 687 3523; x_wconf 77' lang='lat' dir='ltr'><strong>dixisset,</strong></span> <span class='ocrx_word' id='word_1_255' title='bbox 725 3467 784 3511; x_wconf 94' lang='lat' dir='ltr'><strong>ut</strong></span> <span class='ocrx_word' id='word_1_256' title='bbox 815 3473 844 3510; x_wconf 89' lang='lat' dir='ltr'><strong>a</strong></span> <span class='ocrx_word' id='word_1_257' title='bbox 873 3457 1102 3527; x_wconf 86' lang='lat' dir='ltr'><strong>Spiritu.</strong></span> <span class='ocrx_word' id='word_1_258' title='bbox 1134 3472 1258 3512; x_wconf 89' lang='lat' dir='ltr'><strong>cum</strong></span> <span class='ocrx_word' id='word_1_259' title='bbox 1297 3459 1554 3520; x_wconf 87' lang='lat' dir='ltr'><strong>venisset,</strong></span> <span class='ocrx_word' id='word_1_260' title='bbox 1588 3459 1770 3510; x_wconf 87' lang='lat' dir='ltr'><strong>omnia</strong></span> <span class='ocrx_word' id='word_1_261' title='bbox 1820 3459 2044 3512; x_wconf 89' lang='lat' dir='ltr'><strong>docere-</strong></span> 
     </span>
    </p>
   </div>
   <div class='ocr_carea' id='block_1_39' title="bbox 443 3551 2042 3622">
    <p class='ocr_par' dir='ltr' id='par_1_39' title="bbox 443 3551 2042 3622">
     <span class='ocr_line' id='line_1_39' title="bbox 443 3551 2042 3622; baseline 0.001 -18"><span class='ocrx_word' id='word_1_262' title='bbox 443 3568 586 3618; x_wconf 91' lang='lat' dir='ltr'><strong>mur,</strong></span> <span class='ocrx_word' id='word_1_263' title='bbox 621 3567 810 3606; x_wconf 89' lang='lat' dir='ltr'><strong>eorum</strong></span> <span class='ocrx_word' id='word_1_264' title='bbox 873 3567 1039 3606; x_wconf 90' lang='lat' dir='ltr'><strong>unum</strong></span> <span class='ocrx_word' id='word_1_265' title='bbox 1094 3566 1216 3606; x_wconf 88' lang='lat' dir='ltr'><strong>esse</strong></span> <span class='ocrx_word' id='word_1_266' title='bbox 1279 3562 1410 3622; x_wconf 91' lang='lat' dir='ltr'><strong>puto</strong></span> <span class='ocrx_word' id='word_1_267' title='bbox 1468 3561 1522 3606; x_wconf 90' lang='lat' dir='ltr'><strong>et</strong></span> <span class='ocrx_word' id='word_1_268' title='bbox 1577 3552 1748 3621; x_wconf 83' lang='lat' dir='ltr'><strong>ipsam</strong></span> <span class='ocrx_word' id='word_1_269' title='bbox 1809 3551 2042 3619; x_wconf 81' lang='lat' dir='ltr'><strong>Spiritus</strong></span> 
     </span>
    </p>
   </div>
   <div class='ocr_carea' id='block_1_40' title="bbox 442 3644 2038 3715">
    <p class='ocr_par' dir='ltr' id='par_1_40' title="bbox 442 3644 2038 3715">
     <span class='ocr_line' id='line_1_40' title="bbox 442 3644 2038 3715; baseline 0.001 -18"><span class='ocrx_word' id='word_1_270' title='bbox 442 3645 809 3708; x_wconf 78' lang='lat' dir='ltr'><strong>divinitatem,</strong></span> <span class='ocrx_word' id='word_1_271' title='bbox 878 3659 1000 3714; x_wconf 73' lang='lat' dir='ltr'><strong>quae</strong></span> <span class='ocrx_word' id='word_1_272' title='bbox 1061 3653 1248 3713; x_wconf 89' lang='lat' dir='ltr'><strong>postea</strong></span> <span class='ocrx_word' id='word_1_273' title='bbox 1303 3654 1453 3700; x_wconf 89' lang='lat' dir='ltr'><strong>esset</strong></span> <span class='ocrx_word' id='word_1_274' title='bbox 1494 3646 1781 3715; x_wconf 86' lang='lat' dir='ltr'><strong>perspicua</strong></span> <span class='ocrx_word' id='word_1_275' title='bbox 1834 3644 2038 3712; x_wconf 86' lang='lat' dir='ltr'><strong>futura,</strong></span> 
     </span>
    </p>
   </div>
   <div class='ocr_carea' id='block_1_41' title="bbox 438 3727 2040 3810">
    <p class='ocr_par' dir='ltr' id='par_1_41' title="bbox 438 3727 2040 3810">
     <span class='ocr_line' id='line_1_41' title="bbox 438 3727 2040 3810; baseline 0.002 -20"><span class='ocrx_word' id='word_1_276' title='bbox 438 3751 565 3790; x_wconf 83' lang='lat' dir='ltr'><strong>cum</strong></span> <span class='ocrx_word' id='word_1_277' title='bbox 603 3745 726 3804; x_wconf 90' lang='lat' dir='ltr'><strong>post</strong></span> <span class='ocrx_word' id='word_1_278' title='bbox 757 3735 1065 3792; x_wconf 86' lang='lat' dir='ltr'><strong>Servatoris</strong></span> <span class='ocrx_word' id='word_1_279' title='bbox 1097 3727 1560 3792; x_wconf 86' lang='lat' dir='ltr'><strong>resurrectionem</strong></span> <span class='ocrx_word' id='word_1_280' title='bbox 1613 3736 1730 3805; x_wconf 85' lang='lat' dir='ltr'><strong>ejus</strong></span> <span class='ocrx_word' id='word_1_281' title='bbox 1793 3740 2040 3810; x_wconf 81' lang='lat' dir='ltr'><strong>cognitio</strong></span> 
     </span>
    </p>
   </div>
   <div class='ocr_carea' id='block_1_42' title="bbox 375 3823 2043 3897">
    <p class='ocr_par' dir='ltr' id='par_1_42' title="bbox 375 3823 2043 3897">
     <span class='ocr_line' id='line_1_42' title="bbox 375 3823 2043 3897; baseline 0.003 -21"><span class='ocrx_word' id='word_1_282' title='bbox 375 3855 386 3864; x_wconf 72' lang='grc' dir='ltr'><em>ο</em></span> <span class='ocrx_word' id='word_1_283' title='bbox 441 3823 759 3891; x_wconf 88' lang='lat' dir='ltr'><strong>tempestiva</strong></span> <span class='ocrx_word' id='word_1_284' title='bbox 790 3823 902 3893; x_wconf 86' lang='lat' dir='ltr'><strong>jam</strong></span> <span class='ocrx_word' id='word_1_285' title='bbox 928 3833 1094 3888; x_wconf 88' lang='lat' dir='ltr'><strong>esset,</strong></span> <span class='ocrx_word' id='word_1_286' title='bbox 1130 3833 1187 3880; x_wconf 92' lang='lat' dir='ltr'><strong>et</strong></span> <span class='ocrx_word' id='word_1_287' title='bbox 1225 3825 1430 3895; x_wconf 88' lang='lat' dir='ltr'><strong>percipi</strong></span> <span class='ocrx_word' id='word_1_288' title='bbox 1463 3837 1666 3893; x_wconf 83' lang='lat' dir='ltr'><strong>posset,</strong></span> <span class='ocrx_word' id='word_1_289' title='bbox 1718 3835 1772 3882; x_wconf 89' lang='lat' dir='ltr'><strong>et</strong></span> <span class='ocrx_word' id='word_1_290' title='bbox 1823 3837 2043 3897; x_wconf 90' lang='lat' dir='ltr'><strong>propter</strong></span> 
     </span>
    </p>
   </div>
   <div class='ocr_carea' id='block_1_43' title="bbox 440 3918 2038 3987">
    <p class='ocr_par' dir='ltr' id='par_1_43' title="bbox 440 3918 2038 3987">
     <span class='ocr_line' id='line_1_43' title="bbox 440 3918 2038 3987; baseline 0.004 -17"><span class='ocrx_word' id='word_1_291' title='bbox 440 3918 760 3972; x_wconf 87' lang='lat' dir='ltr'><strong>miraculum</strong></span> <span class='ocrx_word' id='word_1_292' title='bbox 795 3934 902 3972; x_wconf 91' lang='lat' dir='ltr'><strong>non</strong></span> <span class='ocrx_word' id='word_1_293' title='bbox 931 3918 1161 3987; x_wconf 84' lang='lat' dir='ltr'><strong>amplius</strong></span> <span class='ocrx_word' id='word_1_294' title='bbox 1190 3919 1351 3973; x_wconf 81' lang='lat' dir='ltr'><strong>fidem</strong></span> <span class='ocrx_word' id='word_1_295' title='bbox 1385 3930 1690 3987; x_wconf 85' lang='lat' dir='ltr'><strong>superaret.</strong></span> <span class='ocrx_word' id='word_1_296' title='bbox 1721 3921 1860 3987; x_wconf 87' lang='lat' dir='ltr'><strong>Quid</strong></span> <span class='ocrx_word' id='word_1_297' title='bbox 1893 3922 2038 3976; x_wconf 90' lang='lat' dir='ltr'><strong>enim</strong></span> 
     </span>
    </p>
   </div>
   <div class='ocr_carea' id='block_1_44' title="bbox 443 4007 2038 4079">
    <p class='ocr_par' dir='ltr' id='par_1_44' title="bbox 443 4007 2038 4079">
     <span class='ocr_line' id='line_1_44' title="bbox 443 4007 2038 4079; baseline 0.004 -19"><span class='ocrx_word' id='word_1_298' title='bbox 443 4009 543 4060; x_wconf 84' lang='lat' dir='ltr'><strong>hac</strong></span> <span class='ocrx_word' id='word_1_299' title='bbox 581 4023 637 4061; x_wconf 91' lang='lat' dir='ltr'><strong>re</strong></span> <span class='ocrx_word' id='word_1_300' title='bbox 670 4007 846 4076; x_wconf 88' lang='lat' dir='ltr'><strong>majus</strong></span> <span class='ocrx_word' id='word_1_301' title='bbox 883 4017 977 4062; x_wconf 88' lang='lat' dir='ltr'><strong>aut</strong></span> <span class='ocrx_word' id='word_1_302' title='bbox 1014 4008 1104 4062; x_wconf 90' lang='lat' dir='ltr'><strong>ille</strong></span> <span class='ocrx_word' id='word_1_303' title='bbox 1161 4010 1437 4076; x_wconf 90' lang='lat' dir='ltr'><strong>pollicitus</strong></span> <span class='ocrx_word' id='word_1_304' title='bbox 1494 4021 1601 4075; x_wconf 93' lang='lat' dir='ltr'><strong>est,</strong></span> <span class='ocrx_word' id='word_1_305' title='bbox 1653 4021 1746 4064; x_wconf 90' lang='lat' dir='ltr'><strong>aut</strong></span> <span class='ocrx_word' id='word_1_306' title='bbox 1801 4013 2038 4079; x_wconf 70' lang='lat' dir='ltr'><strong>Spiritus</strong></span> 
     </span>
    </p>
   </div>
   <div class='ocr_carea' id='block_1_45' title="bbox 439 4097 2037 4170">
    <p class='ocr_par' dir='ltr' id='par_1_45' title="bbox 439 4097 2037 4170">
     <span class='ocr_line' id='line_1_45' title="bbox 439 4097 2037 4170; baseline 0.001 -17"><span class='ocrx_word' id='word_1_307' title='bbox 439 4097 674 4153; x_wconf 74' lang='lat' dir='ltr'><strong>docuit?</strong></span> <span class='ocrx_word' id='word_1_308' title='bbox 727 4100 996 4168; x_wconf 87' lang='lat' dir='ltr'><strong>siquidem</strong></span> <span class='ocrx_word' id='word_1_309' title='bbox 1055 4116 1308 4170; x_wconf 87' lang='lat' dir='ltr'><strong>magnum</strong></span> <span class='ocrx_word' id='word_1_310' title='bbox 1357 4101 1562 4170; x_wconf 84' lang='lat' dir='ltr'><strong>aliquid</strong></span> <span class='ocrx_word' id='word_1_311' title='bbox 1607 4105 1904 4169; x_wconf 88' lang='lat' dir='ltr'><strong>putandum</strong></span> <span class='ocrx_word' id='word_1_312' title='bbox 1933 4115 2037 4170; x_wconf 87' lang='lat' dir='ltr'><strong>est,</strong></span> 
     </span>
    </p>
   </div>
   <div class='ocr_carea' id='block_1_46' title="bbox 439 4192 2040 4264">
    <p class='ocr_par' dir='ltr' id='par_1_46' title="bbox 439 4192 2040 4264">
     <span class='ocr_line' id='line_1_46' title="bbox 439 4192 2040 4264; baseline 0.002 -18"><span class='ocrx_word' id='word_1_313' title='bbox 439 4201 495 4246; x_wconf 90' lang='lat' dir='ltr'><strong>et</strong></span> <span class='ocrx_word' id='word_1_314' title='bbox 530 4193 622 4246; x_wconf 84' lang='lat' dir='ltr'><strong>Dei</strong></span> <span class='ocrx_word' id='word_1_315' title='bbox 651 4192 1056 4259; x_wconf 74' lang='lat' dir='ltr'><strong>magnificentia</strong></span> <span class='ocrx_word' id='word_1_316' title='bbox 1104 4193 1329 4259; x_wconf 86' lang='lat' dir='ltr'><strong>dignum</strong></span> <span class='ocrx_word' id='word_1_317' title='bbox 1365 4192 1442 4256; x_wconf 90' lang='lat' dir='ltr'><strong>id,</strong></span> <span class='ocrx_word' id='word_1_318' title='bbox 1472 4197 1620 4262; x_wconf 86' lang='lat' dir='ltr'><strong>quod</strong></span> <span class='ocrx_word' id='word_1_319' title='bbox 1666 4210 1804 4248; x_wconf 90' lang='lat' dir='ltr'><strong>unus</strong></span> <span class='ocrx_word' id='word_1_320' title='bbox 1835 4197 2040 4264; x_wconf 89' lang='lat' dir='ltr'><strong>promi-</strong></span> 
     </span>
    </p>
   </div>
   <div class='ocr_carea' id='block_1_47' title="bbox 440 4284 2041 4355">
    <p class='ocr_par' dir='ltr' id='par_1_47' title="bbox 440 4284 2041 4355">
     <span class='ocr_line' id='line_1_47' title="bbox 440 4284 2041 4355; baseline 0.002 -15"><span class='ocrx_word' id='word_1_321' title='bbox 440 4285 536 4348; x_wconf 87' lang='lat' dir='ltr'><strong>sit,</strong></span> <span class='ocrx_word' id='word_1_322' title='bbox 583 4293 640 4338; x_wconf 91' lang='lat' dir='ltr'><strong>et</strong></span> <span class='ocrx_word' id='word_1_323' title='bbox 695 4285 834 4338; x_wconf 88' lang='lat' dir='ltr'><strong>alter</strong></span> <span class='ocrx_word' id='word_1_324' title='bbox 887 4284 1128 4340; x_wconf 88' lang='lat' dir='ltr'><strong>edocuit.</strong></span> <span class='ocrx_word' id='word_1_325' title='bbox 1165 4284 1258 4340; x_wconf 89' lang='lat' dir='ltr'><strong>Sic</strong></span> <span class='ocrx_word' id='word_1_326' title='bbox 1307 4299 1410 4355; x_wconf 80' lang='lat' dir='ltr'><strong>ego</strong></span> <span class='ocrx_word' id='word_1_327' title='bbox 1450 4286 1518 4339; x_wconf 90' lang='lat' dir='ltr'><strong>de</strong></span> <span class='ocrx_word' id='word_1_328' title='bbox 1581 4285 1666 4342; x_wconf 89' lang='lat' dir='ltr'><strong>his</strong></span> <span class='ocrx_word' id='word_1_329' title='bbox 1729 4290 1922 4351; x_wconf 86' lang='lat' dir='ltr'><strong>sentio,</strong></span> <span class='ocrx_word' id='word_1_330' title='bbox 1987 4298 2041 4343; x_wconf 86' lang='lat' dir='ltr'><strong>et</strong></span> 
     </span>
    </p>
   </div>
   <div class='ocr_carea' id='block_1_48' title="bbox 441 4377 2038 4448">
    <p class='ocr_par' dir='ltr' id='par_1_48' title="bbox 441 4377 2038 4448">
     <span class='ocr_line' id='line_1_48' title="bbox 441 4377 2038 4448; baseline 0.001 -15"><span class='ocrx_word' id='word_1_331' title='bbox 441 4378 701 4442; x_wconf 88' lang='lat' dir='ltr'><strong>sentiam,</strong></span> <span class='ocrx_word' id='word_1_332' title='bbox 731 4389 787 4433; x_wconf 85' lang='lat' dir='ltr'><strong>et</strong></span> <span class='ocrx_word' id='word_1_333' title='bbox 814 4379 1126 4447; x_wconf 87' lang='lat' dir='ltr'><strong>quicunque</strong></span> <span class='ocrx_word' id='word_1_334' title='bbox 1155 4377 1286 4432; x_wconf 82' lang='lat' dir='ltr'><strong>mihi</strong></span> <span class='ocrx_word' id='word_1_335' title='bbox 1313 4380 1524 4433; x_wconf 88' lang='lat' dir='ltr'><strong>amicus</strong></span> <span class='ocrx_word' id='word_1_336' title='bbox 1553 4389 1655 4444; x_wconf 90' lang='lat' dir='ltr'><strong>est,</strong></span> <span class='ocrx_word' id='word_1_337' title='bbox 1689 4378 1764 4434; x_wconf 86' lang='lat' dir='ltr'><strong>ita</strong></span> <span class='ocrx_word' id='word_1_338' title='bbox 1817 4381 2038 4448; x_wconf 86' lang='lat' dir='ltr'><strong>sentiet,</strong></span> 
     </span>
    </p>
   </div>
   <div class='ocr_carea' id='block_1_49' title="bbox 2124 481 3711 566">
    <p class='ocr_par' dir='ltr' id='par_1_49' title="bbox 2124 481 3711 566">
     <span class='ocr_line' id='line_1_49' title="bbox 2124 481 3711 566; baseline -0.013 -16"><span class='ocrx_word' id='word_1_339' title='bbox 2124 515 2236 560; x_wconf 85' lang='grc' dir='ltr'>τες.</span> <span class='ocrx_word' id='word_1_340' title='bbox 2263 498 2358 551; x_wconf 78' lang='grc' dir='ltr'><strong>καὶ</strong></span> <span class='ocrx_word' id='word_1_341' title='bbox 2383 494 2594 566; x_wconf 80' lang='grc' dir='ltr'>ἡλιακῷ</span> <span class='ocrx_word' id='word_1_342' title='bbox 2620 493 2762 562; x_wconf 78' lang='grc' dir='ltr'>φωτὶ</span> <span class='ocrx_word' id='word_1_343' title='bbox 2789 491 2890 545; x_wconf 86' lang='grc' dir='ltr'><strong>σαθ</strong></span> <span class='ocrx_word' id='word_1_344' title='bbox 2902 491 3129 560; x_wconf 82' lang='grc' dir='ltr'>ροτέραν</span> <span class='ocrx_word' id='word_1_345' title='bbox 3175 487 3258 539; x_wconf 71' lang='grc' dir='ltr'>ἔτι</span> <span class='ocrx_word' id='word_1_346' title='bbox 3304 481 3711 552; x_wconf 69' lang='grc' dir='ltr'>προσϐαλόντες</span> 
     </span>
    </p>
   </div>
   <div class='ocr_carea' id='block_1_50' title="bbox 2125 572 3709 662">
    <p class='ocr_par' dir='ltr' id='par_1_50' title="bbox 2125 572 3709 662">
     <span class='ocr_line' id='line_1_50' title="bbox 2125 572 3709 662; baseline -0.011 -22"><span class='ocrx_word' id='word_1_347' title='bbox 2125 593 2225 659; x_wconf 81' lang='grc' dir='ltr'>τὴν</span> <span class='ocrx_word' id='word_1_348' title='bbox 2249 589 2394 662; x_wconf 59' lang='grc' dir='ltr'>ὄψιν,</span> <span class='ocrx_word' id='word_1_349' title='bbox 2444 588 2539 641; x_wconf 84' lang='grc' dir='ltr'><strong>καὶ</strong></span> <span class='ocrx_word' id='word_1_350' title='bbox 2587 587 2669 648; x_wconf 84' lang='grc' dir='ltr'><strong>είς</strong></span> <span class='ocrx_word' id='word_1_351' title='bbox 2711 582 2773 635; x_wconf 80' lang='grc' dir='ltr'>τὸ</span> <span class='ocrx_word' id='word_1_352' title='bbox 2801 582 2946 636; x_wconf 78' lang='grc' dir='ltr'>κατά</span> <span class='ocrx_word' id='word_1_353' title='bbox 2988 580 3222 649; x_wconf 84' lang='grc' dir='ltr'>δύναμιν</span> <span class='ocrx_word' id='word_1_354' title='bbox 3277 572 3709 629; x_wconf 77' lang='grc' dir='ltr'>κινδυνεύσωσιο</span> 
     </span>
    </p>
   </div>
   <div class='ocr_carea' id='block_1_51' title="bbox 2125 662 3711 750">
    <p class='ocr_par' dir='ltr' id='par_1_51' title="bbox 2125 662 3711 750">
     <span class='ocr_line' id='line_1_51' title="bbox 2125 662 3711 750; baseline -0.014 -14"><span class='ocrx_word' id='word_1_355' title='bbox 2125 686 2246 745; x_wconf 85' lang='grc' dir='ltr'>ταῖς</span> <span class='ocrx_word' id='word_1_356' title='bbox 2271 683 2327 735; x_wconf 85' lang='grc' dir='ltr'><strong>δὲ</strong></span> <span class='ocrx_word' id='word_1_357' title='bbox 2357 681 2500 734; x_wconf 74' lang='grc' dir='ltr'>κατὰ</span> <span class='ocrx_word' id='word_1_358' title='bbox 2538 681 2704 750; x_wconf 83' lang='grc' dir='ltr'><strong>μέρος</strong></span> <span class='ocrx_word' id='word_1_359' title='bbox 2731 675 3076 746; x_wconf 79' lang='grc' dir='ltr'><strong>προσθήκαις</strong></span> <span class='ocrx_word' id='word_1_360' title='bbox 3104 671 3222 735; x_wconf 82' lang='grc' dir='ltr'>καὶ,</span> <span class='ocrx_word' id='word_1_361' title='bbox 3253 669 3330 732; x_wconf 79' lang='grc' dir='ltr'>ὡς</span> <span class='ocrx_word' id='word_1_362' title='bbox 3369 662 3492 721; x_wconf 74' lang='grc' dir='ltr'>εἶπε</span> <span class='ocrx_word' id='word_1_363' title='bbox 3520 664 3711 728; x_wconf 75' lang='grc' dir='ltr'>Δασὶδ,</span> 
     </span>
    </p>
   </div>
   <div class='ocr_carea' id='block_1_52' title="bbox 2126 759 3714 838">
    <p class='ocr_par' dir='ltr' id='par_1_52' title="bbox 2126 759 3714 838">
     <span class='ocr_line' id='line_1_52' title="bbox 2126 759 3714 838; baseline -0.011 -10"><span class='ocrx_word' id='word_1_364' title='bbox 2126 774 2443 836; x_wconf 78' lang='grc' dir='ltr'>ἀναϐάσεσι,</span> <span class='ocrx_word' id='word_1_365' title='bbox 2497 775 2593 824; x_wconf 76' lang='grc' dir='ltr'><strong>καὶ</strong></span> <span class='ocrx_word' id='word_1_366' title='bbox 2645 773 2708 823; x_wconf 86' lang='grc' dir='ltr'>ἐκ</span> <span class='ocrx_word' id='word_1_367' title='bbox 2739 768 2900 838; x_wconf 80' lang='grc' dir='ltr'><strong>δόξης</strong></span> <span class='ocrx_word' id='word_1_368' title='bbox 2952 769 3032 828; x_wconf 87' lang='grc' dir='ltr'><strong>είς</strong></span> <span class='ocrx_word' id='word_1_369' title='bbox 3083 765 3242 830; x_wconf 80' lang='grc' dir='ltr'>δόξαν</span> <span class='ocrx_word' id='word_1_370' title='bbox 3293 762 3567 832; x_wconf 81' lang='grc' dir='ltr'>προόδοις,</span> <span class='ocrx_word' id='word_1_371' title='bbox 3611 759 3714 812; x_wconf 74' lang='grc' dir='ltr'><strong>καὶ</strong></span> 
     </span>
    </p>
   </div>
   <div class='ocr_carea' id='block_1_53' title="bbox 2125 850 3720 936">
    <p class='ocr_par' dir='ltr' id='par_1_53' title="bbox 2125 850 3720 936">
     <span class='ocr_line' id='line_1_53' title="bbox 2125 850 3720 936; baseline -0.011 -16"><span class='ocrx_word' id='word_1_372' title='bbox 2125 867 2432 936; x_wconf 81' lang='grc' dir='ltr'>προκοπαίς</span> <span class='ocrx_word' id='word_1_373' title='bbox 2458 864 2520 916; x_wconf 80' lang='grc' dir='ltr'>τὸ</span> <span class='ocrx_word' id='word_1_374' title='bbox 2558 863 2657 932; x_wconf 83' lang='grc' dir='ltr'>τῆς</span> <span class='ocrx_word' id='word_1_375' title='bbox 2689 861 2920 932; x_wconf 85' lang='grc' dir='ltr'>Τριάδος</span> <span class='ocrx_word' id='word_1_376' title='bbox 2971 857 3088 927; x_wconf 83' lang='grc' dir='ltr'>φῶς</span> <span class='ocrx_word' id='word_1_377' title='bbox 3122 851 3400 927; x_wconf 72' lang='grc' dir='ltr'><strong>ἐκλάμψαι</strong></span> <span class='ocrx_word' id='word_1_378' title='bbox 3429 855 3541 915; x_wconf 83' lang='grc' dir='ltr'>τοῖς</span> <span class='ocrx_word' id='word_1_379' title='bbox 3572 850 3720 920; x_wconf 90' lang='grc' dir='ltr'>λαμ-</span> 
     </span>
    </p>
   </div>
   <div class='ocr_carea' id='block_1_54' title="bbox 2125 948 3719 1031">
    <p class='ocr_par' dir='ltr' id='par_1_54' title="bbox 2125 948 3719 1031">
     <span class='ocr_line' id='line_1_54' title="bbox 2125 948 3719 1031; baseline -0.009 -17"><span class='ocrx_word' id='word_1_380' title='bbox 2125 959 2435 1031; x_wconf 82' lang='grc' dir='ltr'>προτέροις.</span> <span class='ocrx_word' id='word_1_381' title='bbox 2488 957 2587 1009; x_wconf 76' lang='grc' dir='ltr'>Διὰ</span> <span class='ocrx_word' id='word_1_382' title='bbox 2635 954 2844 1026; x_wconf 85' lang='grc' dir='ltr'>ταύτην</span> <span class='ocrx_word' id='word_1_383' title='bbox 2892 949 3049 1023; x_wconf 74' lang='grc' dir='ltr'>οίμαι</span> <span class='ocrx_word' id='word_1_384' title='bbox 3082 951 3181 1021; x_wconf 73' lang='grc' dir='ltr'>τὴν</span> <span class='ocrx_word' id='word_1_385' title='bbox 3232 948 3415 1002; x_wconf 78' lang='grc' dir='ltr'><strong>αἰτίαν</strong></span> <span class='ocrx_word' id='word_1_386' title='bbox 3459 948 3554 999; x_wconf 82' lang='grc' dir='ltr'><strong>καὶ</strong></span> <span class='ocrx_word' id='word_1_387' title='bbox 3601 948 3719 1008; x_wconf 79' lang='grc' dir='ltr'>τοῖς</span> 
     </span>
    </p>
   </div>
   <div class='ocr_carea' id='block_1_55' title="bbox 2129 1039 3720 1125">
    <p class='ocr_par' dir='ltr' id='par_1_55' title="bbox 2129 1039 3720 1125">
     <span class='ocr_line' id='line_1_55' title="bbox 2129 1039 3720 1125; baseline -0.011 -17"><span class='ocrx_word' id='word_1_388' title='bbox 2129 1053 2398 1125; x_wconf 79' lang='grc' dir='ltr'><strong>μαθηταῖς</strong></span> <span class='ocrx_word' id='word_1_389' title='bbox 2430 1052 2570 1104; x_wconf 84' lang='grc' dir='ltr'>κατά</span> <span class='ocrx_word' id='word_1_390' title='bbox 2621 1047 2785 1120; x_wconf 85' lang='grc' dir='ltr'>μέρος</span> <span class='ocrx_word' id='word_1_391' title='bbox 2834 1046 3093 1116; x_wconf 73' lang='grc' dir='ltr'><strong>ἐπιδημεῖ</strong></span> <span class='ocrx_word' id='word_1_392' title='bbox 3138 1045 3207 1112; x_wconf 67' lang='grc' dir='ltr'>τῇ</span> <span class='ocrx_word' id='word_1_393' title='bbox 3241 1041 3352 1094; x_wconf 87' lang='grc' dir='ltr'><strong>τῶν</strong></span> <span class='ocrx_word' id='word_1_394' title='bbox 3402 1039 3720 1110; x_wconf 81' lang='grc' dir='ltr'><strong>δεχομένων</strong></span> 
     </span>
    </p>
   </div>
   <div class='ocr_carea' id='block_1_56' title="bbox 2125 1130 3720 1215">
    <p class='ocr_par' dir='ltr' id='par_1_56' title="bbox 2125 1130 3720 1215">
     <span class='ocr_line' id='line_1_56' title="bbox 2125 1130 3720 1215; baseline -0.011 -17"><span class='ocrx_word' id='word_1_395' title='bbox 2125 1146 2352 1215; x_wconf 82' lang='grc' dir='ltr'><strong>δυνάμει</strong></span> <span class='ocrx_word' id='word_1_396' title='bbox 2387 1139 2938 1212; x_wconf 81' lang='grc' dir='ltr'>παραμετροῦμενον,</span> <span class='ocrx_word' id='word_1_397' title='bbox 2969 1139 3028 1190; x_wconf 83' lang='grc' dir='ltr'><strong>ἐν</strong></span> <span class='ocrx_word' id='word_1_398' title='bbox 3059 1138 3202 1207; x_wconf 78' lang='grc' dir='ltr'>ἀρχῇ</span> <span class='ocrx_word' id='word_1_399' title='bbox 3236 1132 3331 1188; x_wconf 84' lang='grc' dir='ltr'><strong>τοῦ</strong></span> <span class='ocrx_word' id='word_1_400' title='bbox 3359 1130 3720 1200; x_wconf 83' lang='grc' dir='ltr'>Εὑαγγελίου,</span> 
     </span>
    </p>
   </div>
   <div class='ocr_carea' id='block_1_57' title="bbox 2131 1224 3723 1310">
    <p class='ocr_par' dir='ltr' id='par_1_57' title="bbox 2131 1224 3723 1310">
     <span class='ocr_line' id='line_1_57' title="bbox 2131 1224 3723 1310; baseline -0.012 -17"><span class='ocrx_word' id='word_1_401' title='bbox 2131 1240 2272 1310; x_wconf 82' lang='grc' dir='ltr'><strong>μετά</strong></span> <span class='ocrx_word' id='word_1_402' title='bbox 2299 1239 2360 1290; x_wconf 83' lang='grc' dir='ltr'>τὸ</span> <span class='ocrx_word' id='word_1_403' title='bbox 2391 1236 2584 1298; x_wconf 86' lang='grc' dir='ltr'>πάθος,</span> <span class='ocrx_word' id='word_1_404' title='bbox 2618 1234 2757 1305; x_wconf 84' lang='grc' dir='ltr'><strong>μετά</strong></span> <span class='ocrx_word' id='word_1_405' title='bbox 2795 1233 2894 1304; x_wconf 79' lang='grc' dir='ltr'>τὴν</span> <span class='ocrx_word' id='word_1_406' title='bbox 2919 1231 3125 1293; x_wconf 69' lang='grc' dir='ltr'>ἄνοδον,</span> <span class='ocrx_word' id='word_1_407' title='bbox 3163 1229 3264 1291; x_wconf 78' lang='grc' dir='ltr'><strong>τάς</strong></span> <span class='ocrx_word' id='word_1_408' title='bbox 3301 1225 3563 1296; x_wconf 86' lang='grc' dir='ltr'>δυνάμεις</span> <span class='ocrx_word' id='word_1_409' title='bbox 3595 1224 3723 1276; x_wconf 66' lang='grc' dir='ltr'>ἐπι-</span> 
     </span>
    </p>
   </div>
   <div class='ocr_carea' id='block_1_58' title="bbox 2127 1315 3724 1399">
    <p class='ocr_par' dir='ltr' id='par_1_58' title="bbox 2127 1315 3724 1399">
     <span class='ocr_line' id='line_1_58' title="bbox 2127 1315 3724 1399; baseline -0.011 -14"><span class='ocrx_word' id='word_1_410' title='bbox 2127 1332 2339 1395; x_wconf 86' lang='grc' dir='ltr'>τελοῦν,</span> <span class='ocrx_word' id='word_1_411' title='bbox 2371 1327 2794 1399; x_wconf 83' lang='grc' dir='ltr'>ἐμφυσώμενον,</span> <span class='ocrx_word' id='word_1_412' title='bbox 2835 1327 2894 1379; x_wconf 84' lang='grc' dir='ltr'><strong>ἐν</strong></span> <span class='ocrx_word' id='word_1_413' title='bbox 2936 1322 3213 1392; x_wconf 81' lang='grc' dir='ltr'><strong>γλώσσαις</strong></span> <span class='ocrx_word' id='word_1_414' title='bbox 3239 1319 3494 1389; x_wconf 77' lang='grc' dir='ltr'>πυρίναις</span> <span class='ocrx_word' id='word_1_415' title='bbox 3525 1315 3724 1384; x_wconf 84' lang='grc' dir='ltr'>φαινό-</span> 
     </span>
    </p>
   </div>
   <div class='ocr_carea' id='block_1_59' title="bbox 2132 1408 3724 1498">
    <p class='ocr_par' dir='ltr' id='par_1_59' title="bbox 2132 1408 3724 1498">
     <span class='ocr_line' id='line_1_59' title="bbox 2132 1408 3724 1498; baseline -0.013 -18"><span class='ocrx_word' id='word_1_416' title='bbox 2132 1444 2314 1498; x_wconf 82' lang='grc' dir='ltr'>μενον,</span> <span class='ocrx_word' id='word_1_417' title='bbox 2368 1425 2465 1478; x_wconf 74' lang='grc' dir='ltr'><strong>καὶ</strong></span> <span class='ocrx_word' id='word_1_418' title='bbox 2498 1421 2605 1477; x_wconf 72' lang='grc' dir='ltr'><strong>ὑπὸ</strong></span> <span class='ocrx_word' id='word_1_419' title='bbox 2653 1419 2833 1490; x_wconf 80' lang='grc' dir='ltr'>Ἰησοῦ</span> <span class='ocrx_word' id='word_1_420' title='bbox 2869 1418 2990 1471; x_wconf 85' lang='grc' dir='ltr'>κατ’</span> <span class='ocrx_word' id='word_1_421' title='bbox 3020 1418 3204 1484; x_wconf 82' lang='grc' dir='ltr'>ὀλίγον</span> <span class='ocrx_word' id='word_1_422' title='bbox 3250 1414 3593 1480; x_wconf 66' lang='grc' dir='ltr'>ἐκφαινεται,</span> <span class='ocrx_word' id='word_1_423' title='bbox 3641 1408 3724 1467; x_wconf 80' lang='grc' dir='ltr'>ὡς</span> 
     </span>
    </p>
   </div>
   <div class='ocr_carea' id='block_1_60' title="bbox 2127 1505 3721 1588">
    <p class='ocr_par' dir='ltr' id='par_1_60' title="bbox 2127 1505 3721 1588">
     <span class='ocr_line' id='line_1_60' title="bbox 2127 1505 3721 1588; baseline -0.014 -14"><span class='ocrx_word' id='word_1_424' title='bbox 2127 1519 2450 1588; x_wconf 74' lang='grc' dir='ltr'><strong>ἐπιστήσεις</strong></span> <span class='ocrx_word' id='word_1_425' title='bbox 2497 1516 2590 1568; x_wconf 77' lang='grc' dir='ltr'><strong>καὶ</strong></span> <span class='ocrx_word' id='word_1_426' title='bbox 2651 1513 2814 1576; x_wconf 79' lang='grc' dir='ltr'>αὐτὸς</span> <span class='ocrx_word' id='word_1_427' title='bbox 2841 1511 3184 1580; x_wconf 77' lang='grc' dir='ltr'>ἐντυγχάνων</span> <span class='ocrx_word' id='word_1_428' title='bbox 3241 1505 3668 1574; x_wconf 74' lang='grc' dir='ltr'>ἐπιμελέστερον</span> <span class='ocrx_word' id='word_1_429' title='bbox 3703 1515 3721 1532; x_wconf 76' lang='grc' dir='ltr'><strong>ο</strong></span> 
     </span>
    </p>
   </div>
   <div class='ocr_carea' id='block_1_61' title="bbox 2141 1593 3728 1681">
    <p class='ocr_par' dir='ltr' id='par_1_61' title="bbox 2141 1593 3728 1681">
     <span class='ocr_line' id='line_1_61' title="bbox 2141 1593 3728 1681; baseline -0.011 -17"><span class='ocrx_word' id='word_1_430' title='bbox 2141 1610 2472 1681; x_wconf 80' lang='grc' dir='ltr'><strong>Ἐρωτήσω,</strong></span> <span class='ocrx_word' id='word_1_431' title='bbox 2505 1609 2659 1677; x_wconf 75' lang='grc' dir='ltr'>φησὶ,</span> <span class='ocrx_word' id='word_1_432' title='bbox 2694 1605 2798 1659; x_wconf 79' lang='grc' dir='ltr'><strong>τὸν</strong></span> <span class='ocrx_word' id='word_1_433' title='bbox 2843 1603 3096 1670; x_wconf 82' lang='grc' dir='ltr'><strong>Πατέρα,</strong></span> <span class='ocrx_word' id='word_1_434' title='bbox 3132 1601 3232 1654; x_wconf 82' lang='grc' dir='ltr'><strong>καὶ</strong></span> <span class='ocrx_word' id='word_1_435' title='bbox 3272 1599 3471 1653; x_wconf 77' lang='grc' dir='ltr'><em>ἄλλον</em></span> <span class='ocrx_word' id='word_1_436' title='bbox 3521 1593 3728 1663; x_wconf 76' lang='grc' dir='ltr'>Παρά-</span> 
     </span>
    </p>
   </div>
   <div class='ocr_carea' id='block_1_62' title="bbox 2131 1691 3724 1771">
    <p class='ocr_par' dir='ltr' id='par_1_62' title="bbox 2131 1691 3724 1771">
     <span class='ocr_line' id='line_1_62' title="bbox 2131 1691 3724 1771; baseline -0.011 -14"><span class='ocrx_word' id='word_1_437' title='bbox 2131 1709 2359 1771; x_wconf 69' lang='grc' dir='ltr'>κνῑητον</span> <span class='ocrx_word' id='word_1_438' title='bbox 2404 1701 2626 1768; x_wconf 70' lang='grc' dir='ltr'>πέμψει</span> <span class='ocrx_word' id='word_1_439' title='bbox 2661 1697 2824 1766; x_wconf 75' lang='grc' dir='ltr'>ὑμῖν,</span> <span class='ocrx_word' id='word_1_440' title='bbox 2865 1697 2930 1749; x_wconf 83' lang='grc' dir='ltr'>τὸ</span> <span class='ocrx_word' id='word_1_441' title='bbox 2981 1694 3226 1764; x_wconf 79' lang='grc' dir='ltr'><strong>Πνεῦμα</strong></span> <span class='ocrx_word' id='word_1_442' title='bbox 3269 1692 3378 1760; x_wconf 85' lang='grc' dir='ltr'>τῆς</span> <span class='ocrx_word' id='word_1_443' title='bbox 3407 1691 3724 1756; x_wconf 73' lang='grc' dir='ltr'>ἀληθείας,</span> 
     </span>
    </p>
   </div>
   <div class='ocr_carea' id='block_1_63' title="bbox 2063 1776 3730 1865">
    <p class='ocr_par' dir='ltr' id='par_1_63' title="bbox 2063 1776 3730 1865">
     <span class='ocr_line' id='line_1_63' title="bbox 2063 1776 3730 1865; baseline -0.001 -20"><span class='ocrx_word' id='word_1_444' title='bbox 2063 1776 2102 1831; x_wconf 76' lang='grc' dir='ltr'><strong>Β</strong></span> <span class='ocrx_word' id='word_1_445' title='bbox 2132 1796 2218 1849; x_wconf 83' lang='grc' dir='ltr'>ἵνα</span> <span class='ocrx_word' id='word_1_446' title='bbox 2257 1796 2330 1865; x_wconf 83' lang='grc' dir='ltr'>μὴ</span> <span class='ocrx_word' id='word_1_447' title='bbox 2372 1793 2616 1852; x_wconf 74' lang='grc' dir='ltr'>ἀντίθεος</span> <span class='ocrx_word' id='word_1_448' title='bbox 2665 1787 2807 1842; x_wconf 75' lang='grc' dir='ltr'>εἶναι</span> <span class='ocrx_word' id='word_1_449' title='bbox 2844 1788 2973 1858; x_wconf 75' lang='grc' dir='ltr'>δόξῃ</span> <span class='ocrx_word' id='word_1_450' title='bbox 3003 1805 3108 1851; x_wconf 87' lang='grc' dir='ltr'>τις,</span> <span class='ocrx_word' id='word_1_451' title='bbox 3155 1785 3252 1841; x_wconf 75' lang='grc' dir='ltr'><strong>καὶ</strong></span> <span class='ocrx_word' id='word_1_452' title='bbox 3296 1785 3372 1847; x_wconf 82' lang='grc' dir='ltr'>ὼς</span> <span class='ocrx_word' id='word_1_453' title='bbox 3403 1783 3510 1836; x_wconf 67' lang='grc' dir='ltr'><strong>ἀπδ</strong></span> <span class='ocrx_word' id='word_1_454' title='bbox 3551 1781 3730 1849; x_wconf 71' lang='grc' dir='ltr'>ἄλλης</span> 
     </span>
    </p>
   </div>
   <div class='ocr_carea' id='block_1_64' title="bbox 2129 1873 3729 1958">
    <p class='ocr_par' dir='ltr' id='par_1_64' title="bbox 2129 1873 3729 1958">
     <span class='ocr_line' id='line_1_64' title="bbox 2129 1873 3729 1958; baseline -0.01 -17"><span class='ocrx_word' id='word_1_455' title='bbox 2129 1889 2275 1950; x_wconf 80' lang='grc' dir='ltr'>τινὸς</span> <span class='ocrx_word' id='word_1_456' title='bbox 2307 1887 2554 1953; x_wconf 81' lang='grc' dir='ltr'>ἐξουσίας</span> <span class='ocrx_word' id='word_1_457' title='bbox 2583 1881 2854 1958; x_wconf 68' lang='grc' dir='ltr'>ποιεῖσθαι</span> <span class='ocrx_word' id='word_1_458' title='bbox 2904 1882 3030 1944; x_wconf 84' lang='grc' dir='ltr'>τοὺς</span> <span class='ocrx_word' id='word_1_459' title='bbox 3061 1881 3277 1945; x_wconf 83' lang='grc' dir='ltr'>λόγους.</span> <span class='ocrx_word' id='word_1_460' title='bbox 3312 1873 3470 1942; x_wconf 79' lang='grc' dir='ltr'>Εἶτα,</span> <span class='ocrx_word' id='word_1_461' title='bbox 3508 1874 3729 1943; x_wconf 74' lang='grc' dir='ltr'>Πέμψει</span> 
     </span>
    </p>
   </div>
   <div class='ocr_carea' id='block_1_65' title="bbox 2133 1966 3727 2053">
    <p class='ocr_par' dir='ltr' id='par_1_65' title="bbox 2133 1966 3727 2053">
     <span class='ocr_line' id='line_1_65' title="bbox 2133 1966 3727 2053; baseline -0.011 -19"><span class='ocrx_word' id='word_1_462' title='bbox 2133 1982 2257 2053; x_wconf 80' lang='grc' dir='ltr'>μὲν,</span> <span class='ocrx_word' id='word_1_463' title='bbox 2294 1981 2354 2032; x_wconf 78' lang='grc' dir='ltr'>ὲν</span> <span class='ocrx_word' id='word_1_464' title='bbox 2395 1980 2453 2032; x_wconf 80' lang='grc' dir='ltr'><strong>δὲ</strong></span> <span class='ocrx_word' id='word_1_465' title='bbox 2506 1977 2585 2048; x_wconf 83' lang='grc' dir='ltr'><strong>τῷ</strong></span> <span class='ocrx_word' id='word_1_466' title='bbox 2636 1977 2862 2046; x_wconf 82' lang='grc' dir='ltr'>ὀνόματί</span> <span class='ocrx_word' id='word_1_467' title='bbox 2907 1992 3032 2044; x_wconf 88' lang='grc' dir='ltr'>μου.</span> <span class='ocrx_word' id='word_1_468' title='bbox 3081 1973 3156 2025; x_wconf 85' lang='grc' dir='ltr'><strong>Τὸ</strong></span> <span class='ocrx_word' id='word_1_469' title='bbox 3195 1971 3458 2042; x_wconf 85' lang='grc' dir='ltr'>ἐρωτήσω</span> <span class='ocrx_word' id='word_1_470' title='bbox 3501 1966 3727 2036; x_wconf 79' lang='grc' dir='ltr'>παρεὶς,</span> 
     </span>
    </p>
   </div>
   <div class='ocr_carea' id='block_1_66' title="bbox 2127 2056 3728 2142">
    <p class='ocr_par' dir='ltr' id='par_1_66' title="bbox 2127 2056 3728 2142">
     <span class='ocr_line' id='line_1_66' title="bbox 2127 2056 3728 2142; baseline -0.011 -16"><span class='ocrx_word' id='word_1_471' title='bbox 2127 2076 2192 2126; x_wconf 75' lang='grc' dir='ltr'><strong>τὸ</strong></span> <span class='ocrx_word' id='word_1_472' title='bbox 2217 2073 2284 2126; x_wconf 85' lang='grc' dir='ltr'><strong>πέ</strong></span> <span class='ocrx_word' id='word_1_473' title='bbox 2297 2072 2426 2142; x_wconf 68' lang='grc' dir='ltr'>μψει</span> <span class='ocrx_word' id='word_1_474' title='bbox 2447 2071 2772 2140; x_wconf 79' lang='grc' dir='ltr'><strong>τετήρηκεν.</strong></span> <span class='ocrx_word' id='word_1_475' title='bbox 2802 2062 2936 2120; x_wconf 79' lang='grc' dir='ltr'>Εἶτα</span> <span class='ocrx_word' id='word_1_476' title='bbox 2987 2063 3209 2134; x_wconf 79' lang='grc' dir='ltr'>πέμψω,</span> <span class='ocrx_word' id='word_1_477' title='bbox 3237 2063 3300 2116; x_wconf 83' lang='grc' dir='ltr'>τὸ</span> <span class='ocrx_word' id='word_1_478' title='bbox 3325 2062 3526 2114; x_wconf 78' lang='grc' dir='ltr'>οἰκεῖον</span> <span class='ocrx_word' id='word_1_479' title='bbox 3555 2056 3728 2122; x_wconf 79' lang='grc' dir='ltr'>ἀξίω-</span> 
     </span>
    </p>
   </div>
   <div class='ocr_carea' id='block_1_67' title="bbox 2135 2155 3730 2239">
    <p class='ocr_par' dir='ltr' id='par_1_67' title="bbox 2135 2155 3730 2239">
     <span class='ocr_line' id='line_1_67' title="bbox 2135 2155 3730 2239; baseline -0.009 -18"><span class='ocrx_word' id='word_1_480' title='bbox 2135 2187 2231 2239; x_wconf 86' lang='grc' dir='ltr'>μα.</span> <span class='ocrx_word' id='word_1_481' title='bbox 2264 2165 2396 2219; x_wconf 80' lang='grc' dir='ltr'>Εἶτα</span> <span class='ocrx_word' id='word_1_482' title='bbox 2422 2166 2564 2236; x_wconf 76' lang='grc' dir='ltr'>ἥξει,</span> <span class='ocrx_word' id='word_1_483' title='bbox 2593 2165 2627 2235; x_wconf 89' lang='grc' dir='ltr'><strong>ή</strong></span> <span class='ocrx_word' id='word_1_484' title='bbox 2663 2162 2758 2217; x_wconf 87' lang='grc' dir='ltr'><strong>τοῦ</strong></span> <span class='ocrx_word' id='word_1_485' title='bbox 2790 2161 3111 2230; x_wconf 77' lang='grc' dir='ltr'>Πνεῦματος</span> <span class='ocrx_word' id='word_1_486' title='bbox 3134 2155 3374 2224; x_wconf 80' lang='grc' dir='ltr'>ἐξουσία.</span> <span class='ocrx_word' id='word_1_487' title='bbox 3414 2155 3577 2226; x_wconf 78' lang='grc' dir='ltr'>Ὁρᾷς</span> <span class='ocrx_word' id='word_1_488' title='bbox 3606 2171 3730 2221; x_wconf 68' lang='lat' dir='ltr'><strong>(pm-</strong></span> 
     </span>
    </p>
   </div>
   <div class='ocr_carea' id='block_1_68' title="bbox 2133 2244 3732 2328">
    <p class='ocr_par' dir='ltr' id='par_1_68' title="bbox 2133 2244 3732 2328">
     <span class='ocr_line' id='line_1_68' title="bbox 2133 2244 3732 2328; baseline -0.009 -17"><span class='ocrx_word' id='word_1_489' title='bbox 2133 2260 2368 2328; x_wconf 83' lang='grc' dir='ltr'>τισμοὺς</span> <span class='ocrx_word' id='word_1_490' title='bbox 2417 2256 2562 2310; x_wconf 80' lang='grc' dir='ltr'>κατὰ</span> <span class='ocrx_word' id='word_1_491' title='bbox 2615 2253 2786 2324; x_wconf 81' lang='grc' dir='ltr'>μέρος</span> <span class='ocrx_word' id='word_1_492' title='bbox 2814 2253 2947 2324; x_wconf 86' lang='grc' dir='ltr'><strong>ήμῖν</strong></span> <span class='ocrx_word' id='word_1_493' title='bbox 3001 2249 3402 2319; x_wconf 85' lang='grc' dir='ltr'>ἐλλάμποντας,</span> <span class='ocrx_word' id='word_1_494' title='bbox 3437 2247 3528 2299; x_wconf 68' lang='grc' dir='ltr'><strong>καὶ</strong></span> <span class='ocrx_word' id='word_1_495' title='bbox 3569 2244 3732 2310; x_wconf 80' lang='grc' dir='ltr'>τάξιν</span> 
     </span>
    </p>
   </div>
   <div class='ocr_carea' id='block_1_69' title="bbox 2139 2335 3734 2418">
    <p class='ocr_par' dir='ltr' id='par_1_69' title="bbox 2139 2335 3734 2418">
     <span class='ocr_line' id='line_1_69' title="bbox 2139 2335 3734 2418; baseline -0.008 -16"><span class='ocrx_word' id='word_1_496' title='bbox 2139 2348 2450 2416; x_wconf 86' lang='grc' dir='ltr'>θεολογίας,</span> <span class='ocrx_word' id='word_1_497' title='bbox 2476 2347 2544 2418; x_wconf 74' lang='grc' dir='ltr'>ἣν</span> <span class='ocrx_word' id='word_1_498' title='bbox 2563 2345 2657 2398; x_wconf 78' lang='grc' dir='ltr'><strong>καὶ</strong></span> <span class='ocrx_word' id='word_1_499' title='bbox 2677 2345 2826 2415; x_wconf 71' lang='grc' dir='ltr'>ἡμᾶς</span> <span class='ocrx_word' id='word_1_500' title='bbox 2856 2344 3045 2413; x_wconf 84' lang='grc' dir='ltr'>τηρεῖν</span> <span class='ocrx_word' id='word_1_501' title='bbox 3069 2343 3314 2410; x_wconf 77' lang='grc' dir='ltr'>ἄμεινον,</span> <span class='ocrx_word' id='word_1_502' title='bbox 3341 2339 3480 2409; x_wconf 89' lang='grc' dir='ltr'>μήτε</span> <span class='ocrx_word' id='word_1_503' title='bbox 3513 2335 3734 2406; x_wconf 84' lang='grc' dir='ltr'>ἀθρόως</span> 
     </span>
    </p>
   </div>
   <div class='ocr_carea' id='block_1_70' title="bbox 2136 2429 3732 2508">
    <p class='ocr_par' dir='ltr' id='par_1_70' title="bbox 2136 2429 3732 2508">
     <span class='ocr_line' id='line_1_70' title="bbox 2136 2429 3732 2508; baseline -0.007 -16"><span class='ocrx_word' id='word_1_504' title='bbox 2136 2439 2514 2508; x_wconf 80' lang='grc' dir='ltr'>ἐκφαίνοντας,</span> <span class='ocrx_word' id='word_1_505' title='bbox 2567 2438 2702 2507; x_wconf 86' lang='grc' dir='ltr'>μήτε</span> <span class='ocrx_word' id='word_1_506' title='bbox 2759 2437 2840 2497; x_wconf 86' lang='grc' dir='ltr'><strong>είς</strong></span> <span class='ocrx_word' id='word_1_507' title='bbox 2893 2434 3050 2496; x_wconf 85' lang='grc' dir='ltr'>τέλος</span> <span class='ocrx_word' id='word_1_508' title='bbox 3099 2431 3478 2502; x_wconf 76' lang='grc' dir='ltr'>κρύπτονταςς</span> <span class='ocrx_word' id='word_1_509' title='bbox 3521 2429 3582 2482; x_wconf 83' lang='grc' dir='ltr'>τδ</span> <span class='ocrx_word' id='word_1_510' title='bbox 3624 2430 3732 2498; x_wconf 83' lang='grc' dir='ltr'>μὲν</span> 
     </span>
    </p>
   </div>
   <div class='ocr_carea' id='block_1_71' title="bbox 2135 2523 3736 2604">
    <p class='ocr_par' dir='ltr' id='par_1_71' title="bbox 2135 2523 3736 2604">
     <span class='ocr_line' id='line_1_71' title="bbox 2135 2523 3736 2604; baseline -0.007 -18"><span class='ocrx_word' id='word_1_511' title='bbox 2135 2536 2247 2604; x_wconf 74' lang='grc' dir='ltr'><strong>γὰρ</strong></span> <span class='ocrx_word' id='word_1_512' title='bbox 2274 2533 2521 2601; x_wconf 78' lang='grc' dir='ltr'>ἄτεχνον,</span> <span class='ocrx_word' id='word_1_513' title='bbox 2572 2531 2634 2583; x_wconf 85' lang='grc' dir='ltr'>τδ</span> <span class='ocrx_word' id='word_1_514' title='bbox 2688 2529 2747 2582; x_wconf 74' lang='grc' dir='ltr'><strong>δὲ</strong></span> <span class='ocrx_word' id='word_1_515' title='bbox 2793 2527 2989 2582; x_wconf 75' lang='grc' dir='ltr'>ἄθεονο</span> <span class='ocrx_word' id='word_1_516' title='bbox 3020 2526 3116 2580; x_wconf 75' lang='grc' dir='ltr'><strong>καὶ</strong></span> <span class='ocrx_word' id='word_1_517' title='bbox 3160 2526 3221 2579; x_wconf 85' lang='grc' dir='ltr'>τὸ</span> <span class='ocrx_word' id='word_1_518' title='bbox 3261 2523 3362 2595; x_wconf 76' lang='grc' dir='ltr'>μὲν</span> <span class='ocrx_word' id='word_1_519' title='bbox 3403 2525 3529 2586; x_wconf 85' lang='grc' dir='ltr'>τοὺς</span> <span class='ocrx_word' id='word_1_520' title='bbox 3575 2523 3736 2576; x_wconf 85' lang='grc' dir='ltr'>ἀλλο-</span> 
     </span>
    </p>
   </div>
   <div class='ocr_carea' id='block_1_72' title="bbox 2138 2617 3733 2696">
    <p class='ocr_par' dir='ltr' id='par_1_72' title="bbox 2138 2617 3733 2696">
     <span class='ocr_line' id='line_1_72' title="bbox 2138 2617 3733 2696; baseline -0.004 -19"><span class='ocrx_word' id='word_1_521' title='bbox 2138 2625 2322 2696; x_wconf 83' lang='grc' dir='ltr'>τρίους</span> <span class='ocrx_word' id='word_1_522' title='bbox 2355 2622 2558 2694; x_wconf 81' lang='grc' dir='ltr'>πλῆξαι</span> <span class='ocrx_word' id='word_1_523' title='bbox 2609 2620 2931 2690; x_wconf 84' lang='grc' dir='ltr'>δυνάμενον,</span> <span class='ocrx_word' id='word_1_524' title='bbox 2991 2620 3054 2671; x_wconf 85' lang='grc' dir='ltr'>τδ</span> <span class='ocrx_word' id='word_1_525' title='bbox 3091 2617 3149 2671; x_wconf 81' lang='grc' dir='ltr'><strong>δέ</strong></span> <span class='ocrx_word' id='word_1_526' title='bbox 3195 2617 3562 2687; x_wconf 78' lang='grc' dir='ltr'>ἀλλοτριῶσαι</span> <span class='ocrx_word' id='word_1_527' title='bbox 3598 2617 3733 2679; x_wconf 83' lang='grc' dir='ltr'>τοὺς</span> 
     </span>
    </p>
   </div>
   <div class='ocr_carea' id='block_1_73' title="bbox 2143 2708 3732 2788">
    <p class='ocr_par' dir='ltr' id='par_1_73' title="bbox 2143 2708 3732 2788">
     <span class='ocr_line' id='line_1_73' title="bbox 2143 2708 3732 2788; baseline -0.004 -19"><span class='ocrx_word' id='word_1_528' title='bbox 2143 2716 2468 2788; x_wconf 81' lang='grc' dir='ltr'>ἡμετέρους.</span> <span class='ocrx_word' id='word_1_529' title='bbox 2506 2715 2573 2768; x_wconf 83' lang='grc' dir='ltr'><strong>Ὀ</strong></span> <span class='ocrx_word' id='word_1_530' title='bbox 2605 2714 2662 2767; x_wconf 83' lang='grc' dir='ltr'><strong>δὲ</strong></span> <span class='ocrx_word' id='word_1_531' title='bbox 2692 2714 2824 2774; x_wconf 85' lang='grc' dir='ltr'>ῐσως</span> <span class='ocrx_word' id='word_1_532' title='bbox 2855 2714 2956 2783; x_wconf 86' lang='grc' dir='ltr'><strong>μέν</strong></span> <span class='ocrx_word' id='word_1_533' title='bbox 2985 2729 3129 2766; x_wconf 88' lang='grc' dir='ltr'>τισιν</span> <span class='ocrx_word' id='word_1_534' title='bbox 3151 2708 3315 2784; x_wconf 81' lang='grc' dir='ltr'>ἦλθεν</span> <span class='ocrx_word' id='word_1_535' title='bbox 3338 2711 3438 2782; x_wconf 78' lang='grc' dir='ltr'>ήδη</span> <span class='ocrx_word' id='word_1_536' title='bbox 3473 2712 3566 2764; x_wconf 74' lang='grc' dir='ltr'>ἐπὶ</span> <span class='ocrx_word' id='word_1_537' title='bbox 3601 2710 3732 2763; x_wconf 84' lang='grc' dir='ltr'>νοῦν</span> 
     </span>
    </p>
   </div>
   <div class='ocr_carea' id='block_1_74' title="bbox 2143 2805 3735 2877">
    <p class='ocr_par' dir='ltr' id='par_1_74' title="bbox 2143 2805 3735 2877">
     <span class='ocr_line' id='line_1_74' title="bbox 2143 2805 3735 2877; baseline -0.003 -15"><span class='ocrx_word' id='word_1_538' title='bbox 2143 2812 2236 2864; x_wconf 78' lang='grc' dir='ltr'><strong>καὶ</strong></span> <span class='ocrx_word' id='word_1_539' title='bbox 2267 2810 2374 2861; x_wconf 85' lang='grc' dir='ltr'>τῶν</span> <span class='ocrx_word' id='word_1_540' title='bbox 2402 2809 2600 2872; x_wconf 74' lang='grc' dir='ltr'>ἄλλων,</span> <span class='ocrx_word' id='word_1_541' title='bbox 2649 2807 2761 2876; x_wconf 86' lang='grc' dir='ltr'>ἐγὼ</span> <span class='ocrx_word' id='word_1_542' title='bbox 2799 2807 2858 2860; x_wconf 85' lang='grc' dir='ltr'><strong>δὲ</strong></span> <span class='ocrx_word' id='word_1_543' title='bbox 2898 2807 2998 2877; x_wconf 84' lang='grc' dir='ltr'><strong>τῆς</strong></span> <span class='ocrx_word' id='word_1_544' title='bbox 3033 2806 3276 2877; x_wconf 80' lang='grc' dir='ltr'>ἐμαυτοῦ</span> <span class='ocrx_word' id='word_1_545' title='bbox 3325 2805 3566 2866; x_wconf 82' lang='grc' dir='ltr'>διανοίας</span> <span class='ocrx_word' id='word_1_546' title='bbox 3595 2805 3735 2857; x_wconf 81' lang='grc' dir='ltr'>ὑπο-</span> 
     </span>
    </p>
   </div>
   <div class='ocr_carea' id='block_1_75' title="bbox 2143 2892 3731 2969">
    <p class='ocr_par' dir='ltr' id='par_1_75' title="bbox 2143 2892 3731 2969">
     <span class='ocr_line' id='line_1_75' title="bbox 2143 2892 3731 2969; baseline -0.001 -17"><span class='ocrx_word' id='word_1_547' title='bbox 2143 2899 2408 2969; x_wconf 80' lang='grc' dir='ltr'>λαμϐάνω</span> <span class='ocrx_word' id='word_1_548' title='bbox 2455 2897 2694 2968; x_wconf 78' lang='grc' dir='ltr'>καρπὸν,</span> <span class='ocrx_word' id='word_1_549' title='bbox 2753 2898 3048 2967; x_wconf 83' lang='grc' dir='ltr'>προσθήσω</span> <span class='ocrx_word' id='word_1_550' title='bbox 3095 2899 3207 2960; x_wconf 78' lang='grc' dir='ltr'>τοῖς</span> <span class='ocrx_word' id='word_1_551' title='bbox 3240 2898 3575 2968; x_wconf 77' lang='grc' dir='ltr'>εἰρημένοις.</span> <span class='ocrx_word' id='word_1_552' title='bbox 3615 2892 3731 2951; x_wconf 86' lang='grc' dir='ltr'>Ἦν</span> 
     </span>
    </p>
   </div>
   <div class='ocr_carea' id='block_1_76' title="bbox 2145 2988 3738 3060">
    <p class='ocr_par' dir='ltr' id='par_1_76' title="bbox 2145 2988 3738 3060">
     <span class='ocr_line' id='line_1_76' title="bbox 2145 2988 3738 3060; baseline 0.001 -16"><span class='ocrx_word' id='word_1_553' title='bbox 2145 3008 2264 3044; x_wconf 87' lang='grc' dir='ltr'>τινα</span> <span class='ocrx_word' id='word_1_554' title='bbox 2297 2988 2375 3060; x_wconf 84' lang='grc' dir='ltr'><strong>τῷ</strong></span> <span class='ocrx_word' id='word_1_555' title='bbox 2428 2990 2666 3060; x_wconf 80' lang='grc' dir='ltr'>Σωτῆρι,</span> <span class='ocrx_word' id='word_1_556' title='bbox 2705 2991 2800 3043; x_wconf 75' lang='grc' dir='ltr'><strong>καὶ</strong></span> <span class='ocrx_word' id='word_1_557' title='bbox 2844 2992 2893 3044; x_wconf 79' lang='grc' dir='ltr'><strong>εί</strong></span> <span class='ocrx_word' id='word_1_558' title='bbox 2937 2989 3151 3043; x_wconf 83' lang='grc' dir='ltr'>πολλῶν</span> <span class='ocrx_word' id='word_1_559' title='bbox 3184 2990 3586 3059; x_wconf 79' lang='grc' dir='ltr'>ἐνεπίμπλαντο</span> <span class='ocrx_word' id='word_1_560' title='bbox 3632 3007 3738 3059; x_wconf 84' lang='grc' dir='ltr'>μα-</span> 
     </span>
    </p>
   </div>
   <div class='ocr_carea' id='block_1_77' title="bbox 2148 3083 3732 3155">
    <p class='ocr_par' dir='ltr' id='par_1_77' title="bbox 2148 3083 3732 3155">
     <span class='ocr_line' id='line_1_77' title="bbox 2148 3083 3732 3155; baseline -0.001 -17"><span class='ocrx_word' id='word_1_561' title='bbox 2148 3083 2432 3155; x_wconf 79' lang='grc' dir='ltr'>θημάτων,</span> <span class='ocrx_word' id='word_1_562' title='bbox 2462 3084 2499 3138; x_wconf 77' lang='grc' dir='ltr'><strong>ά</strong></span> <span class='ocrx_word' id='word_1_563' title='bbox 2532 3083 2606 3154; x_wconf 82' lang='grc' dir='ltr'>μὴ</span> <span class='ocrx_word' id='word_1_564' title='bbox 2634 3083 2896 3138; x_wconf 80' lang='grc' dir='ltr'>δύνασθαι</span> <span class='ocrx_word' id='word_1_565' title='bbox 2925 3085 3048 3138; x_wconf 89' lang='grc' dir='ltr'>τότε</span> <span class='ocrx_word' id='word_1_566' title='bbox 3077 3083 3448 3155; x_wconf 83' lang='grc' dir='ltr'>βασταχθῆναι</span> <span class='ocrx_word' id='word_1_567' title='bbox 3472 3087 3586 3146; x_wconf 86' lang='grc' dir='ltr'>τοῖς</span> <span class='ocrx_word' id='word_1_568' title='bbox 3618 3101 3732 3155; x_wconf 75' lang='grc' dir='ltr'>μαο</span> 
     </span>
    </p>
   </div>
   <div class='ocr_carea' id='block_1_78' title="bbox 2147 3174 3735 3249">
    <p class='ocr_par' dir='ltr' id='par_1_78' title="bbox 2147 3174 3735 3249">
     <span class='ocr_line' id='line_1_78' title="bbox 2147 3174 3735 3249; baseline 0.002 -18"><span class='ocrx_word' id='word_1_569' title='bbox 2147 3179 2340 3249; x_wconf 75' lang='grc' dir='ltr'>θηταῖς</span> <span class='ocrx_word' id='word_1_570' title='bbox 2388 3180 2628 3247; x_wconf 79' lang='grc' dir='ltr'>ἐλέγετο.</span> <span class='ocrx_word' id='word_1_571' title='bbox 2668 3179 2737 3232; x_wconf 78' lang='grc' dir='ltr'><strong>δι’</strong></span> <span class='ocrx_word' id='word_1_572' title='bbox 2770 3177 2836 3242; x_wconf 79' lang='grc' dir='ltr'><strong>ἀς</strong></span> <span class='ocrx_word' id='word_1_573' title='bbox 2889 3174 3043 3233; x_wconf 79' lang='grc' dir='ltr'>εἷπον</span> <span class='ocrx_word' id='word_1_574' title='bbox 3079 3179 3213 3244; x_wconf 76' lang='grc' dir='ltr'>ἴσως</span> <span class='ocrx_word' id='word_1_575' title='bbox 3259 3182 3462 3245; x_wconf 77' lang='grc' dir='ltr'>αἰτίας,</span> <span class='ocrx_word' id='word_1_576' title='bbox 3495 3180 3591 3234; x_wconf 72' lang='grc' dir='ltr'><strong>καὶ</strong></span> <span class='ocrx_word' id='word_1_577' title='bbox 3639 3179 3735 3234; x_wconf 78' lang='grc' dir='ltr'>διὰ</span> 
     </span>
    </p>
   </div>
   <div class='ocr_carea' id='block_1_79' title="bbox 2145 3267 3740 3341">
    <p class='ocr_par' dir='ltr' id='par_1_79' title="bbox 2145 3267 3740 3341">
     <span class='ocr_line' id='line_1_79' title="bbox 2145 3267 3740 3341; baseline 0.002 -20"><span class='ocrx_word' id='word_1_578' title='bbox 2145 3268 2306 3321; x_wconf 89' lang='grc' dir='ltr'>τοῦτο</span> <span class='ocrx_word' id='word_1_579' title='bbox 2329 3267 2806 3338; x_wconf 82' lang='grc' dir='ltr'>παρεκαλύπτετο.</span> <span class='ocrx_word' id='word_1_580' title='bbox 2840 3269 2950 3322; x_wconf 79' lang='grc' dir='ltr'>Καὶ</span> <span class='ocrx_word' id='word_1_581' title='bbox 2983 3270 3168 3331; x_wconf 85' lang='grc' dir='ltr'>πάλιν,</span> <span class='ocrx_word' id='word_1_582' title='bbox 3204 3271 3384 3324; x_wconf 86' lang='grc' dir='ltr'>πάντα</span> <span class='ocrx_word' id='word_1_583' title='bbox 3410 3271 3740 3341; x_wconf 80' lang='grc' dir='ltr'>διδαχθήσε-</span> 
     </span>
    </p>
   </div>
   <div class='ocr_carea' id='block_1_80' title="bbox 2147 3361 3738 3433">
    <p class='ocr_par' dir='ltr' id='par_1_80' title="bbox 2147 3361 3738 3433">
     <span class='ocr_line' id='line_1_80' title="bbox 2147 3361 3738 3433; baseline 0.002 -20"><span class='ocrx_word' id='word_1_584' title='bbox 2147 3361 2272 3416; x_wconf 86' lang='grc' dir='ltr'>σθαι</span> <span class='ocrx_word' id='word_1_585' title='bbox 2305 3362 2454 3433; x_wconf 81' lang='grc' dir='ltr'>ήμᾶς</span> <span class='ocrx_word' id='word_1_586' title='bbox 2486 3362 2590 3415; x_wconf 72' lang='grc' dir='ltr'>ὑπὸ</span> <span class='ocrx_word' id='word_1_587' title='bbox 2639 3361 2735 3414; x_wconf 86' lang='grc' dir='ltr'><strong>τοῦ</strong></span> <span class='ocrx_word' id='word_1_588' title='bbox 2783 3362 3105 3432; x_wconf 84' lang='grc' dir='ltr'>Πνεῦματος</span> <span class='ocrx_word' id='word_1_589' title='bbox 3136 3365 3565 3433; x_wconf 81' lang='grc' dir='ltr'>ὲνδημήσαντος,</span> <span class='ocrx_word' id='word_1_590' title='bbox 3604 3363 3738 3418; x_wconf 63' lang='grc' dir='ltr'>τούς</span> 
     </span>
    </p>
   </div>
   <div class='ocr_carea' id='block_1_81' title="bbox 2142 3450 3737 3530">
    <p class='ocr_par' dir='ltr' id='par_1_81' title="bbox 2142 3450 3737 3530">
     <span class='ocr_line' id='line_1_81' title="bbox 2142 3450 3737 3530; baseline 0.003 -24"><span class='ocrx_word' id='word_1_591' title='bbox 2142 3472 2252 3507; x_wconf 84' lang='grc' dir='ltr'><strong>των</strong></span> <span class='ocrx_word' id='word_1_592' title='bbox 2290 3454 2349 3506; x_wconf 81' lang='grc' dir='ltr'>ἓν</span> <span class='ocrx_word' id='word_1_593' title='bbox 2379 3450 2517 3508; x_wconf 76' lang='grc' dir='ltr'>εἶναι</span> <span class='ocrx_word' id='word_1_594' title='bbox 2569 3455 2775 3525; x_wconf 75' lang='grc' dir='ltr'>νομίζω</span> <span class='ocrx_word' id='word_1_595' title='bbox 2820 3457 2915 3510; x_wconf 77' lang='grc' dir='ltr'><strong>καὶ</strong></span> <span class='ocrx_word' id='word_1_596' title='bbox 2939 3456 3108 3526; x_wconf 82' lang='grc' dir='ltr'>αὐτὴν</span> <span class='ocrx_word' id='word_1_597' title='bbox 3145 3454 3240 3509; x_wconf 87' lang='grc' dir='ltr'><strong>τοῦ</strong></span> <span class='ocrx_word' id='word_1_598' title='bbox 3290 3456 3608 3527; x_wconf 78' lang='grc' dir='ltr'>Πνεῦματος</span> <span class='ocrx_word' id='word_1_599' title='bbox 3633 3457 3737 3530; x_wconf 75' lang='grc' dir='ltr'>τὴν</span> 
     </span>
    </p>
   </div>
   <div class='ocr_carea' id='block_1_82' title="bbox 2145 3547 3736 3620">
    <p class='ocr_par' dir='ltr' id='par_1_82' title="bbox 2145 3547 3736 3620">
     <span class='ocr_line' id='line_1_82' title="bbox 2145 3547 3736 3620; baseline 0.003 -19"><span class='ocrx_word' id='word_1_600' title='bbox 2145 3547 2376 3618; x_wconf 85' lang='grc' dir='ltr'>θεότητα</span> <span class='ocrx_word' id='word_1_601' title='bbox 2431 3548 2802 3618; x_wconf 86' lang='grc' dir='ltr'>τρανουμένην</span> <span class='ocrx_word' id='word_1_602' title='bbox 2853 3550 2936 3613; x_wconf 84' lang='grc' dir='ltr'><strong>είς</strong></span> <span class='ocrx_word' id='word_1_603' title='bbox 2984 3549 3237 3619; x_wconf 78' lang='grc' dir='ltr'>ὕστερον,</span> <span class='ocrx_word' id='word_1_604' title='bbox 3297 3549 3373 3613; x_wconf 86' lang='grc' dir='ltr'>ὠς</span> <span class='ocrx_word' id='word_1_605' title='bbox 3428 3550 3736 3620; x_wconf 83' lang='grc' dir='ltr'>τηνικαῦτα</span> 
     </span>
    </p>
   </div>
   <div class='ocr_carea' id='block_1_83' title="bbox 2144 3639 3734 3711">
    <p class='ocr_par' dir='ltr' id='par_1_83' title="bbox 2144 3639 3734 3711">
     <span class='ocr_line' id='line_1_83' title="bbox 2144 3639 3734 3711; baseline 0.003 -20"><span class='ocrx_word' id='word_1_606' title='bbox 2144 3639 2382 3709; x_wconf 86' lang='grc' dir='ltr'>ὡρίμου,</span> <span class='ocrx_word' id='word_1_607' title='bbox 2402 3641 2500 3693; x_wconf 77' lang='grc' dir='ltr'><strong>καὶ</strong></span> <span class='ocrx_word' id='word_1_608' title='bbox 2529 3641 2784 3710; x_wconf 85' lang='grc' dir='ltr'>χωρητῆς</span> <span class='ocrx_word' id='word_1_609' title='bbox 2808 3641 2907 3711; x_wconf 71' lang='grc' dir='ltr'><strong>ἤδη</strong></span> <span class='ocrx_word' id='word_1_610' title='bbox 2929 3641 3304 3711; x_wconf 80' lang='grc' dir='ltr'>τυγχανούσης</span> <span class='ocrx_word' id='word_1_611' title='bbox 3326 3640 3428 3711; x_wconf 86' lang='grc' dir='ltr'>τῆς</span> <span class='ocrx_word' id='word_1_612' title='bbox 3451 3641 3734 3709; x_wconf 84' lang='grc' dir='ltr'>γνώσεως,</span> 
     </span>
    </p>
   </div>
   <div class='ocr_carea' id='block_1_84' title="bbox 2145 3735 3737 3805">
    <p class='ocr_par' dir='ltr' id='par_1_84' title="bbox 2145 3735 3737 3805">
     <span class='ocr_line' id='line_1_84' title="bbox 2145 3735 3737 3805; baseline 0.001 -16"><span class='ocrx_word' id='word_1_613' title='bbox 2145 3737 2285 3804; x_wconf 81' lang='grc' dir='ltr'>μετὰ</span> <span class='ocrx_word' id='word_1_614' title='bbox 2329 3735 2429 3805; x_wconf 80' lang='grc' dir='ltr'>τὴν</span> <span class='ocrx_word' id='word_1_615' title='bbox 2475 3735 2570 3788; x_wconf 84' lang='grc' dir='ltr'><strong>τοῦ</strong></span> <span class='ocrx_word' id='word_1_616' title='bbox 2607 3735 2860 3804; x_wconf 86' lang='grc' dir='ltr'>Σωτῆρος</span> <span class='ocrx_word' id='word_1_617' title='bbox 2901 3736 3350 3790; x_wconf 77' lang='grc' dir='ltr'>ἀποκατάστασιν</span> <span class='ocrx_word' id='word_1_618' title='bbox 3377 3735 3562 3790; x_wconf 80' lang='grc' dir='ltr'>οὐκέτι</span> <span class='ocrx_word' id='word_1_619' title='bbox 3605 3739 3737 3790; x_wconf 85' lang='grc' dir='ltr'>ἀπι-</span> 
     </span>
    </p>
   </div>
   <div class='ocr_carea' id='block_1_85' title="bbox 2145 3827 3734 3901">
    <p class='ocr_par' dir='ltr' id='par_1_85' title="bbox 2145 3827 3734 3901">
     <span class='ocr_line' id='line_1_85' title="bbox 2145 3827 3734 3901; baseline -0.001 -18"><span class='ocrx_word' id='word_1_620' title='bbox 2145 3828 2445 3897; x_wconf 80' lang='grc' dir='ltr'>στουμένου</span> <span class='ocrx_word' id='word_1_621' title='bbox 2472 3827 2550 3900; x_wconf 82' lang='grc' dir='ltr'><strong>τῷ</strong></span> <span class='ocrx_word' id='word_1_622' title='bbox 2579 3828 2821 3898; x_wconf 85' lang='grc' dir='ltr'>θαύματι</span> <span class='ocrx_word' id='word_1_623' title='bbox 2843 3843 2862 3862; x_wconf 77' lang='grc' dir='ltr'><strong>ο</strong></span> <span class='ocrx_word' id='word_1_624' title='bbox 2889 3829 2942 3882; x_wconf 92' lang='grc' dir='ltr'><strong>τί</strong></span> <span class='ocrx_word' id='word_1_625' title='bbox 2969 3830 3078 3899; x_wconf 84' lang='grc' dir='ltr'>γὰρ</span> <span class='ocrx_word' id='word_1_626' title='bbox 3106 3829 3173 3882; x_wconf 85' lang='grc' dir='ltr'>ἂν</span> <span class='ocrx_word' id='word_1_627' title='bbox 3219 3830 3409 3882; x_wconf 79' lang='grc' dir='ltr'>τούτου</span> <span class='ocrx_word' id='word_1_628' title='bbox 3443 3829 3652 3900; x_wconf 76' lang='grc' dir='ltr'>μεῖζον,</span> <span class='ocrx_word' id='word_1_629' title='bbox 3698 3831 3734 3901; x_wconf 81' lang='grc' dir='ltr'>ἢ</span> 
     </span>
    </p>
   </div>
   <div class='ocr_carea' id='block_1_86' title="bbox 2145 3919 3737 3992">
    <p class='ocr_par' dir='ltr' id='par_1_86' title="bbox 2145 3919 3737 3992">
     <span class='ocr_line' id='line_1_86' title="bbox 2145 3919 3737 3992; baseline 0.003 -20"><span class='ocrx_word' id='word_1_630' title='bbox 2145 3922 2351 3980; x_wconf 82' lang='grc' dir='ltr'>ἐκεῖνος</span> <span class='ocrx_word' id='word_1_631' title='bbox 2383 3919 2670 3988; x_wconf 83' lang='grc' dir='ltr'>ὑπέσχετο,</span> <span class='ocrx_word' id='word_1_632' title='bbox 2703 3919 2737 3989; x_wconf 81' lang='grc' dir='ltr'>ἢ</span> <span class='ocrx_word' id='word_1_633' title='bbox 2773 3922 2834 3972; x_wconf 87' lang='grc' dir='ltr'>τδ</span> <span class='ocrx_word' id='word_1_634' title='bbox 2871 3920 3094 3991; x_wconf 82' lang='grc' dir='ltr'>Πνεῦμα</span> <span class='ocrx_word' id='word_1_635' title='bbox 3141 3920 3412 3986; x_wconf 76' lang='grc' dir='ltr'>ὲδίδαξενς</span> <span class='ocrx_word' id='word_1_636' title='bbox 3466 3921 3627 3992; x_wconf 73' lang='grc' dir='ltr'>εἴπερ</span> <span class='ocrx_word' id='word_1_637' title='bbox 3681 3939 3737 3978; x_wconf 88' lang='grc' dir='ltr'><strong>τι</strong></span> 
     </span>
    </p>
   </div>
   <div class='ocr_carea' id='block_1_87' title="bbox 2147 4013 3738 4082">
    <p class='ocr_par' dir='ltr' id='par_1_87' title="bbox 2147 4013 3738 4082">
     <span class='ocr_line' id='line_1_87' title="bbox 2147 4013 3738 4082; baseline -0.001 -15"><span class='ocrx_word' id='word_1_638' title='bbox 2147 4013 2289 4082; x_wconf 85' lang='grc' dir='ltr'>μέγα</span> <span class='ocrx_word' id='word_1_639' title='bbox 2317 4013 2531 4067; x_wconf 87' lang='grc' dir='ltr'>οίεσθαι</span> <span class='ocrx_word' id='word_1_640' title='bbox 2566 4013 2674 4082; x_wconf 81' lang='grc' dir='ltr'><strong>χρὴ</strong></span> <span class='ocrx_word' id='word_1_641' title='bbox 2700 4013 2794 4064; x_wconf 74' lang='grc' dir='ltr'><strong>καὶ</strong></span> <span class='ocrx_word' id='word_1_642' title='bbox 2823 4013 2961 4065; x_wconf 88' lang='grc' dir='ltr'>Θεοῦ</span> <span class='ocrx_word' id='word_1_643' title='bbox 2997 4014 3478 4082; x_wconf 81' lang='grc' dir='ltr'>μεγαλοπρεπείας</span> <span class='ocrx_word' id='word_1_644' title='bbox 3507 4015 3656 4080; x_wconf 78' lang='grc' dir='ltr'>ἀξιον</span> <span class='ocrx_word' id='word_1_645' title='bbox 3675 4015 3738 4067; x_wconf 82' lang='grc' dir='ltr'>τὸ</span> 
     </span>
    </p>
   </div>
   <div class='ocr_carea' id='block_1_88' title="bbox 2144 4101 3739 4176">
    <p class='ocr_par' dir='ltr' id='par_1_88' title="bbox 2144 4101 3739 4176">
     <span class='ocr_line' id='line_1_88' title="bbox 2144 4101 3739 4176; baseline 0.003 -23"><span class='ocrx_word' id='word_1_646' title='bbox 2144 4103 2603 4172; x_wconf 82' lang='grc' dir='ltr'>ὑπισχνούμενον,</span> <span class='ocrx_word' id='word_1_647' title='bbox 2636 4103 2669 4173; x_wconf 76' lang='grc' dir='ltr'><strong>ἢ</strong></span> <span class='ocrx_word' id='word_1_648' title='bbox 2721 4101 2782 4155; x_wconf 84' lang='grc' dir='ltr'>τὸ</span> <span class='ocrx_word' id='word_1_649' title='bbox 2817 4101 3228 4174; x_wconf 82' lang='grc' dir='ltr'>διδασκόμενον.</span> <span class='ocrx_word' id='word_1_650' title='bbox 3275 4106 3422 4175; x_wconf 81' lang='grc' dir='ltr'>Ἐχω</span> <span class='ocrx_word' id='word_1_651' title='bbox 3457 4106 3556 4176; x_wconf 78' lang='grc' dir='ltr'>μὲν</span> <span class='ocrx_word' id='word_1_652' title='bbox 3589 4105 3739 4158; x_wconf 75' lang='grc' dir='ltr'>οὕτω</span> 
     </span>
    </p>
   </div>
   <div class='ocr_carea' id='block_1_89' title="bbox 2143 4194 3739 4267">
    <p class='ocr_par' dir='ltr' id='par_1_89' title="bbox 2143 4194 3739 4267">
     <span class='ocr_line' id='line_1_89' title="bbox 2143 4194 3739 4267; baseline 0.002 -20"><span class='ocrx_word' id='word_1_653' title='bbox 2143 4197 2274 4265; x_wconf 76' lang='grc' dir='ltr'>περὶ</span> <span class='ocrx_word' id='word_1_654' title='bbox 2312 4195 2543 4258; x_wconf 83' lang='grc' dir='ltr'>τούτων,</span> <span class='ocrx_word' id='word_1_655' title='bbox 2574 4194 2668 4248; x_wconf 70' lang='grc' dir='ltr'><strong>καὶ⁹</strong></span> <span class='ocrx_word' id='word_1_656' title='bbox 2714 4196 2958 4267; x_wconf 79' lang='grc' dir='ltr'>ἔχοιμεν,</span> <span class='ocrx_word' id='word_1_657' title='bbox 2991 4197 3086 4248; x_wconf 74' lang='grc' dir='ltr'><strong>καὶ</strong></span> <span class='ocrx_word' id='word_1_658' title='bbox 3117 4199 3264 4259; x_wconf 80' lang='grc' dir='ltr'>ὅστις</span> <span class='ocrx_word' id='word_1_659' title='bbox 3301 4198 3429 4266; x_wconf 81' lang='grc' dir='ltr'>ἐμοὶ</span> <span class='ocrx_word' id='word_1_660' title='bbox 3456 4198 3612 4266; x_wconf 83' lang='grc' dir='ltr'>φίλος</span> <span class='ocrx_word' id='word_1_661' title='bbox 3645 4199 3739 4250; x_wconf 77' lang='grc' dir='ltr'>σέ·-</span> 
     </span>
    </p>
   </div>
   <div class='ocr_carea' id='block_1_90' title="bbox 2143 4287 3738 4357">
    <p class='ocr_par' dir='ltr' id='par_1_90' title="bbox 2143 4287 3738 4357">
     <span class='ocr_line' id='line_1_90' title="bbox 2143 4287 3738 4357; baseline 0.002 -17"><span class='ocrx_word' id='word_1_662' title='bbox 2143 4287 2264 4340; x_wconf 84' lang='grc' dir='ltr'>6ειν</span> <span class='ocrx_word' id='word_1_663' title='bbox 2317 4287 2450 4340; x_wconf 82' lang='grc' dir='ltr'>Θεδν</span> <span class='ocrx_word' id='word_1_664' title='bbox 2505 4289 2597 4341; x_wconf 78' lang='grc' dir='ltr'>τὸν</span> <span class='ocrx_word' id='word_1_665' title='bbox 2661 4289 2901 4357; x_wconf 76' lang='grc' dir='ltr'>Πατέρα,</span> <span class='ocrx_word' id='word_1_666' title='bbox 2954 4289 3087 4342; x_wconf 86' lang='grc' dir='ltr'>Θεὸν</span> <span class='ocrx_word' id='word_1_667' title='bbox 3128 4290 3222 4341; x_wconf 77' lang='grc' dir='ltr'>τὸν</span> <span class='ocrx_word' id='word_1_668' title='bbox 3282 4290 3433 4352; x_wconf 78' lang='grc' dir='ltr'>Υἱδν,</span> <span class='ocrx_word' id='word_1_669' title='bbox 3486 4290 3620 4342; x_wconf 77' lang='grc' dir='ltr'>Θεὸν</span> <span class='ocrx_word' id='word_1_670' title='bbox 3673 4291 3738 4344; x_wconf 76' lang='grc' dir='ltr'><strong>τὸ</strong></span> 
     </span>
    </p>
   </div>
   <div class='ocr_carea' id='block_1_91' title="bbox 2146 4378 3734 4474">
    <p class='ocr_par' dir='ltr' id='par_1_91' title="bbox 2146 4378 3734 4474">
     <span class='ocr_line' id='line_1_91' title="bbox 2146 4378 3734 4474; baseline 0.003 -43"><span class='ocrx_word' id='word_1_671' title='bbox 2146 4378 2371 4474; x_wconf 77' lang='grc' dir='ltr'>Πνεῦμα</span> <span class='ocrx_word' id='word_1_672' title='bbox 2418 4381 2480 4434; x_wconf 83' lang='grc' dir='ltr'>τδ</span> <span class='ocrx_word' id='word_1_673' title='bbox 2515 4381 2695 4449; x_wconf 77' lang='grc' dir='ltr'>ἅγιον,</span> <span class='ocrx_word' id='word_1_674' title='bbox 2749 4383 2900 4452; x_wconf 86' lang='grc' dir='ltr'>τρεῖς</span> <span class='ocrx_word' id='word_1_675' title='bbox 2947 4381 3243 4451; x_wconf 72' lang='grc' dir='ltr'>ἰδιότητας,</span> <span class='ocrx_word' id='word_1_676' title='bbox 3279 4381 3524 4452; x_wconf 85' lang='grc' dir='ltr'>Θεότητα</span> <span class='ocrx_word' id='word_1_677' title='bbox 3575 4383 3734 4451; x_wconf 83' lang='grc' dir='ltr'>μίαν,</span> 
     </span>
    </p>
   </div>
   <div class='ocr_carea' id='block_1_92' title="bbox 439 4470 2034 4548">
    <p class='ocr_par' dir='ltr' id='par_1_92' title="bbox 439 4470 2034 4538">
     <span class='ocr_line' id='line_1_92' title="bbox 439 4470 2034 4538; baseline 0.003 -14"><span class='ocrx_word' id='word_1_678' title='bbox 439 4473 727 4524; x_wconf 86' lang='lat' dir='ltr'><strong>colendum</strong></span> <span class='ocrx_word' id='word_1_679' title='bbox 791 4470 959 4525; x_wconf 85' lang='lat' dir='ltr'><strong>Deum</strong></span> <span class='ocrx_word' id='word_1_680' title='bbox 1008 4470 1246 4537; x_wconf 88' lang='lat' dir='ltr'><strong>Patrem,</strong></span> <span class='ocrx_word' id='word_1_681' title='bbox 1309 4474 1476 4527; x_wconf 88' lang='lat' dir='ltr'><strong>Dettm</strong></span> <span class='ocrx_word' id='word_1_682' title='bbox 1558 4472 1754 4528; x_wconf 80' lang='lat' dir='ltr'><strong>Filium</strong></span> <span class='ocrx_word' id='word_1_683' title='bbox 1790 4514 1806 4538; x_wconf 92' lang='lat'><strong>,</strong></span> <span class='ocrx_word' id='word_1_684' title='bbox 1870 4475 2034 4529; x_wconf 89' lang='lat' dir='ltr'><strong>Deum</strong></span> 
     </span>
    </p>
   </div>
   <div class='ocr_carea' id='block_1_93' title="bbox 2136 4470 3738 4548">
    <p class='ocr_par' dir='ltr' id='par_1_93' title="bbox 2144 4470 3738 4548">
     <span class='ocr_line' id='line_1_93' title="bbox 2144 4470 3738 4548; baseline 0.001 -21"><span class='ocrx_word' id='word_1_685' title='bbox 2144 4474 2274 4546; x_wconf 79' lang='grc' dir='ltr'>δόξῃ</span> <span class='ocrx_word' id='word_1_686' title='bbox 2301 4470 2400 4528; x_wconf 67' lang='grc' dir='ltr'>παὶ</span> <span class='ocrx_word' id='word_1_687' title='bbox 2429 4477 2567 4546; x_wconf 81' lang='grc' dir='ltr'>τιμῇ</span> <span class='ocrx_word' id='word_1_688' title='bbox 2605 4478 2698 4528; x_wconf 79' lang='grc' dir='ltr'><strong>καὶ</strong></span> <span class='ocrx_word' id='word_1_689' title='bbox 2725 4476 2885 4545; x_wconf 80' lang='grc' dir='ltr'>οὐσίᾳ</span> <span class='ocrx_word' id='word_1_690' title='bbox 2915 4477 3008 4529; x_wconf 78' lang='grc' dir='ltr'><strong>καὶ</strong></span> <span class='ocrx_word' id='word_1_691' title='bbox 3037 4477 3292 4547; x_wconf 71' lang='grc' dir='ltr'>βασιλείᾳ</span> <span class='ocrx_word' id='word_1_692' title='bbox 3327 4477 3401 4547; x_wconf 82' lang='grc' dir='ltr'>μὴ</span> <span class='ocrx_word' id='word_1_693' title='bbox 3435 4477 3738 4548; x_wconf 80' lang='grc' dir='ltr'>μεριζομέ-</span> 
     </span>
    </p>
   </div>
   <div class='ocr_carea' id='block_1_94' title="bbox 444 4565 2045 4637">
    <p class='ocr_par' dir='ltr' id='par_1_94' title="bbox 444 4565 2045 4637">
     <span class='ocr_line' id='line_1_94' title="bbox 444 4565 2045 4637; baseline 0.004 -19"><span class='ocrx_word' id='word_1_694' title='bbox 444 4565 713 4632; x_wconf 86' lang='lat' dir='ltr'><strong>Spiritum</strong></span> <span class='ocrx_word' id='word_1_695' title='bbox 778 4574 1054 4631; x_wconf 89' lang='lat' dir='ltr'><strong>sanetum,</strong></span> <span class='ocrx_word' id='word_1_696' title='bbox 1097 4574 1208 4621; x_wconf 89' lang='lat' dir='ltr'><strong>tres</strong></span> <span class='ocrx_word' id='word_1_697' title='bbox 1262 4567 1641 4637; x_wconf 83' lang='lat' dir='ltr'><strong>proprietates,</strong></span> <span class='ocrx_word' id='word_1_698' title='bbox 1690 4571 1784 4624; x_wconf 88' lang='lat' dir='ltr'><strong>sed</strong></span> <span class='ocrx_word' id='word_1_699' title='bbox 1840 4569 2045 4624; x_wconf 65' lang='lat' dir='ltr'><strong>ngini-</strong></span> 
     </span>
    </p>
   </div>
   <div class='ocr_carea' id='block_1_95' title="bbox 441 4659 2043 4730">
    <p class='ocr_par' dir='ltr' id='par_1_95' title="bbox 441 4659 2043 4730">
     <span class='ocr_line' id='line_1_95' title="bbox 441 4659 2043 4730; baseline 0.002 -19"><span class='ocrx_word' id='word_1_700' title='bbox 441 4667 605 4712; x_wconf 86' lang='lat' dir='ltr'><strong>tatem</strong></span> <span class='ocrx_word' id='word_1_701' title='bbox 642 4673 826 4722; x_wconf 88' lang='lat' dir='ltr'><strong>unam,</strong></span> <span class='ocrx_word' id='word_1_702' title='bbox 877 4673 998 4727; x_wconf 77' lang='lat' dir='ltr'><strong>quae</strong></span> <span class='ocrx_word' id='word_1_703' title='bbox 1029 4673 1129 4713; x_wconf 89' lang='lat' dir='ltr'><strong>nec</strong></span> <span class='ocrx_word' id='word_1_704' title='bbox 1177 4659 1372 4730; x_wconf 88' lang='lat' dir='ltr'><strong>gloria,</strong></span> <span class='ocrx_word' id='word_1_705' title='bbox 1404 4675 1504 4716; x_wconf 89' lang='lat' dir='ltr'><strong>nec</strong></span> <span class='ocrx_word' id='word_1_706' title='bbox 1539 4659 1761 4722; x_wconf 83' lang='lat' dir='ltr'><strong>honore,</strong></span> <span class='ocrx_word' id='word_1_707' title='bbox 1803 4676 1903 4716; x_wconf 91' lang='lat' dir='ltr'><strong>nec</strong></span> <span class='ocrx_word' id='word_1_708' title='bbox 1953 4676 2043 4715; x_wconf 85' lang='lat' dir='ltr'><strong>es-</strong></span> 
     </span>
    </p>
   </div>
   <div class='ocr_carea' id='block_1_96' title="bbox 440 4750 2044 4822">
    <p class='ocr_par' dir='ltr' id='par_1_96' title="bbox 440 4750 2044 4822">
     <span class='ocr_line' id='line_1_96' title="bbox 440 4750 2044 4822; baseline 0.001 -18"><span class='ocrx_word' id='word_1_709' title='bbox 440 4750 640 4812; x_wconf 86' lang='lat' dir='ltr'><strong>sentia,</strong></span> <span class='ocrx_word' id='word_1_710' title='bbox 669 4765 768 4804; x_wconf 90' lang='lat' dir='ltr'><strong>nec</strong></span> <span class='ocrx_word' id='word_1_711' title='bbox 799 4766 963 4821; x_wconf 89' lang='lat' dir='ltr'><strong>regno</strong></span> <span class='ocrx_word' id='word_1_712' title='bbox 990 4751 1281 4816; x_wconf 89' lang='lat' dir='ltr'><strong>dividatur,</strong></span> <span class='ocrx_word' id='word_1_713' title='bbox 1337 4755 1513 4811; x_wconf 80' lang='lat' dir='ltr'><strong>utvir</strong></span> <span class='ocrx_word' id='word_1_714' title='bbox 1549 4753 1768 4822; x_wconf 89' lang='lat' dir='ltr'><strong>quidam</strong></span> <span class='ocrx_word' id='word_1_715' title='bbox 1826 4753 2044 4808; x_wconf 82' lang='lat' dir='ltr'><strong>divinus</strong></span> 
     </span>
    </p>
   </div>
   <div class='ocr_carea' id='block_1_97' title="bbox 440 4843 2044 4915">
    <p class='ocr_par' dir='ltr' id='par_1_97' title="bbox 440 4843 2044 4915">
     <span class='ocr_line' id='line_1_97' title="bbox 440 4843 2044 4915; baseline 0.002 -21"><span class='ocrx_word' id='word_1_716' title='bbox 440 4844 600 4912; x_wconf 89' lang='lat' dir='ltr'><strong>paulo</strong></span> <span class='ocrx_word' id='word_1_717' title='bbox 631 4851 755 4895; x_wconf 84' lang='lat' dir='ltr'><strong>ante</strong></span> <span class='ocrx_word' id='word_1_718' title='bbox 791 4844 1076 4899; x_wconf 87' lang='lat' dir='ltr'><strong>disseruit.</strong></span> <span class='ocrx_word' id='word_1_719' title='bbox 1107 4843 1208 4910; x_wconf 86' lang='lat' dir='ltr'><strong>Qui</strong></span> <span class='ocrx_word' id='word_1_720' title='bbox 1249 4847 1411 4899; x_wconf 89' lang='lat' dir='ltr'><strong>aliter</strong></span> <span class='ocrx_word' id='word_1_721' title='bbox 1455 4848 1643 4912; x_wconf 86' lang='lat' dir='ltr'><strong>sentit,</strong></span> <span class='ocrx_word' id='word_1_722' title='bbox 1681 4850 1841 4915; x_wconf 86' lang='lat' dir='ltr'><strong>quive</strong></span> <span class='ocrx_word' id='word_1_723' title='bbox 1908 4857 2044 4900; x_wconf 85' lang='lat' dir='ltr'><strong>tem-</strong></span> 
     </span>
    </p>
   </div>
   <div class='ocr_carea' id='block_1_98' title="bbox 439 4936 2042 5005">
    <p class='ocr_par' dir='ltr' id='par_1_98' title="bbox 439 4936 2042 5005">
     <span class='ocr_line' id='line_1_98' title="bbox 439 4936 2042 5005; baseline 0.002 -15"><span class='ocrx_word' id='word_1_724' title='bbox 439 4936 558 5005; x_wconf 88' lang='lat' dir='ltr'><strong>pori</strong></span> <span class='ocrx_word' id='word_1_725' title='bbox 600 4937 846 4991; x_wconf 88' lang='lat' dir='ltr'><strong>serviens</strong></span> <span class='ocrx_word' id='word_1_726' title='bbox 883 4939 1016 4990; x_wconf 85' lang='lat' dir='ltr'><strong>alias</strong></span> <span class='ocrx_word' id='word_1_727' title='bbox 1045 4939 1182 4990; x_wconf 90' lang='lat' dir='ltr'><strong>alius</strong></span> <span class='ocrx_word' id='word_1_728' title='bbox 1237 4938 1314 5002; x_wconf 83' lang='lat' dir='ltr'><strong>fit,</strong></span> <span class='ocrx_word' id='word_1_729' title='bbox 1349 4949 1402 4994; x_wconf 89' lang='lat' dir='ltr'><strong>et</strong></span> <span class='ocrx_word' id='word_1_730' title='bbox 1463 4941 1716 4995; x_wconf 77' lang='lat' dir='ltr'><strong>maximis</strong></span> <span class='ocrx_word' id='word_1_731' title='bbox 1761 4942 1829 4994; x_wconf 87' lang='lat' dir='ltr'><strong>de</strong></span> <span class='ocrx_word' id='word_1_732' title='bbox 1882 4943 2042 4994; x_wconf 84' lang='lat' dir='ltr'><strong>rebus</strong></span> 
     </span>
    </p>
   </div>
   <div class='ocr_carea' id='block_1_99' title="bbox 443 5024 2043 5096">
    <p class='ocr_par' dir='ltr' id='par_1_99' title="bbox 443 5024 2043 5096">
     <span class='ocr_line' id='line_1_99' title="bbox 443 5024 2043 5096; baseline 0.001 -17"><span class='ocrx_word' id='word_1_733' title='bbox 443 5028 631 5096; x_wconf 90' lang='lat' dir='ltr'><strong>putide</strong></span> <span class='ocrx_word' id='word_1_734' title='bbox 659 5027 918 5091; x_wconf 86' lang='lat' dir='ltr'><strong>consulit,</strong></span> <span class='ocrx_word' id='word_1_735' title='bbox 996 5024 1361 5083; x_wconf 79' lang='lat' dir='ltr'><strong>is&#39;luciferum</strong></span> <span class='ocrx_word' id='word_1_736' title='bbox 1413 5031 1752 5084; x_wconf 80' lang='lat' dir='ltr'><strong>exorientem</strong></span> <span class='ocrx_word' id='word_1_737' title='bbox 1811 5043 1911 5082; x_wconf 88' lang='lat' dir='ltr'><strong>nec</strong></span> <span class='ocrx_word' id='word_1_738' title='bbox 1962 5029 2043 5081; x_wconf 86' lang='lat' dir='ltr'><strong>vi-</strong></span> 
     </span>
    </p>
   </div>
   <div class='ocr_carea' id='block_1_100' title="bbox 442 5117 2044 5188">
    <p class='ocr_par' dir='ltr' id='par_1_100' title="bbox 442 5117 2044 5188">
     <span class='ocr_line' id='line_1_100' title="bbox 442 5117 2044 5188; baseline 0.001 -18"><span class='ocrx_word' id='word_1_739' title='bbox 442 5119 590 5182; x_wconf 88' lang='lat' dir='ltr'><strong>deat,</strong></span> <span class='ocrx_word' id='word_1_740' title='bbox 619 5129 676 5171; x_wconf 91' lang='lat' dir='ltr'><strong>ut</strong></span> <span class='ocrx_word' id='word_1_741' title='bbox 709 5119 786 5171; x_wconf 91' lang='lat' dir='ltr'><strong>ait</strong></span> <span class='ocrx_word' id='word_1_742' title='bbox 820 5117 1122 5185; x_wconf 87' lang='lat' dir='ltr'><strong>Scriptura,</strong></span> <span class='ocrx_word' id='word_1_743' title='bbox 1178 5135 1277 5174; x_wconf 89' lang='lat' dir='ltr'><strong>nec</strong></span> <span class='ocrx_word' id='word_1_744' title='bbox 1318 5121 1622 5188; x_wconf 88' lang='lat' dir='ltr'><strong>splendoris</strong></span> <span class='ocrx_word' id='word_1_745' title='bbox 1655 5120 1724 5174; x_wconf 88' lang='lat' dir='ltr'><strong>ab</strong></span> <span class='ocrx_word' id='word_1_746' title='bbox 1769 5120 1857 5174; x_wconf 86' lang='lat' dir='ltr'><strong>illo</strong></span> <span class='ocrx_word' id='word_1_747' title='bbox 1919 5134 2044 5186; x_wconf 87' lang='lat' dir='ltr'><strong>pro-</strong></span> 
     </span>
    </p>
   </div>
   <div class='ocr_carea' id='block_1_101' title="bbox 442 5212 2036 5284">
    <p class='ocr_par' dir='ltr' id='par_1_101' title="bbox 442 5212 2036 5284">
     <span class='ocr_line' id='line_1_101' title="bbox 442 5212 2036 5284; baseline 0.003 -21"><span class='ocrx_word' id='word_1_748' title='bbox 442 5213 711 5266; x_wconf 86' lang='lat' dir='ltr'><strong>venientis</strong></span> <span class='ocrx_word' id='word_1_749' title='bbox 734 5212 920 5268; x_wconf 89' lang='lat' dir='ltr'><strong>decus.</strong></span> <span class='ocrx_word' id='word_1_750' title='bbox 941 5212 1077 5268; x_wconf 86' lang='lat' dir='ltr'><strong>Nam</strong></span> <span class='ocrx_word' id='word_1_751' title='bbox 1101 5214 1147 5268; x_wconf 87' lang='lat' dir='ltr'><strong>si</strong></span> <span class='ocrx_word' id='word_1_752' title='bbox 1173 5215 1481 5269; x_wconf 87' lang='lat' dir='ltr'><strong>adorandus</strong></span> <span class='ocrx_word' id='word_1_753' title='bbox 1499 5231 1605 5270; x_wconf 90' lang='lat' dir='ltr'><strong>non</strong></span> <span class='ocrx_word' id='word_1_754' title='bbox 1629 5226 1735 5278; x_wconf 88' lang='lat' dir='ltr'><strong>est,</strong></span> <span class='ocrx_word' id='word_1_755' title='bbox 1762 5218 2036 5284; x_wconf 84' lang='lat' dir='ltr'><strong>quomodo</strong></span> 
     </span>
    </p>
   </div>
   <div class='ocr_carea' id='block_1_102' title="bbox 443 5306 2038 5373">
    <p class='ocr_par' dir='ltr' id='par_1_102' title="bbox 443 5306 2038 5373">
     <span class='ocr_line' id='line_1_102' title="bbox 443 5306 2038 5373; baseline 0.002 -15"><span class='ocrx_word' id='word_1_756' title='bbox 443 5321 537 5371; x_wconf 88' lang='lat' dir='ltr'><strong>per</strong></span> <span class='ocrx_word' id='word_1_757' title='bbox 567 5306 893 5373; x_wconf 87' lang='lat' dir='ltr'><strong>baptismum</strong></span> <span class='ocrx_word' id='word_1_758' title='bbox 927 5323 1012 5362; x_wconf 91' lang='lat' dir='ltr'><strong>me</strong></span> <span class='ocrx_word' id='word_1_759' title='bbox 1042 5307 1285 5361; x_wconf 90' lang='lat' dir='ltr'><strong>divinum</strong></span> <span class='ocrx_word' id='word_1_760' title='bbox 1343 5308 1518 5362; x_wconf 89' lang='lat' dir='ltr'><strong>reddit</strong></span> <span class='ocrx_word' id='word_1_761' title='bbox 1549 5309 1570 5360; x_wconf 89' lang='lat'><strong>?</strong></span> <span class='ocrx_word' id='word_1_762' title='bbox 1605 5307 1699 5362; x_wconf 86' lang='lat' dir='ltr'><strong>Sin</strong></span> <span class='ocrx_word' id='word_1_763' title='bbox 1732 5309 2038 5361; x_wconf 87' lang='lat' dir='ltr'><strong>adorandus</strong></span> 
     </span>
    </p>
   </div>
   <div class='ocr_carea' id='block_1_103' title="bbox 439 5399 2037 5467">
    <p class='ocr_par' dir='ltr' id='par_1_103' title="bbox 439 5399 2037 5467">
     <span class='ocr_line' id='line_1_103' title="bbox 439 5399 2037 5467; baseline 0.002 -16"><span class='ocrx_word' id='word_1_764' title='bbox 439 5408 545 5464; x_wconf 88' lang='lat' dir='ltr'><strong>est,</strong></span> <span class='ocrx_word' id='word_1_765' title='bbox 577 5413 679 5454; x_wconf 88' lang='lat' dir='ltr'><strong>cur</strong></span> <span class='ocrx_word' id='word_1_766' title='bbox 705 5414 814 5454; x_wconf 90' lang='lat' dir='ltr'><strong>non</strong></span> <span class='ocrx_word' id='word_1_767' title='bbox 861 5409 912 5452; x_wconf 90' lang='lat' dir='ltr'><strong>et</strong></span> <span class='ocrx_word' id='word_1_768' title='bbox 940 5399 1252 5456; x_wconf 86' lang='lat' dir='ltr'><strong>colendus?</strong></span> <span class='ocrx_word' id='word_1_769' title='bbox 1306 5400 1461 5467; x_wconf 85' lang='lat' dir='ltr'><strong>Quod</strong></span> <span class='ocrx_word' id='word_1_770' title='bbox 1495 5401 1540 5454; x_wconf 86' lang='lat' dir='ltr'><strong>si</strong></span> <span class='ocrx_word' id='word_1_771' title='bbox 1591 5401 1878 5459; x_wconf 83' lang='lat' dir='ltr'><strong>colendus,</strong></span> <span class='ocrx_word' id='word_1_772' title='bbox 1941 5416 2037 5454; x_wconf 87' lang='lat' dir='ltr'><strong>cur</strong></span> 
     </span>
    </p>
   </div>
   <div class='ocr_carea' id='block_1_104' title="bbox 442 5490 2036 5560">
    <p class='ocr_par' dir='ltr' id='par_1_104' title="bbox 442 5490 2036 5560">
     <span class='ocr_line' id='line_1_104' title="bbox 442 5490 2036 5560; baseline 0.001 -16"><span class='ocrx_word' id='word_1_773' title='bbox 442 5506 548 5545; x_wconf 87' lang='lat' dir='ltr'><strong>non</strong></span> <span class='ocrx_word' id='word_1_774' title='bbox 589 5501 644 5548; x_wconf 85' lang='lat' dir='ltr'><strong>et</strong></span> <span class='ocrx_word' id='word_1_775' title='bbox 677 5492 817 5547; x_wconf 87' lang='lat' dir='ltr'><strong>Deus</strong></span> <span class='ocrx_word' id='word_1_776' title='bbox 846 5493 869 5547; x_wconf 66' lang='grc' dir='ltr'><em>ἲ</em></span> <span class='ocrx_word' id='word_1_777' title='bbox 894 5490 1073 5548; x_wconf 87' lang='lat' dir='ltr'><strong>Unum</strong></span> <span class='ocrx_word' id='word_1_778' title='bbox 1095 5493 1240 5548; x_wconf 87' lang='lat' dir='ltr'><strong>enim</strong></span> <span class='ocrx_word' id='word_1_779' title='bbox 1269 5507 1336 5547; x_wconf 84' lang='lat' dir='ltr'><strong>ex</strong></span> <span class='ocrx_word' id='word_1_780' title='bbox 1369 5491 1476 5545; x_wconf 86' lang='lat' dir='ltr'><strong>alio</strong></span> <span class='ocrx_word' id='word_1_781' title='bbox 1507 5494 1724 5560; x_wconf 84' lang='lat' dir='ltr'><strong>pendet,</strong></span> <span class='ocrx_word' id='word_1_782' title='bbox 1776 5502 2036 5560; x_wconf 74' lang='lat' dir='ltr'><strong>tanqu-ant</strong></span> 
     </span>
    </p>
   </div>
   <div class='ocr_carea' id='block_1_105' title="bbox 442 5585 2033 5657">
    <p class='ocr_par' dir='ltr' id='par_1_105' title="bbox 442 5585 2033 5657">
     <span class='ocr_line' id='line_1_105' title="bbox 442 5585 2033 5657; baseline 0.004 -23"><span class='ocrx_word' id='word_1_783' title='bbox 442 5595 604 5639; x_wconf 77' lang='lat' dir='ltr'><strong>aurea</strong></span> <span class='ocrx_word' id='word_1_784' title='bbox 634 5586 885 5654; x_wconf 65' lang='lat' dir='ltr'><strong>quadam</strong></span> <span class='ocrx_word' id='word_1_785' title='bbox 913 5595 1105 5642; x_wconf 87' lang='lat' dir='ltr'><strong>catena</strong></span> <span class='ocrx_word' id='word_1_786' title='bbox 1159 5585 1531 5657; x_wconf 65' lang='lat' dir='ltr'><strong>etsalutaris;</strong></span> <span class='ocrx_word' id='word_1_787' title='bbox 1562 5601 1626 5641; x_wconf 89' lang='lat' dir='ltr'><strong>ac</strong></span> <span class='ocrx_word' id='word_1_788' title='bbox 1651 5603 1744 5656; x_wconf 90' lang='lat' dir='ltr'><strong>per</strong></span> <span class='ocrx_word' id='word_1_789' title='bbox 1771 5588 2033 5656; x_wconf 83' lang='lat' dir='ltr'><strong>Spiritum</strong></span> 
     </span>
    </p>
   </div>
   <div class='ocr_carea' id='block_1_106' title="bbox 554 5757 1060 5828">
    <p class='ocr_par' dir='ltr' id='par_1_106' title="bbox 554 5757 1060 5828">
     <span class='ocr_line' id='line_1_106' title="bbox 554 5757 1060 5828; baseline 0.014 -18"><span class='ocrx_word' id='word_1_790' title='bbox 554 5757 569 5785; x_wconf 84' lang='grc'>¹</span> <span class='ocrx_word' id='word_1_791' title='bbox 619 5759 786 5826; x_wconf 62' lang='lat' dir='ltr'><strong>.loan.</strong></span> <span class='ocrx_word' id='word_1_792' title='bbox 822 5777 931 5828; x_wconf 73' lang='lat' dir='ltr'><strong>xw,</strong></span> <span class='ocrx_word' id='word_1_793' title='bbox 973 5761 1060 5818; x_wconf 80' lang='grc'><strong>16.</strong></span> 
     </span>
    </p>
   </div>
   <div class='ocr_carea' id='block_1_107' title="bbox 2145 4567 3737 4641">
    <p class='ocr_par' dir='ltr' id='par_1_107' title="bbox 2145 4567 3737 4641">
     <span class='ocr_line' id='line_1_107' title="bbox 2145 4567 3737 4641; baseline 0 -19"><span class='ocrx_word' id='word_1_794' title='bbox 2145 4587 2267 4639; x_wconf 87' lang='grc' dir='ltr'>νην,</span> <span class='ocrx_word' id='word_1_795' title='bbox 2309 4567 2386 4631; x_wconf 83' lang='grc' dir='ltr'>ὥς</span> <span class='ocrx_word' id='word_1_796' title='bbox 2425 4585 2510 4631; x_wconf 88' lang='grc' dir='ltr'><strong>τις</strong></span> <span class='ocrx_word' id='word_1_797' title='bbox 2545 4570 2655 4624; x_wconf 83' lang='grc' dir='ltr'><strong>τῶν</strong></span> <span class='ocrx_word' id='word_1_798' title='bbox 2687 4570 2873 4641; x_wconf 84' lang='grc' dir='ltr'>μικρῷ</span> <span class='ocrx_word' id='word_1_799' title='bbox 2906 4570 3145 4641; x_wconf 86' lang='grc' dir='ltr'>πρόσθεν</span> <span class='ocrx_word' id='word_1_800' title='bbox 3175 4569 3454 4640; x_wconf 81' lang='grc' dir='ltr'>θεοφόρων</span> <span class='ocrx_word' id='word_1_801' title='bbox 3486 4570 3737 4638; x_wconf 71' lang='grc' dir='ltr'>ἐφιλοσό-</span> 
     </span>
    </p>
   </div>
   <div class='ocr_carea' id='block_1_108' title="bbox 2143 4661 3733 4733">
    <p class='ocr_par' dir='ltr' id='par_1_108' title="bbox 2143 4661 3733 4733">
     <span class='ocr_line' id='line_1_108' title="bbox 2143 4661 3733 4733; baseline 0.001 -20"><span class='ocrx_word' id='word_1_802' title='bbox 2143 4678 2341 4730; x_wconf 83' lang='grc' dir='ltr'>φησεν.</span> <span class='ocrx_word' id='word_1_803' title='bbox 2377 4663 2447 4712; x_wconf 84' lang='grc' dir='ltr'>Ἢ</span> <span class='ocrx_word' id='word_1_804' title='bbox 2489 4661 2565 4730; x_wconf 76' lang='grc' dir='ltr'>μὴ</span> <span class='ocrx_word' id='word_1_805' title='bbox 2606 4661 2704 4713; x_wconf 68' lang='grc' dir='ltr'>ἴδοι</span> <span class='ocrx_word' id='word_1_806' title='bbox 2747 4661 3060 4733; x_wconf 82' lang='grc' dir='ltr'>Ἑωσφόρον</span> <span class='ocrx_word' id='word_1_807' title='bbox 3102 4662 3486 4727; x_wconf 76' lang='grc' dir='ltr'>ἀνατέλλοντα,</span> <span class='ocrx_word' id='word_1_808' title='bbox 3521 4662 3593 4724; x_wconf 81' lang='grc' dir='ltr'>ὥς</span> <span class='ocrx_word' id='word_1_809' title='bbox 3623 4679 3733 4730; x_wconf 61' lang='grc' dir='ltr'>φης</span> 
     </span>
    </p>
   </div>
   <div class='ocr_carea' id='block_1_109' title="bbox 2146 4754 3730 4824">
    <p class='ocr_par' dir='ltr' id='par_1_109' title="bbox 2146 4754 3730 4824">
     <span class='ocr_line' id='line_1_109' title="bbox 2146 4754 3730 4824; baseline 0.001 -19"><span class='ocrx_word' id='word_1_810' title='bbox 2146 4771 2231 4807; x_wconf 86' lang='grc' dir='ltr'><strong>σιν</strong></span> <span class='ocrx_word' id='word_1_811' title='bbox 2266 4755 2298 4821; x_wconf 85' lang='grc' dir='ltr'><strong>ή</strong></span> <span class='ocrx_word' id='word_1_812' title='bbox 2325 4755 2536 4824; x_wconf 78' lang='grc' dir='ltr'>Γραφὴ,</span> <span class='ocrx_word' id='word_1_813' title='bbox 2583 4755 2716 4824; x_wconf 79' lang='grc' dir='ltr'>μηδὲ</span> <span class='ocrx_word' id='word_1_814' title='bbox 2752 4755 2909 4818; x_wconf 81' lang='grc' dir='ltr'>δόξαν</span> <span class='ocrx_word' id='word_1_815' title='bbox 2937 4755 3032 4822; x_wconf 81' lang='grc' dir='ltr'>τῆς</span> <span class='ocrx_word' id='word_1_816' title='bbox 3070 4757 3286 4808; x_wconf 80' lang='grc' dir='ltr'>ἐκεῖθεν</span> <span class='ocrx_word' id='word_1_817' title='bbox 3319 4754 3730 4824; x_wconf 69' lang='grc' dir='ltr'>λαμπρότητος,</span> 
     </span>
    </p>
   </div>
   <div class='ocr_carea' id='block_1_110' title="bbox 2144 4846 3731 4916">
    <p class='ocr_par' dir='ltr' id='par_1_110' title="bbox 2144 4846 3731 4916">
     <span class='ocr_line' id='line_1_110' title="bbox 2144 4846 3731 4916; baseline -0.001 -18"><span class='ocrx_word' id='word_1_818' title='bbox 2144 4848 2298 4908; x_wconf 81' lang='grc' dir='ltr'>ὅστις</span> <span class='ocrx_word' id='word_1_819' title='bbox 2351 4848 2424 4912; x_wconf 82' lang='grc' dir='ltr'>μὴ</span> <span class='ocrx_word' id='word_1_820' title='bbox 2479 4846 2655 4908; x_wconf 73' lang='grc' dir='ltr'>οὕτως</span> <span class='ocrx_word' id='word_1_821' title='bbox 2712 4847 2848 4916; x_wconf 75' lang='grc' dir='ltr'>ἔχει,</span> <span class='ocrx_word' id='word_1_822' title='bbox 2902 4847 2934 4916; x_wconf 80' lang='grc' dir='ltr'>ἢ</span> <span class='ocrx_word' id='word_1_823' title='bbox 2993 4847 3336 4916; x_wconf 77' lang='grc' dir='ltr'>συμφέρεται</span> <span class='ocrx_word' id='word_1_824' title='bbox 3367 4850 3479 4908; x_wconf 68' lang='grc' dir='ltr'>τοῖς</span> <span class='ocrx_word' id='word_1_825' title='bbox 3520 4849 3731 4914; x_wconf 78' lang='grc' dir='ltr'>καιροῖς</span> 
     </span>
    </p>
   </div>
   <div class='ocr_carea' id='block_1_111' title="bbox 2146 4935 3734 5009">
    <p class='ocr_par' dir='ltr' id='par_1_111' title="bbox 2146 4935 3734 5009">
     <span class='ocr_line' id='line_1_111' title="bbox 2146 4935 3734 5009; baseline -0.001 -19"><span class='ocrx_word' id='word_1_826' title='bbox 2146 4940 2336 4992; x_wconf 78' lang='grc' dir='ltr'>ἄλλοτε</span> <span class='ocrx_word' id='word_1_827' title='bbox 2363 4939 2522 5002; x_wconf 76' lang='grc' dir='ltr'>ἄλλος</span> <span class='ocrx_word' id='word_1_828' title='bbox 2555 4940 2860 5009; x_wconf 82' lang='grc' dir='ltr'>γινόμενος,</span> <span class='ocrx_word' id='word_1_829' title='bbox 2898 4941 2992 4994; x_wconf 71' lang='grc' dir='ltr'><strong>καὶ</strong></span> <span class='ocrx_word' id='word_1_830' title='bbox 3027 4941 3157 5007; x_wconf 82' lang='grc' dir='ltr'>περὶ</span> <span class='ocrx_word' id='word_1_831' title='bbox 3181 4942 3290 4992; x_wconf 85' lang='grc' dir='ltr'>τῶν</span> <span class='ocrx_word' id='word_1_832' title='bbox 3329 4935 3608 5008; x_wconf 74' lang='grc' dir='ltr'>μεγίστων</span> <span class='ocrx_word' id='word_1_833' title='bbox 3637 4955 3734 4988; x_wconf 90' lang='grc' dir='ltr'>σα-</span> 
     </span>
    </p>
   </div>
   <div class='ocr_carea' id='block_1_112' title="bbox 2143 5031 3736 5103">
    <p class='ocr_par' dir='ltr' id='par_1_112' title="bbox 2143 5031 3736 5103">
     <span class='ocr_line' id='line_1_112' title="bbox 2143 5031 3736 5103; baseline 0.001 -22"><span class='ocrx_word' id='word_1_834' title='bbox 2143 5031 2288 5096; x_wconf 84' lang='grc' dir='ltr'>θρῶς</span> <span class='ocrx_word' id='word_1_835' title='bbox 2338 5031 2750 5099; x_wconf 77' lang='grc' dir='ltr'>βουλευόμενος.</span> <span class='ocrx_word' id='word_1_836' title='bbox 2805 5033 2864 5085; x_wconf 80' lang='lat' dir='ltr'><strong>El</strong></span> <span class='ocrx_word' id='word_1_837' title='bbox 2916 5035 3016 5100; x_wconf 86' lang='grc' dir='ltr'>μὲν</span> <span class='ocrx_word' id='word_1_838' title='bbox 3058 5034 3166 5100; x_wconf 87' lang='grc' dir='ltr'>γὰρ</span> <span class='ocrx_word' id='word_1_839' title='bbox 3215 5033 3275 5083; x_wconf 81' lang='grc' dir='ltr'>οὐ</span> <span class='ocrx_word' id='word_1_840' title='bbox 3328 5031 3736 5103; x_wconf 82' lang='grc' dir='ltr'>προσκυνητὺν,</span> 
     </span>
    </p>
   </div>
   <div class='ocr_carea' id='block_1_113' title="bbox 2145 5122 3737 5193">
    <p class='ocr_par' dir='ltr' id='par_1_113' title="bbox 2145 5122 3737 5193">
     <span class='ocr_line' id='line_1_113' title="bbox 2145 5122 3737 5193; baseline 0.001 -21"><span class='ocrx_word' id='word_1_841' title='bbox 2145 5123 2264 5184; x_wconf 79' lang='grc' dir='ltr'>πῶς</span> <span class='ocrx_word' id='word_1_842' title='bbox 2321 5123 2421 5190; x_wconf 82' lang='grc' dir='ltr'>ἐμὲ</span> <span class='ocrx_word' id='word_1_843' title='bbox 2478 5125 2591 5176; x_wconf 78' lang='grc' dir='ltr'>θεοῖ</span> <span class='ocrx_word' id='word_1_844' title='bbox 2625 5125 2712 5177; x_wconf 84' lang='grc' dir='ltr'>διὰ</span> <span class='ocrx_word' id='word_1_845' title='bbox 2745 5124 2839 5177; x_wconf 85' lang='grc' dir='ltr'><strong>τοῦ</strong></span> <span class='ocrx_word' id='word_1_846' title='bbox 2896 5124 3308 5193; x_wconf 73' lang='grc' dir='ltr'>βαπτίσματοςς</span> <span class='ocrx_word' id='word_1_847' title='bbox 3349 5125 3397 5175; x_wconf 86' lang='grc' dir='ltr'><strong>εί</strong></span> <span class='ocrx_word' id='word_1_848' title='bbox 3455 5122 3511 5175; x_wconf 77' lang='grc' dir='ltr'><strong>δὲ</strong></span> <span class='ocrx_word' id='word_1_849' title='bbox 3563 5138 3737 5193; x_wconf 79' lang='grc' dir='ltr'>προσ-</span> 
     </span>
    </p>
   </div>
   <div class='ocr_carea' id='block_1_114' title="bbox 2145 5215 3733 5283">
    <p class='ocr_par' dir='ltr' id='par_1_114' title="bbox 2145 5215 3733 5283">
     <span class='ocr_line' id='line_1_114' title="bbox 2145 5215 3733 5283; baseline -0.002 -14"><span class='ocrx_word' id='word_1_850' title='bbox 2145 5217 2400 5283; x_wconf 74' lang='grc' dir='ltr'>κυνητὺν,</span> <span class='ocrx_word' id='word_1_851' title='bbox 2456 5218 2569 5278; x_wconf 80' lang='grc' dir='ltr'>πῶς</span> <span class='ocrx_word' id='word_1_852' title='bbox 2621 5218 2682 5269; x_wconf 86' lang='grc' dir='ltr'>οὑ</span> <span class='ocrx_word' id='word_1_853' title='bbox 2739 5219 2974 5281; x_wconf 76' lang='grc' dir='ltr'>σεπτόν;</span> <span class='ocrx_word' id='word_1_854' title='bbox 3025 5219 3070 5269; x_wconf 88' lang='grc' dir='ltr'><strong>εί</strong></span> <span class='ocrx_word' id='word_1_855' title='bbox 3128 5218 3184 5269; x_wconf 74' lang='grc' dir='ltr'>δὲ</span> <span class='ocrx_word' id='word_1_856' title='bbox 3224 5217 3445 5278; x_wconf 62' lang='grc' dir='ltr'>σεπτὸν,</span> <span class='ocrx_word' id='word_1_857' title='bbox 3501 5217 3619 5273; x_wconf 79' lang='grc' dir='ltr'>πῶς</span> <span class='ocrx_word' id='word_1_858' title='bbox 3668 5215 3733 5267; x_wconf 77' lang='grc' dir='ltr'>οὗ</span> 
     </span>
    </p>
   </div>
   <div class='ocr_carea' id='block_1_115' title="bbox 2139 5310 3732 5381">
    <p class='ocr_par' dir='ltr' id='par_1_115' title="bbox 2139 5310 3732 5381">
     <span class='ocr_line' id='line_1_115' title="bbox 2139 5310 3732 5381; baseline -0.001 -18"><span class='ocrx_word' id='word_1_859' title='bbox 2139 5311 2300 5374; x_wconf 82' lang='grc' dir='ltr'>Θεός;</span> <span class='ocrx_word' id='word_1_860' title='bbox 2329 5310 2426 5364; x_wconf 78' lang='grc' dir='ltr'>Ἓν</span> <span class='ocrx_word' id='word_1_861' title='bbox 2449 5311 2686 5381; x_wconf 71' lang='grc' dir='ltr'>ἤρτηται</span> <span class='ocrx_word' id='word_1_862' title='bbox 2714 5313 2806 5364; x_wconf 88' lang='grc' dir='ltr'><strong>τοῦ</strong></span> <span class='ocrx_word' id='word_1_863' title='bbox 2838 5311 3030 5380; x_wconf 80' lang='grc' dir='ltr'>ένὸς,ή</span> <span class='ocrx_word' id='word_1_864' title='bbox 3061 5313 3235 5381; x_wconf 87' lang='grc' dir='ltr'>χρυσῆ</span> <span class='ocrx_word' id='word_1_865' title='bbox 3257 5331 3342 5374; x_wconf 85' lang='grc' dir='ltr'><strong>τις</strong></span> <span class='ocrx_word' id='word_1_866' title='bbox 3360 5311 3527 5373; x_wconf 75' lang='grc' dir='ltr'>ὅντως</span> <span class='ocrx_word' id='word_1_867' title='bbox 3547 5311 3732 5378; x_wconf 71' lang='grc' dir='ltr'>σειρὰ,</span> 
     </span>
    </p>
   </div>
   <div class='ocr_carea' id='block_1_116' title="bbox 2137 5403 3726 5474">
    <p class='ocr_par' dir='ltr' id='par_1_116' title="bbox 2137 5403 3726 5474">
     <span class='ocr_line' id='line_1_116' title="bbox 2137 5403 3726 5474; baseline -0.001 -18"><span class='ocrx_word' id='word_1_868' title='bbox 2137 5403 2229 5456; x_wconf 75' lang='grc' dir='ltr'><strong>καὶ</strong></span> <span class='ocrx_word' id='word_1_869' title='bbox 2269 5406 2556 5472; x_wconf 73' lang='grc' dir='ltr'>σωτήριος.</span> <span class='ocrx_word' id='word_1_870' title='bbox 2598 5405 2704 5456; x_wconf 76' lang='grc' dir='ltr'><strong>Καὶ</strong></span> <span class='ocrx_word' id='word_1_871' title='bbox 2737 5405 2886 5471; x_wconf 82' lang='grc' dir='ltr'><strong>παρά</strong></span> <span class='ocrx_word' id='word_1_872' title='bbox 2923 5405 3021 5472; x_wconf 84' lang='grc' dir='ltr'>μὲν</span> <span class='ocrx_word' id='word_1_873' title='bbox 3047 5406 3140 5455; x_wconf 82' lang='grc' dir='ltr'><strong>του</strong></span> <span class='ocrx_word' id='word_1_874' title='bbox 3179 5405 3496 5470; x_wconf 75' lang='grc' dir='ltr'>Ιῖνεύματος</span> <span class='ocrx_word' id='word_1_875' title='bbox 3525 5403 3656 5471; x_wconf 76' lang='grc' dir='ltr'>ἡμῖν</span> 
     </span>
    </p>
   </div>
   <div class='ocr_carea' id='block_1_117' title="bbox 2139 5494 3728 5565">
    <p class='ocr_par' dir='ltr' id='par_1_117' title="bbox 2139 5494 3728 5565">
     <span class='ocr_line' id='line_1_117' title="bbox 2139 5494 3728 5565; baseline -0.002 -18"><span class='ocrx_word' id='word_1_876' title='bbox 2139 5496 2527 5563; x_wconf 78' lang='grc' dir='ltr'>ἀναγέννησις,</span> <span class='ocrx_word' id='word_1_877' title='bbox 2567 5497 2716 5564; x_wconf 73' lang='grc' dir='ltr'>παρὰ</span> <span class='ocrx_word' id='word_1_878' title='bbox 2745 5495 2801 5547; x_wconf 81' lang='grc' dir='ltr'><strong>δὲ</strong></span> <span class='ocrx_word' id='word_1_879' title='bbox 2839 5497 2938 5562; x_wconf 81' lang='grc' dir='ltr'>τῆς</span> <span class='ocrx_word' id='word_1_880' title='bbox 2969 5497 3388 5565; x_wconf 80' lang='grc' dir='ltr'>ἀναγεννήσεως</span> <span class='ocrx_word' id='word_1_881' title='bbox 3418 5498 3448 5564; x_wconf 87' lang='grc' dir='ltr'><strong>ὴ</strong></span> <span class='ocrx_word' id='word_1_882' title='bbox 3478 5494 3728 5547; x_wconf 82' lang='grc' dir='ltr'>ἀνάπλα-</span> 
     </span>
    </p>
   </div>
   <div class='ocr_carea' id='block_1_118' title="bbox 2140 5584 3730 5659">
    <p class='ocr_par' dir='ltr' id='par_1_118' title="bbox 2140 5584 3730 5659">
     <span class='ocr_line' id='line_1_118' title="bbox 2140 5584 3730 5659; baseline -0.002 -17"><span class='ocrx_word' id='word_1_883' title='bbox 2140 5607 2245 5652; x_wconf 82' lang='grc' dir='ltr'>σις,</span> <span class='ocrx_word' id='word_1_884' title='bbox 2290 5589 2440 5659; x_wconf 71' lang='grc' dir='ltr'>παρὰ</span> <span class='ocrx_word' id='word_1_885' title='bbox 2493 5588 2550 5641; x_wconf 77' lang='grc' dir='ltr'><strong>δὲ</strong></span> <span class='ocrx_word' id='word_1_886' title='bbox 2607 5587 2708 5654; x_wconf 83' lang='grc' dir='ltr'>τῆς</span> <span class='ocrx_word' id='word_1_887' title='bbox 2763 5587 3128 5650; x_wconf 77' lang='grc' dir='ltr'>ἁναπλάσεως</span> <span class='ocrx_word' id='word_1_888' title='bbox 3181 5590 3214 5658; x_wconf 87' lang='grc' dir='ltr'><strong>ή</strong></span> <span class='ocrx_word' id='word_1_889' title='bbox 3271 5587 3570 5655; x_wconf 79' lang='grc' dir='ltr'>ἐπίγνωσις</span> <span class='ocrx_word' id='word_1_890' title='bbox 3621 5584 3730 5656; x_wconf 79' lang='grc' dir='ltr'>τῆς</span> 
     </span>
    </p>
   </div>
  </div>
