4082 6384
308 294 413 360 841

1276 296 1649 359 PANOPLM
1691 297 2135 359 DOGMATICA
2194 326 2263 335 -
2299 302 2448 361 TI‘i‘.
2487 302 2621 361 XIi.

3484 313 3595 376 842

305 412 468 477 ἀξίας
500 408 594 463 τοῦ
627 409 1068 471 ἀναπλάσαντος,
1111 408 1300 463 Ταῦτα
1353 410 1453 478 μὲν
1495 404 1590 463 οῦν
1633 409 1781 463 εἴποι
1811 426 1892 472 τις

2002 414 2217 481 quidem
2269 415 2423 468 nobis
2457 426 2537 469 est
2589 420 2944 487 regeneratio,
3002 437 3102 491 per
3129 429 3591 495 regenerationem

306 506 377 560 ἂν
402 504 464 556 τὺ
498 505 747 573 ἄγραφον
791 503 1147 573 ὑποθέμενος.
1178 502 1319 572 Ἤδη
1355 502 1411 555 δὲ
1461 502 1581 573 ἡξει
1611 519 1694 554 σοι
1739 504 1834 556 καὶ
1864 504 1891 555 ὁ

302 597 415 650 τῶν
447 595 765 666 μαρτυριῶν
795 594 983 664 ἑσμὸς,
1014 595 1073 659 ἐξ
1102 588 1176 648 ὧν
1203 595 1285 648 ὅτι
1321 598 1415 649 καὶ
1458 595 1574 646 λίαν
1611 592 1892 661 ἔγγραφος

306 692 340 759 ή
379 689 475 741 τοῦ
531 689 855 759 Πνεύματος
902 687 1093 757 Θεότης
1148 687 1595 757 ἐπιδειχθήσεται
1653 690 1786 749 τοῖς·
1815 688 1890 755 μὴ

303 783 430 835 λίαν
461 784 695 846 σκαιοῖς,
748 780 873 850 μηδ’
901 779 1211 850 ἀλλοτρίοις
1240 778 1336 831 τοῦ
1385 779 1727 847 Πνεύματος.
1759 779 1891 830 Σκό-

306 896 398 930 πει
421 876 480 929 δὲ
512 874 685 937 οὕτως
706 892 717 904 ·
754 858 1012 928 Γεννᾶται
1044 873 1303 943 Χριστὸς,
1340 872 1634 942 προτρέχει
1660 888 1671 900 ·
1693 872 1890 940 βαπτί-

302 972 486 1037 ζεται,
547 972 853 1041 μαρτυρεῖ·
914 968 1283 1038 πειράζεται,
1330 967 1554 1034 ἀνάγει·
1627 966 1887 1035 δυνάμεις

304 1066 568 1125 ἐπιτελεῖ,
625 1064 1123 1133 συμπαρομαρτεί⁸
1184 1062 1507 1131 ἀνέρχεται,
1559 1058 1886 1127 διαδέχεται.

303 1156 371 1208 Τί
399 1155 507 1224 γὰρ
534 1155 595 1207 οὐ
628 1153 854 1211 δύναται
890 1152 1012 1208 τῶν
1051 1152 1326 1224 μεγάλων,
1376 1151 1471 1205 καὶ
1518 1150 1789 1214 rev-056;;
1824 1149 1887 1201 Τί

301 1239 450 1304 mi:
484 1247 981 1322 προσαγορεύεται,
1014 1246 1090 1300 ὢν
1135 1246 1296 1311 Θεός;
1347 1245 1490 1315 πλὴν
1530 1244 1884 1313 ἀγεννησίας,

302 1344 405 1398 καὶ
434 1343 535 1412 τῆς
564 1343 894 1410 γεννήσεως.
933 1340 1083 1392 Ἔδει
1114 1338 1221 1408 γὰρ
1261 1340 1361 1401 τὰς
1396 1337 1670 1407 ἰδιότητας
1705 1336 1886 1404 μεῖναι

304 1437 501 1507 Πατρὶ,
540 1436 636 1487 καὶ
668 1435 800 1504 Υίῴ,
843 1435 931 1487 ἴνα
979 1433 1054 1504 μὴ
1088 1432 1351 1502 σύγχυσις
1462 1430 1613 1499 παρὰ
1645 1430 1883 1496 θεύτῃτι,

300 1532 369 1597 τῇ
401 1528 497 1580 καὶ
524 1527 590 1579 τὰ
621 1526 758 1580 ἄλλα
789 1527 867 1588 εἰς
898 1527 1056 1589 τάξιν
1087 1525 1300 1595 ἀγούσῃ
1330 1526 1425 1576 καὶ
1458 1522 1785 1588 εὐκοσμίαν.

2004 513 2185 557 autem
2232 508 2567 575 reformatio,
2596 525 2691 576 per
2751 512 3189 570 reformationem
3235 536 3362 575 vero
3398 523 3592 593 ipsius,

2001 597 2091 663 qni
2134 596 2391 653 reformat
2428 604 2663 670 cognitio
2713 605 3010 674 dignitatis.
3069 607 3194 666 Haec
3229 614 3428 669 diceret
3495 618 3595 669 ali-

1999 689 2144 756 quis,
2178 691 2266 758 qui
2302 693 2433 745 nihil
2469 695 2535 748 de
2566 693 2803 764 Spiritus
2845 680 3127 755 divinitate
3174 706 3433 774 scriptum
3469 724 3595 763 esse

1998 783 2339 838 concederet.
2379 784 2570 841 Verum
2602 788 2713 858 jam
2745 791 2919 845 aderit
2984 796 3419 852 testimoniorum
3458 818 3591 854 exa-

1999 889 2121 929 men
2151 892 2213 929 ex
2243 878 2439 946 quibus
2470 878 2501 934 ii
2531 882 2619 948 qui
2653 896 2756 936 non
2787 887 3005 939 omnino
3036 889 3204 942 crassi
3235 901 3413 956 erunt,
3436 902 3486 945 et
3517 894 3586 946 ab

1997 962 2114 1032 ipso
2154 964 2359 1035 Spiritu
2418 969 2599 1033 alieni,
2653 973 2941 1028 admodum
3008 977 3275 1033 celebrem
3336 980 3579 1048 Spiritus

1997 1054 2336 1110 divinitatem
2367 1059 2415 1110 in
2446 1058 3099 1135 Scripturisrintelligmit.
3137 1069 3226 1123 Sic
3256 1085 3434 1126 autem
3470 1090 3539 1128 es:
3560 1090 3591 1128 ο

1997 1146 2069 1199 ita
2095 1150 2400 1203 considera.
2434 1151 2687 1208 Nascitur
2718 1155 2987 1225 Christus,
3018 1159 3106 1214 ille
3136 1165 3434 1229 praecurrit.
3485 1166 3590 1220 Ba-

1997 1242 2258 1308 ptizatur,
2290 1242 2377 1297 ille
2410 1248 2775 1301 testimonium
2813 1251 2991 1305 aﬂ‘ert.
3027 1251 3310 1322 Tcntatur,
3346 1258 3433 1314 ille
3493 1261 3592 1314 du-

1994 1334 2089 1385 cit.
2137 1332 2373 1391 Virtutes
2425 1349 2702 1407 operatur,
2755 1342 2842 1397 ille
2898 1356 3269 1404 contestatur.
3322 1351 3586 1407 Ascendit

1996 1426 2064 1478 ad
2097 1426 2333 1493 Patrem,
2386 1429 2475 1484 ille
2534 1434 2798 1488 succedit.
2846 1435 2985 1499 Quid
3035 1439 3178 1492 enim
3237 1455 3427 1497 corum
3465 1460 3585 1512 qua

1998 1534 2193 1587 magna
2244 1530 2392 1587 sunt,
2428 1539 2534 1577 non
2578 1527 2770 1594 possit,
2799 1542 2919 1580 cum
2978 1528 3050 1583 sit
3083 1531 3220 1585 Deus
3246 1532 3273 1585 ?
3320 1534 3426 1586 Aut
3460 1551 3581 1588 cum

300 1620 375 1675 sit
411 1620 578 1681 Deus,
610 1633 716 1685 quo
786 1632 891 1671 non
957 1616 1256 1681 appelletur
1316 1619 1553 1678 nomine,
1616 1622 1809 1680 pra-ter
1872 1609 1924 1663 id
1970 1612 2111 1676 quod
2170 1627 2271 1667 nec
2308 1615 2601 1687 ingenitus,
2635 1633 2737 1673 nec
2760 1622 2973 1688 genitus
3003 1622 3249 1677 dicitur?
3295 1622 3585 1694 Oportebat

299 1712 449 1765 enim
490 1723 550 1765 ut
590 1713 947 1780 proprietates
993 1709 1139 1763 Patri
1196 1709 1440 1780 Filioque
1468 1715 1873 1779 permanerent,
1916 1718 1982 1757 ne
2016 1710 2158 1773 apud
2190 1708 2563 1781 Divinitatem,
2596 1729 2718 1784 quae
2770 1717 2929 1772 rebus
2965 1718 3085 1775 aliis
3131 1720 3378 1776 ordinem
3421 1736 3585 1777 orna-

301 1816 533 1875 tumque
566 1806 780 1871 tribuit,
814 1815 962 1861 esset
984 1805 1256 1860 confusio.

759 1988 857 2042 Ἐκ
887 1988 995 2042 τοῦ
1027 1984 1218 2041 αὐτοῦ
1240 1988 1448 2055 λόγου.

387 2131 529 2201 Ἐγὼ
560 2130 661 2201 μὲν
701 2127 932 2199 φρίττω,
980 2127 1071 2179 τὸν
1120 2125 1349 2179 πλοῦτον
1378 2125 1581 2178 ἐννοῶν
1613 2125 1721 2178 τῶν
1758 2124 1891 2193 κλή-

305 2243 475 2289 σεων,
500 2224 597 2278 καὶ
626 2222 748 2276 καθ’
773 2222 915 2274 ὅσων
942 2219 1227 2289 ὀνομάτων
1253 2218 1711 2289 ἀναισχυντοῦσιν
1734 2218 1784 2270 οἱ
1811 2216 1890 2287 τῷ

302 2319 586 2387 Πνεύματι
654 2314 1093 2375 ἀντιπίπτοντες.
1133 2328 1151 2363 ι
1186 2310 1413 2381 Πνεῦμα
1455 2310 1593 2363 Θεοῦ
1647 2309 1887 2379 λέγεται,

300 2411 534 2478 Πνεῦμα
582 2407 841 2477 Χριστοῦ,
879 2402 1004 2467 νοῦς
1045 2402 1288 2475 Χριστοῦ
1320 2444 1336 2470 ,
1384 2403 1613 2469 Πνεῦμα
1658 2403 1886 2472 Κυρίου,

300 2501 672 2573 αὐτοκύριος,
744 2496 970 2568 Πνεῦμα
1029 2496 1324 2560 υἱοθεσίας,
1388 2495 1672 2566 ἀληθείας,
1730 2495 1888 2548 ἐλευ-

302 2598 516 2668 θερίας,
552 2593 781 2663 Πνεῦμα
816 2591 1031 2661 σοφίας,
1088 2590 1382 2654 συνέσεως,
1417 2588 1639 2658 βουλῆς,
1677 2586 1884 2657 ἰσχύος,

304 2688 587 2758 γνώσεως,
610 2685 915 2749 εὐσεϐείας,
951 2684 1120 2753 φόϐου
1153 2683 1317 2748 Θεοῦ,
1359 2702 1378 2734 ι
1416 2682 1525 2735 Καὶ
1570 2682 1681 2752 γὰρ
1731 2699 1891 2750 ποιη-

303 2781 459 2835 τικὸν
500 2777 710 2834 τούτων
757 2777 1040 2840 ἁπάντων,
1079 2775 1260 2829 πάντα
1308 2776 1377 2844 τῇ
1409 2772 1570 2843 οὐσίᾳ
1619 2770 1885 2841 πληροῦν,

303 2875 489 2928 πάντα
570 2870 841 2939 συνέχον,
909 2868 1261 2939 πληρωτικον
1318 2867 1525 2935 κόσμου
1588 2866 1731 2919 κατά
1792 2865 1893 2935 τὴν

306 2967 525 3029 οὐσίαν,
558 2963 846 3034 ἀχὼρητον
885 2961 1077 3032 κόσμῳ
1106 2959 1248 3012 κατά
1290 2960 1388 3029 τὴν
1435 2957 1699 3027 δύναμινο
1754 2958 1893 3024 ἀγα-

2497 1986 2541 2040 E
2554 2003 2589 2040 σε
2614 1990 2794 2042 eadem
2827 1991 3088 2045 oratione.

2062 2126 2172 2196 Ego
2207 2128 2424 2197 quidem
2485 2130 2807 2197 obtupesco,
2843 2128 2970 2182 dum
3032 2131 3451 2200 appellationum
3507 2136 3590 2191 di-

1989 2217 2152 2272 vitias
2182 2219 2487 2285 considero,
2521 2228 2575 2273 ct
2608 2219 2807 2288 quibus
2831 2220 3139 2277 nominibus
3164 2226 3586 2291 confundantur,

1987 2308 2078 2377 qui
2117 2309 2337 2376 Spiritui
2362 2310 2739 2364 adversantur.
2772 2309 3008 2377 Spiritus
3033 2311 3128 2365 Dei
3157 2316 3227 2367 dit
3248 2316 3374 2380 itur,
3413 2315 3591 2387 Spiri~

1996 2411 2080 2453 tus
2123 2399 2343 2464 Christi,
2374 2398 2606 2469 Spiritus
2637 2399 2869 2465 Domini,
2900 2402 3006 2466 ipse
3048 2401 3323 2470 Dominus,
3353 2407 3589 2472 Spiritus

1996 2494 2316 2561 adoptionis,
2359 2495 2615 2562 veritatis,
2660 2494 2936 2555 libertatis,
2989 2496 3223 2565 Spiritus
3288 2502 3585 2568 sapientiw.

1998 2588 2316 2654 intellettus,
2360 2588 2623 2650 consilii;
2640 2589 2991 2655 fortitudinis,
3038 2592 3294 2653 scientiw,
3350 2594 3587 2661 pietatis,

1995 2682 2199 2734 timoris
2238 2682 2469 2736 Domini.
2504 2680 2715 2735 Etenim
2745 2682 2936 2736 horum
2964 2690 3047 2737 est
3089 2687 3331 2740 omnium
3377 2701 3588 2743 auCtor.

1999 2774 2100 2840 Qui
2158 2776 2341 2829 omnia
2401 2775 2637 2842 complet
2675 2776 2914 2829 essentia
2953 2791 3073 2843 sua,
3114 2779 3294 2832 omnia
3323 2782 3586 2840 continet.

2002 2868 2158 2937 cujus
2191 2866 2429 2923 essentia
2460 2867 2629 2937 replet
2661 2870 2846 2923 orbem
2876 2876 3166 2936 terrarum,
3195 2871 3354 2941 cujus
3399 2882 3587 2940 poten-

2003 2960 2130 3015 tiam
2182 2961 2409 3015 mundus
2457 2976 2561 3015 non
2619 2960 2784 3029 capit,
2843 2961 2936 3031 qui
2993 2962 3166 3018 bonus
3227 2974 3332 3030 est,
3376 2975 3585 3024 rectus.

306 3059 428 3125 Οδν,
470 3057 650 3120 εὐθὲς,
702 3053 1054 3123 ἡγεμονικὸν,
1098 3052 1285 3120 φύσει,
1334 3050 1395 3103 οὐ
1428 3050 1607 3103 θέσει·
1644 3047 1892 3117 ἁγιάζον,

2001 3055 2252 3123 princeps
2268 3062 2599 3121 natura,non
2623 3053 2815 3123 gratia,
2845 3056 3175 3121 sanctificat,
3198 3072 3302 3111 non
3337 3060 3588 3114 sanctiti-

303 3154 408 3222 οὐχ
440 3149 835 3218 ἀγιαζόμενον·
893 3144 1151 3216 μετροῦν,
1197 3143 1259 3195 οὐ
1311 3141 1716 3213 μετρούμενονο
1764 3158 1895 3211 μετ-

305 3247 592 3316 αχόμενον,
625 3243 686 3295 οὐ
733 3241 996 3311 μετέχονο
1058 3237 1327 3309 πληροῦν,
1380 3238 1441 3290 οὐ
1471 3235 1894 3307 πληρούμενονο

309 3337 558 3404 συνέχον,
609 3336 669 3386 οὐ
723 3333 1121 3401 συνεχόμενονο
1174 3328 1709 3398 κληρονομούμενον,
1746 3326 1899 3391 δοξα-

307 3429 565 3497 ζόμενον,
590 3424 819 3494 συναριο
828 3421 930 3491 μού
940 3438 1126 3490 μενον,
1153 3419 1457 3473 ἐπαπειλού
1467 3436 1631 3487 μενον
1652 3434 1665 3446 ·
1698 3418 1898 3471 δάκτυ-

308 3524 399 3583 λος
430 3519 608 3573 Θεοῦο
669 3517 807 3586 πῦρ,
857 3518 932 3579 ὠς
967 3515 1124 3579 Θεὸς,
1184 3517 1263 3577 είς
1312 3513 1551 3582 ἔμφασιν
1603 3509 1758 3581 οἶμαι
1801 3510 1894 3562 τοῦ

306 3611 606 3682 ὀμοουσίου
632 3625 646 3639 ⁸
685 3608 911 3673 Πνεῦμα
945 3607 1004 3660 τὸ
1055 3606 1313 3676 ποιῆσαν,
1349 3604 1410 3657 τὸ
1466 3604 1755 3667 ἀνακτίζον
1809 3603 1897 3656 διὰ

306 3707 405 3757 τοῦ
448 3701 850 3771 βαπτίσματος,
874 3698 941 3751 δι’
971 3698 1326 3758 ἀναστάσεως
1351 3711 1365 3725 ·
1389 3694 1614 3762 Πνεῦμα
1637 3694 1697 3746 τὸ
1727 3693 1895 3760 γινὼ-

310 3813 445 3850 σκον
478 3795 718 3857 ἅπαντα,
753 3790 813 3844 τὸ
845 3790 1122 3854 διδάσκον,
1150 3790 1210 3843 τὸ
1237 3789 1397 3842 πνέον
1425 3790 1557 3841 ὅπου
1599 3787 1745 3839 θέλει
1801 3788 1897 3838 καὶ

307 3891 465 3942 ὅσον·
501 3887 755 3957 δδηγοῦν,
777 3881 995 3947 λαλοῦν,
1031 3884 1386 3947 ἀποστέλλον,
1430 3882 1717 3951 ἀφορίζον,
1754 3896 1896 3948 παρ-

306 3980 657 4050 οξυνόμενον,
721 3976 1158 4047 πειραζόμενον,
1222 3974 1696 4038 ἀποκαλυπτικὸν,
1730 3989 1896 4039 φωτι-

310 4078 523 4137 στικδν,
585 4072 835 4136 ζωτικὸν,
892 4071 1096 4139 μᾶλλον
1152 4067 1211 4120 δὲ
1270 4068 1523 4135 αὐτοφῶς
1598 4067 1690 4117 καὶ
1744 4064 1890 4133 ζωή·

307 4163 630 4223 ναοποιοῦν,
663 4160 974 4226 ϐεοποιοῦν,
1014 4159 1282 4225 τελειοῦν,
1332 4158 1475 4211 ὥστε
1507 4159 1603 4210 καὶ
1648 4156 1894 4225 προλαμ-

306 4261 496 4313 6άνειν
526 4258 586 4310 τὸ
619 4256 930 4324 βάπτισμα,
965 4253 1060 4306 καὶ
1090 4252 1477 4321 ὲπιζητεῖσθαι
1521 4251 1664 4320 μετά
1699 4250 1760 4302 τὸ
1790 4248 1890 4317 βά-

306 4366 559 4421 πτισμα·
593 4349 850 4419 ἐνεργοῦν
888 4349 990 4400 ὅσα
1022 4347 1154 4408 Θεὸς
1174 4362 1188 4375 ο
1225 4345 1592 4415 μεριζόμενον
1620 4346 1680 4397 ἐν
1712 4344 1888 4412 γλώσ-

2001 3154 2180 3213 catur,
2219 3148 2461 3209 metitur,
2486 3151 2580 3215 sed
2611 3164 2731 3203 eum
2756 3150 2900 3205 nulla
2965 3153 3378 3222 comprehendit
3433 3169 3586 3208 men-

2004 3253 2154 3303 sura,
2209 3253 2268 3292 se
2332 3238 2454 3293 aliis
2506 3240 2891 3305 coimnunicat,
2942 3242 3037 3296 sed
3102 3242 3236 3296 nihil
3288 3257 3318 3295 a
3374 3257 3589 3312 quoque

1999 3331 2218 3398 accipit,
2251 3331 2456 3400 implet,
2484 3348 2588 3385 non
2615 3331 2887 3401 impletur,
2912 3334 3172 3398 continet,
3196 3350 3301 3388 non
3337 3336 3585 3389 contine-

2000 3429 2128 3485 tur;
2162 3422 2478 3477 haereditate
2535 3424 2849 3492 percipitur,
2882 3424 3234 3493 glorificatur,
3293 3442 3588 3481 commme-

2002 3525 2172 3576 ratur,
2202 3519 2589 3580 comminatur,
2621 3526 2701 3569 est
2736 3518 2932 3584 digitus
2966 3519 3079 3581 Dei,
3133 3520 3290 3585 ignis,
3319 3522 3581 3587 quemad-

1999 3609 2213 3659 modum
2272 3617 2325 3660 et
2394 3608 2552 3671 Deus,
2602 3623 2709 3675 quo
2761 3609 3169 3676 signiﬁcantius,
3211 3621 3268 3662 ut
3328 3612 3585 3673 arbitror,

1997 3698 2234 3765 ejusdem
2264 3701 2515 3754 essentia:
2540 3701 2886 3756 declaretur:
2917 3703 3150 3772 Spiritus
3183 3704 3274 3771 qui
3308 3704 3457 3769 facit,
3493 3706 3585 3771 qui

1997 3807 2091 3857 per
2123 3791 2447 3859 baptismum
2481 3801 2708 3855 recreat,
2756 3809 2853 3860 per
2915 3800 3368 3848 resurrectionem
3405 3812 3419 3847 :
3458 3794 3584 3856 Spi-

1999 3884 2134 3935 ritus
2160 3883 2250 3951 qui
2296 3884 2443 3937 novit
2499 3884 2704 3945 omnia,
2746 3886 2839 3952 qui
2884 3887 3060 3950 docet,
3107 3887 3200 3954 qui
3257 3888 3428 3951 spirat
3497 3889 3584 3940 ubi

1996 3986 2050 4029 et
2079 3986 2338 4043 quantum
2372 3977 2508 4032 vult.
2539 3977 2640 4043 Qui
2677 3978 2881 4045 dirigit,
2910 3978 3002 4046 qui
3037 3978 3299 4047 loquitur,
3331 3977 3421 4048 qui
3456 3980 3585 4032 mit-

1999 4068 2081 4132 tit,
2114 4068 2202 4135 qui
2227 4077 2492 4138 segregat,
2530 4071 2622 4137 qui
2642 4070 2908 4135 lrritatur,
2940 4071 3030 4140 qui
3059 4078 3321 4131 tentatur,
3351 4072 3442 4138 qui
3498 4088 3585 4124 re—

1998 4161 2161 4225 velat,
2194 4161 2284 4227 qui
2317 4162 2609 4224 illuminat,
2654 4162 2747 4227 qui
2783 4163 3049 4227 vivificat,
3083 4164 3193 4219 imo
3222 4182 3314 4236 qui
3348 4167 3462 4236 ipse
3497 4166 3583 4218 lux

1997 4262 2080 4306 cst
2113 4262 2163 4305 et
2192 4253 2320 4307 vita.
2357 4254 2454 4320 Qui
2488 4254 2734 4309 homines
2762 4256 2852 4309 Dei
2882 4257 3149 4311 domicilia
3176 4258 3324 4323 l'acit,
3350 4260 3590 4312 divinos-

2004 4358 2108 4411 que
2143 4344 2339 4407 reddit,
2373 4346 2463 4413 qui
2503 4347 2704 4409 iniliat,
2742 4358 2799 4399 ut.
2837 4358 2889 4399 ει
2942 4348 3272 4418 baptismum
3306 4367 3587 4414 prmoccu.

307 4464 435 4509 σαις
462 4443 739 4514 πυρίναις,
773 4440 1017 4511 διαιροῦν
1057 4439 1397 4509 χαρίσματα,
1434 4437 1625 4489 ποιοῦν
1652 4437 1891 4490 ἀποστό-

2003 4449 2112 4504 pet,
2162 4449 2213 4491 et
2246 4449 2366 4505 post
2397 4440 2721 4508 baptismum
2743 4443 3071 4510 requiratur.
3098 4444 3198 4508 Qui
3249 4444 3374 4497 facit
3404 4446 3586 4497 omnia

304 4542 457 4604 λους,
493 4536 800 4606 προφήτας,
840 4531 1259 4599 εὐαγγελιστάς,
1295 4530 1563 4599 ποιμένας
1603 4530 1699 4582 καὶ
1746 4530 1891 4581 διδα-

309 4632 582 4692 σκάλους·
614 4626 821 4696 νοερὸν,
875 4623 1205 4693 πολυμερὲς,
1246 4624 1440 4692 σαφὲς,
1476 4622 1696 4692 τρανὸν,
1744 4622 1889 4675 ἀχώ.

305 4729 491 4789 λυτον,
544 4720 870 4790 ἀμόλυντον,
918 4719 1057 4786 ὅπερ
1108 4717 1223 4769 ἴσον
1273 4717 1500 4770 δύναται
1550 4715 1891 4783 σοφώτατον,

308 4822 405 4873 καὶ
435 4816 776 4883 πολύτροπον
819 4812 940 4871 ταῖς
984 4811 1309 4879 ἐνεργείαις,
1361 4813 1455 4863 καὶ
1502 4810 1895 4879 σαφηνιστικὸν

310 4912 553 4972 πάντων,
585 4910 679 4961 καὶ
704 4910 1065 4976 τρανωτικον,
1092 4904 1187 4960 καὶ
1210 4901 1584 4968 αὐτεξούσιον,
1614 4903 1709 4954 καὶ
1736 4901 1900 4954 ἀνα).-

309 5004 565 5065 λοίωτον,
612 5000 1042 5070 παντοδύναμον,
1084 4996 1528 5052 παντεπίσκοπον
1564 5034 1579 5057 ,
1627 4995 1713 5047 διά
1756 4996 1897 5047 πάν-

311 5112 421 5147 των
445 5091 657 5163 χωροῦν
688 5090 1032 5159 πνευμάτων,
1064 5107 1289 5161 νοερων,
1318 5088 1599 5157 καθαρῶν,
1637 5088 1901 5140 λεπτοτά-

312 5204 444 5249 των,
470 5182 780 5253 ἀγγελικῶν
804 5179 957 5253 οἷμαι
983 5182 1479 5255 δυνάμεων,ῶσπερ
1507 5182 1599 5234 καὶ
1629 5198 1899 5250 προφητι-

314 5283 448 5344 κῶν,
481 5282 577 5333 καὶ
605 5278 998 5344 ἀποστολικῶν,
1035 5281 1175 5332 κατὰ
1210 5279 1428 5339 ταυτὸν,
1456 5278 1548 5329 καὶ
1577 5276 1677 5328 οὐκ
1703 5277 1760 5327 ἐν
1784 5277 1898 5337 τοῖς

313 5375 498 5435 αὐτοῖς
542 5372 747 5432 τόποις.
788 5371 998 5423 ’Δλλων
1025 5372 1082 5422 δὲ
1130 5370 1364 5438 ἀλλαχοῦ
1396 5367 1800 5437 νενεμημένων,
1853 5360 1897 5434 ᾦ

314 5466 571 5532 δηλοῦται
605 5463 667 5515 τὸ
716 5463 1152 5533 ἀπερίγραπτον,
1185 5465 1236 5515 οἱ
1295 5461 1468 5516 ταῦτα
1502 5462 1775 5529 λέγοντες,
1806 5460 1899 5511 καὶ

312 5560 676 5623 διδάσκοντες,
729 5558 826 5610 καὶ
867 5556 1005 5627 πρός
1049 5573 1113 5624 γε
1166 5556 1323 5610 ἄλλον
1371 5556 1748 5626 Παράκὶητον,
1787 5547 1898 5605 οἷον

650 5667 923 5727 Pnaoc.
970 5666 1085 5725 GR.
1134 5664 1234 5725 CX
1251 5662 1385 5723 XX.

2000 4544 2120 4597 qua:
2158 4532 2320 4583 Deus.
2356 4528 2456 4594 Qui
2509 4531 2557 4583 in
2588 4530 2786 4599 linguis
2873 4532 3043 4601 igneis
3095 4534 3433 4601 dispertitur.
3483 4536 3584 4601 Qui

2002 4636 2225 4673 munera
2255 4621 2565 4688 dilargitur,
2598 4620 2725 4675 facit
2750 4623 3047 4688 apostolos,
3080 4625 3391 4690 prephetas,
3416 4640 3586 4675 evan-

2004 4712 2246 4779 gelistas,
2290 4722 2535 4779 pastores
2601 4722 2655 4765 et
2694 4713 2968 4767 doctores.
3004 4712 3378 4779 lutclligibilis,
3441 4714 3587 4764 mul-

2011 4804 2194 4871 tiplex,
2226 4805 2467 4872 sapiens,
2502 4803 2839 4867 manifestus,
2888 4806 2980 4871 qui
3011 4804 3157 4856 nullo
3197 4815 3378 4872 potest
3418 4807 3588 4875 impe-

2010 4896 2251 4948 dimento
2281 4895 2576 4961 prohiberi,
2640 4894 2786 4948 nullo
2833 4894 3242 4963 inquinamento
3304 4898 3583 4951 nmculari.

2011 4986 2164 5050 Quod
2234 4988 2457 5054 perinde
2501 4997 2608 5046 est,
2640 5001 2702 5039 ac
2733 4987 2776 5039 si
2802 4988 2973 5048 dicas,
3033 4987 3488 5052 sapientissimus,
3535 5002 3591 5042 et

2010 5060 2317 5128 actionibus
2358 5075 2565 5137 varius,
2599 5075 2776 5127 omnia
2809 5074 3087 5129 illustratus
3134 5088 3188 5127 et
3231 5077 3582 5142 patefaciens,

2012 5166 2095 5220 sui
2122 5166 2282 5233 juris,
2320 5165 2701 5229 immutabilis,
2733 5167 3096 5233 omnipotens,
3140 5179 3335 5222 cuncta
3382 5169 3585 5236 perspi-

2010 5260 2183 5323 ciens,
2216 5273 2313 5325 per
2361 5274 2551 5312 oumes
2593 5257 2814 5327 spiritus
2876 5257 3258 5328 intelligibilis,
3324 5273 3485 5324 puros
3531 5267 3588 5309 et

2007 5350 2390 5403 subtilissimos
2437 5365 2752 5417 permeans,
2815 5364 3006 5417 nempe
3052 5352 3322 5418 angelicos
3360 5359 3413 5398 et
3465 5362 3589 5415 prn-

2007 5443 2274 5512 phcticos,
2308 5453 2472 5511 atque
2522 5443 2871 5511 apostolicos,
2909 5444 3067 5509 idque
3112 5443 3585 5505 eodemtempore.

2007 5545 2064 5588 et
2091 5536 2212 5591 aliis
2248 5537 2374 5592 alibi
2418 5537 2744 5599 distributis;
2781 5552 2888 5605 quo
2914 5532 3253 5604 perspicuum
3293 5533 3371 5595 lit,
3405 5528 3586 5597 ipsius

3133 5644 3209 5703 2'1
