4082 6434
461 333 568 394 843

1706 317 2089 382 ΕΙῘΤΠΥΜΙΙ
2122 318 2483 379 ZIGABENI

3629 323 3734 385 8“

467 456 736 510 nusquam
769 437 1155 509 comprehendi
1190 451 1289 492 nec
1327 433 1728 492 circumscribi.
1757 433 1861 500 Qui
1910 433 2028 486 hrcc

2157 433 2310 487 ἄλλον
2347 433 2478 484 Θεὸν
2505 431 2882 501 ὀνομάζοντες,
2913 433 2962 484 oi
2987 431 3083 501 τὴν
3117 432 3197 494 είς
3225 432 3356 485 αὐτὸ
3382 431 3738 506 βλασφημίαν

466 535 782 606 loquuntur,
817 539 872 584 et
908 529 1125 591 docent,
1178 540 1408 595 eumque
1453 525 1786 580 [’aracletum
1847 523 2036 585 alium,

453 638 723 695 tanquam
756 623 918 677 alium
959 622 1124 675 Deum
1171 620 1461 689 appellant,
1492 622 1583 686 qui
1647 619 2040 687 blasphemiam

469 721 524 775 in
567 721 737 786 ipsum
765 717 934 771 solam
990 729 1094 768 non
1136 700 1339 768 remitti
1391 715 1590 781 sciunt,
1626 713 1716 783 qui
1771 713 2041 768 Ananiam

467 822 524 866 et
570 807 878 875 Saphiram,
915 806 1059 873 quod
1093 804 1313 874 Spiritui
1348 813 1554 869 sancto,
1597 804 1706 858 Deo
1764 805 2041 870 nimirum,

468 913 574 954 non
615 905 792 951 autem
829 895 1058 958 homini,
1126 896 1336 949 mentiti
1385 905 1587 959 essent,
1620 905 1725 948 tam
1774 896 2044 949 horrendo

467 984 906 1055 reprehensionis
946 992 1000 1038 et
1045 984 1281 1038 infamia}
1343 999 1546 1055 genere
1587 983 1951 1048 conﬁsernnt,
1989 994 2045 1039 ut

450 1077 669 1132 emortui
735 1075 1110 1139 conciderent,
1143 1076 1253 1131 iine
1303 1076 1399 1132 tibi
1455 1076 1729 1154 Spiritum.
1771 1087 2042 1142 sanctum,

467 1179 525 1222 ut
553 1166 744 1231 Deum,
775 1183 842 1221 an
867 1178 924 1221 ut
947 1167 1093 1221 aliud
1122 1167 1394 1237 quidpiam
1425 1167 1679 1222 videntur
1711 1169 2048 1236 praedicare?

463 1259 558 1316 Nae
585 1272 639 1314 tu
675 1257 830 1313 valde
858 1259 1003 1312 rudis
1032 1273 1115 1321 es,
1149 1269 1203 1314 et
1241 1258 1310 1314 ab
1341 1259 1460 1320 ipso
1493 1259 1694 1318 Spiritu
1743 1262 2042 1316 remotissi.

466 1364 609 1413 IIIIIS,
640 1349 684 1402 si
713 1350 815 1402 hac
847 1348 913 1402 de
949 1362 1006 1400 re
1057 1347 1296 1414 dubitas,
1334 1360 1498 1418 atque
1554 1349 1763 1419 indiges
1808 1363 2048 1420 pracep-

451 1452 600 1496 ⁵ιοιύ.
638 1441 771 1495 Tam
820 1439 1010 1494 multa:
1038 1441 1200 1512 igitur
1260 1453 1408 1507 sunt,
1456 1451 1620 1511 atque
1659 1443 1732 1496 ita
1778 1444 2050 1512 spirantes

466 1533 871 1604 appellationes.
903 1531 1042 1598 Quid
1065 1533 1209 1588 eniut
1229 1547 1366 1601 opus
1391 1543 1474 1589 est
1495 1535 1779 1590 verborum
1810 1536 2052 1590 testimo-

468 1627 557 1680 nia
585 1625 870 1694 proferre?
897 1623 1163 1678 Caeterum
1185 1639 1304 1693 quae
1333 1624 1419 1678 hic
1447 1625 1700 1680 dicuntur
1724 1626 2044 1690 humiliora,

469 1726 528 1770 ut
555 1717 690 1778 dari,
724 1717 880 1780 mitti,
919 1716 1204 1780 dispertiri,
1243 1715 1465 1782 donum,
1499 1734 1707 1781 munus,
1736 1719 2042 1788 insnﬂiatio,

2151 525 2319 592 μόνην
2351 524 2550 585 ειδότες
2582 522 2994 594 ἀσυγχώρητον,
3018 526 3066 576 οἱ
3089 523 3181 577 τὸν
3221 525 3472 578 ’Λνανίαν
3505 528 3599 578 καὶ
3634 530 3736 595 τὴν

2147 615 2460 683 Σαπφειραν
2509 615 2650 667 οὕτω
2715 616 2960 684 φοϐερῶς
3012 615 3496 685 στηλιτεύσαντες,
3542 619 3734 690 ἐπειδὴ

2147 704 2442 772 ἐψεύσαντο
2469 706 2530 758 τὺ
2556 705 2780 774 Πνεῦμα
2807 707 2865 759 τὸ
2893 707 3049 774 ἆγιον
3071 707 3148 770 ώς
3178 707 3310 760 Θεὸν
3332 708 3732 778 ψευσαμένους,

2147 798 2246 850 οὐκ
2277 797 2562 869 ἄνθρωπον
2583 815 2597 829 ·
2626 793 2770 852 οὗτοι
2788 799 2839 850 τί
2879 811 2960 852 σοι
2995 798 3234 872 δοκοῦσι.
3273 801 3500 872 πότερον
3518 803 3652 856 Θεὸν
3674 806 3737 856 τὸ

2150 889 2372 959 Πνεῦμα
2422 892 2741 961 κηρύσσειν,
2773 892 2804 962 ἢ
2840 892 3068 959 ditio-rt;
3112 892 3199 954 Ὠς
3229 893 3350 945 λίαν
3370 893 3538 958 ὅντως
3554 898 3735 968 παχύς

2146 1000 2227 1045 τις
2251 979 2322 1047 εἷ,
2356 986 2443 1036 καὶ
2480 986 2668 1055 πόρρω
2700 985 2793 1037 τοῦ
2827 986 3163 1054 Πνεύματος,
3203 987 3250 1038 εἰ
3293 987 3450 1040 τοῦτο
3481 989 3736 1058 ἀπορεῖς,

2149 1074 2242 1126 καὶ
2271 1075 2367 1146 δέῃ
2388 1074 2480 1127 τοῦ
2515 1074 2836 1140 διδάξοντας.
2863 1075 2928 1128 Ai
2955 1076 3052 1142 μὲν
3073 1074 3168 1129 οὖν
3196 1077 3420 1148 κλήσεις
3447 1069 3738 1144 τοσαῦται,

2149 1167 2240 1218 καὶ⁵
2254 1166 2426 1228 οὕτως
2456 1166 2710 1237 ἔμψυχοι.
2739 1167 2803 1220 Τί
2830 1169 2938 1236 γάρ
2965 1168 3044 1221 δεῖ
3084 1185 3166 1222 σοι
3188 1169 3286 1231 τὰς
3317 1170 3532 1223 ἐπὶτῶν
3555 1173 3741 1241 ῥημά-

2148 1275 2258 1310 των
2290 1259 2597 1330 μαρτυρίας
2627 1260 3061 1329 παρατίθεσθαι;
3093 1261 3236 1316 Ὅσα
3258 1263 3316 1317 δὲ
3339 1263 3618 1317 κάνταῦθα
3648 1266 3743 1318 λέ-

2150 1366 2308 1416 γεται
2349 1351 2756 1420 ταπεινότερον,
2795 1351 2856 1404 τὸ
2880 1352 3142 1417 δίδοσθαι,
3183 1355 3245 1406 τὸ
3273 1355 3741 1423 ἀποστέλλεσθαι,

2149 1443 2208 1495 τὸ
2230 1442 2570 1512 μερίζεσθαι,
2592 1445 2653 1497 τὺ
2673 1444 3003 1515 χάρισμα,τδ
3021 1445 3272 1516 δώρημα,
3293 1445 3351 1498 τὺ
3371 1447 3669 1518 ἐμφύσημα
3681 1454 3744 1520 ,ἡ

2152 1535 2474 1602 ἐπαγγελία,
2503 1537 2536 1605 ή
2568 1536 2973 1606 ὑπερέντευξις,
3020 1539 3074 1593 εί
3099 1555 3158 1590 τε
3213 1557 3262 1592 τι
3293 1539 3421 1593 ἄλλο
3467 1541 3693 1595 τοιοῦτω
3718 1582 3739 1609 ,

2153 1627 2238 1679 ἵνα
2275 1628 2349 1698 μὴ
2381 1628 2503 1682 καθ’
2535 1629 2766 1683 ἕκαστον
2797 1630 2962 1707 λέγῶ,
2994 1630 3089 1683 ἐπὶ
3136 1631 3236 1702 τὴν
3285 1631 3512 1703 πρώτην
3555 1636 3746 1686 αἰτίαν

2154 1723 2494 1786 ἀνενεκτέον,
2528 1722 2618 1777 ἵνα
2647 1725 2705 1776 τὸ
2744 1723 2803 1788 ἐξ
2829 1717 2890 1777 οῦ
2922 1723 3132 1795 δειχθῇ,
3162 1725 3257 1778 καὶ
3283 1725 3358 1795 μὴ
3393 1729 3542 1794 τρεῖς
3573 1717 3748 1797 ἀρχαὶ

462 1807 768 1874 promissio.
807 1806 1130 1870 intercessio,
1160 1818 1214 1859 et
1241 1805 1259 1878 (
1284 1823 1350 1862 ne
1429 1809 1640 1877 singula
1697 1814 2040 1881 enumerem)

2157 1813 2559 1883 μεμερισμέναι
2611 1815 2894 1876 πολυθέως
2941 1778 3378 1887 παήραδεχθῶσιν.
3431 1778 3578 1871 ἱΙσον
3613 1778 3748 1888 Ῐγάρ

470 1896 671 1966 siquid
715 1896 859 1950 aliud
899 1899 1166 1964 ejusmodi
1191 1909 1293 1962 est,
1318 1913 1379 1952 ea
1423 1901 1490 1954 ad
1544 1903 1773 1969 primam
1812 1917 2038 1957 causam

468 2000 594 2042 sunt
621 1988 925 2050 referenda,
952 1997 1008 2041 ut
1034 1988 1182 2056 illud,
1210 2005 1275 2044 ex
1325 2007 1434 2060 quo
1461 2002 1562 2055 est,
1612 1993 1957 2056 ostendatur,
1987 2005 2038 2048 et

2151 1905 2231 1961 εἰς
2261 1901 2519 1955 ἀσέσειαν
2543 1906 2632 1956 καὶ
2668 1904 2973 1968 Σαδελλίως
3008 1906 3265 1973 συνάψαι,
3305 1906 3400 1959 καὶ
3445 1908 3745 1978 Ἀρειανῶς

2147 1994 2461 2064 διαστῆσαι,
2491 1997 2552 2048 τὸ
2582 1997 2682 2066 μὲν
2704 1997 2781 2066 τῷ
2815 1997 3112 2069 προσώπῳ,
3143 1999 3207 2051 τὸ
3238 1999 3294 2050 δὲ
3329 2003 3447 2063 ταῖς
3483 2002 3741 2070 φύσεσιν.

462 2099 535 2138 ne
562 2083 662 2137 tria
683 2081 849 2137 divisa
879 2082 1164 2151 principia,
1187 2093 1237 2138 et
1270 2085 1547 2152 multiplex
1577 2086 1800 2141 deorum
1853 2101 2112 2141 numerus
2151 2087 2506 2158 suscipiatur;
2535 2103 2630 2160 par
2654 2092 2798 2144 enim
2832 2092 3084 2160 impietas
3101 2102 3202 2158 est,
3234 2092 3313 2147 vel
3350 2109 3468 2146 cum
3506 2093 3749 2151 Saliellio

466 2194 726 2248 personas
753 2180 1102 2243 confundere,
1132 2181 1214 2234 vel
1239 2195 1358 2233 cum
1388 2179 1517 2234 Ario
1549 2193 1773 2237 naturas
1793 2181 2048 2237 dividere.

723 2271 975 2340 Ejusdem
1023 2289 1086 2327 ea:
1135 2275 1373 2328 oratione
1403 2276 1458 2327 in
1491 2274 1870 2345 Epiphaniam.
1913 2286 1916 2288 ‘

533 2363 700 2431 Quod
748 2367 792 2418 si
856 2364 1224 2434 magnitudine
1284 2373 1341 2418 et
1379 2365 1632 2433 gradibus
1705 2367 2049 2419 Divinitatent

470 2455 700 2518 metiris,
763 2462 820 2509 et
877 2455 1086 2509 idcirco
1152 2454 1412 2522 Spiritum
1465 2471 1690 2526 parvum
1743 2457 2047 2520 existimas,

469 2545 611 2614 quod
670 2546 720 2597 in
761 2545 1029 2598 columbae
1067 2546 1248 2612 specie
1307 2559 1368 2599 se
1407 2546 1764 2613 conspicumn
1797 2547 2046 2614 praebuit,

466 2651 500 2688 ο
550 2635 741 2703 pusille
793 2635 1047 2689 maximis
1079 2635 1147 2689 de
1178 2636 1340 2690 rebus
1371 2635 1695 2704 disputator,
1742 2645 1891 2702 potes
1953 2650 2046 2690 ea-

469 2726 591 2779 dem
625 2726 834 2780 ratione
873 2741 1099 2793 regnum
1132 2726 1394 2779 coriorum
1427 2727 1588 2779 etiam
1621 2739 1969 2782 contemnere
1996 2736 2051 2779 et

471 2818 775 2886 aspernari,
825 2823 1084 2888 quantam
1146 2818 1350 2886 sinapis
1389 2818 1616 2887 grauulo
1677 2829 2048 2887 comparatum

470 2918 577 2976 est,
639 2909 847 2964 etJesu
917 2910 1250 2978 amplitudini
1315 2909 1688 2965 adversarium
1758 2908 2051 2978 anteferre,

470 3003 612 3070 quod
632 3002 722 3056 hic
761 3005 977 3072 quidem
1019 3019 1175 3058 mons
1203 3018 1448 3072 magnus,
1534 3010 1588 3059 et
1637 3002 1949 3069 Leviatban,
2004 3014 2057 3058 et

2340 2280 2450 2334 Τοῦ
2478 2280 2666 2335 αὑτοῦ
2689 2281 2759 2336 ἐκ
2789 2279 2895 2335 τοῦ
2930 2284 3018 2347 είς
3057 2283 3126 2335 τὰ
3155 2285 3322 2336 ditata
3353 2283 3557 2351 λόγου.

2231 2370 2292 2422 Ei
2322 2371 2378 2424 δὲ
2411 2371 2617 2440 ὄγκοις,
2651 2373 2744 2426 καὶ
2781 2373 3044 2442 σταθμοῖς
3094 2374 3299 2442 κρίνεις
3345 2373 3608 2446 Θεότητα,
3646 2380 3748 2429 καὶ

2155 2459 2240 2510 διὰ
2264 2459 2420 2511 τοῦτο
2449 2461 2644 2531 μικρόν
2661 2479 2742 2514 σοι
2774 2463 2834 2514 τὸ
2863 2462 3107 2531 Πνεῦμα,
3135 2461 3215 2516 ὅτι
3246 2466 3301 2517 ὲν
3323 2465 3452 2518 εῖδει
3489 2482 3750 2534 περιστε-

2158 2553 2279 2622 ρᾶς,
2304 2545 2348 2604 ὦ
2380 2554 2669 2624 μικρολόγε
2703 2554 2830 2624 περὶ
2859 2556 2926 2609 τὰ
2962 2555 3218 2625 μέγιστα,
3252 2555 3370 2627 ὥρα
3403 2575 3484 2610 σοι
3518 2563 3611 2610 καὶ
3644 2559 3710 2628 βα
3735 2589 3749 2597 -

2161 2644 2366 2696 σιλείαν
2427 2647 2672 2716 οὐρανῶν
2726 2648 3036 2717 ἀτιμάζειν,
3095 2649 3178 2702 ὅτι
3239 2650 3422 2720 κόκκῳ
3473 2653 3750 2713 σινάπεως

2158 2737 2539 2802 ἀπεικάζεται,
2580 2739 2672 2790 καὶ¹
2702 2740 2798 2807 τῆς
2836 2739 3008 2809 Ἰησοῦ
3051 2741 3475 2809 μεγαλειότητος
3511 2744 3749 2812 ὑπεραίο

2164 2845 2278 2901 ρειν
2319 2831 2411 2883 τὸν
2441 2831 2836 2900 ἀντικείμενον,
2888 2834 2970 2886 ὅτι
3001 2835 3027 2886 ό
3066 2833 3167 2902 μὲν
3223 2835 3347 2903 ὅρος
3387 2833 3529 2904 μέγα
3560 2833 3748 2886 καλεί-

2161 2937 2271 2981 ται,
2300 2923 2391 2975 καὶ
2419 2923 2713 2992 Λευῖαοᾶν,
2746 2926 2838 2978 καὶ
2867 2927 3120 2995 βασιλεὺς
3152 2925 3261 2978 τῶν
3297 2923 3353 2978 ὲν
3385 2929 3498 2989 τοῖς
3531 2925 3746 2988 Macri,

2163 3014 2190 3065 ό
2223 3014 2277 3067 δὲ
2311 3015 2503 3084 ἀμνὸς,
2552 3017 2646 3068 καὶ
2684 3018 3056 3087 μαργαρίτας,
3112 3018 3205 3069 καί
3263 3017 3501 3085 σταγὼν,
3545 3017 3638 3070 καὶ
3679 3020 3750 3072 τέι

472 3109 658 3148 eorum
699 3110 819 3162 qua
874 3095 928 3149 in
995 3097 1152 3165 aquis
1213 3104 1360 3161 sunt,
1409 3109 1506 3152 rex
1570 3097 1905 3167 appelletur,
1966 3097 2052 3152 ille

2162 3107 2387 3162 τοιαῦτα
2424 3110 2902 3180 προσαγορεύεται.

471 3201 598 3240 vero
636 3202 829 3258 agnus,
861 3196 915 3243 et
947 3190 1264 3259 margarita,
1297 3199 1351 3243 et
1414 3197 1596 3259 gutta,
1648 3199 1704 3243 et
1753 3189 1876 3245 aliis
1909 3190 2053 3260 ejus-

474 3279 616 3332 modi
681 3279 990 3335 nominibus
1045 3282 1226 3349 parvis
1271 3294 1518 3334 vocatur.

687 3389 938 3458 Ejusdem
987 3407 1052 3445 ea:
1089 3393 1325 3446 oratione
1368 3395 1418 3446 in
1479 3393 1838 3448 Pentecosten.

547 3547 648 3614 Qui
715 3549 973 3617 Spiritum
1043 3561 1293 3606 sanctum
1367 3551 1421 3604 iu
1490 3567 1670 3607 rerum
1739 3561 2047 3606 creatarnm

473 3641 720 3696 ordinem
790 3643 1078 3711 dejiciunt,
1143 3644 1528 3700 contumeliosi
1597 3654 1726 3699 sunt
1795 3654 1848 3699 et
1915 3645 2041 3698 mali

472 3729 638 3797 servi,
673 3738 834 3801 atque
868 3731 1003 3785 adeo
1031 3729 1296 3785 malorum
1332 3732 1578 3801 pessimi.
1621 3731 1885 3787 Malorum
1915 3735 2060 3789 enim

476 3836 756 3876 servorum
817 3831 921 3890 est,
965 3821 1252 3892 imperium
1304 3823 1550 3893 rejicere,
1579 3832 1634 3879 et
1675 3825 1938 3880 adversus
1969 3825 2065 3880 do-

481 3912 834 3969 minationem
890 3915 1194 3984 insurgere,
1215 3924 1377 3983 atque
1406 3915 1481 3981 id,
1507 3917 1651 3984 quod
1703 3915 1930 3971 liberum
1955 3924 2059 3980 est,

480 4006 532 4057 in
597 4006 842 4060 eamdem
925 4019 1110 4061 secum
1163 4006 1441 4061 servitutis
1502 4007 1734 4061 classem
1790 4007 2060 4077 redigere.

480 4096 586 4162 Qui
613 4105 794 4151 autem
839 4097 1008 4152 Deum
1039 4112 1162 4154 eum
1191 4106 1440 4163 censent,
1470 4099 1637 4153 divini
1689 4099 1933 4169 profecto
1963 4099 2060 4152 viri

481 4198 627 4254 sunt,
656 4203 719 4242 ac
743 4189 1026 4258 splendido
1063 4189 1246 4244 animo
1294 4189 1526 4257 prmditi.
1572 4188 1674 4256 Qui
1718 4205 1845 4245 vero
1899 4188 2062 4245 etiam

483 4279 777 4348 appellant,
824 4279 870 4334 si
927 4279 1154 4348 quidem
1199 4281 1340 4350 apud
1376 4281 1520 4336 viros
1548 4283 1767 4352 probos,
1802 4283 2064 4338 sublimes

484 4379 539 4424 et
583 4369 780 4424 excelsi
813 4379 972 4425 sunt:
1002 4370 1084 4425 sin
1119 4379 1300 4427 autem
1347 4372 1487 4442 apud
1548 4373 1787 4443 abjectos
1826 4383 1881 4428 et
1916 4374 2063 4428 humi

481 4461 814 4528 provolutos,
847 4461 990 4517 haud
1035 4463 1169 4518 satis
1199 4463 1493 4532 prudenter
1525 4473 1722 4534 agunt;
1761 4473 1945 4535 utpote
1972 4478 2043 4534 qu

2160 4454 2275 4509 δέον
2310 4456 2450 4511 κατά
2481 4457 2676 4529 μικρὸν
2695 4457 2963 4529 προάγειν

481 4552 595 4608 luto
622 4553 996 4622 margaritam,
1027 4564 1081 4608 et
1117 4554 1396 4610 imbecilla:
1428 4555 1546 4608 auri
1579 4555 1800 4610 tonitrui
1850 4569 2066 4618 sonum,

479 4653 533 4698 ct
585 4644 754 4700 solem
811 4645 1043 4700 inﬁrmis
1087 4645 1280 4709 oculis,
1307 4653 1362 4700 et.
1407 4644 1547 4700 lacte
1586 4646 1764 4700 adhuc
1787 4642 2069 4700 utentibus

481 4735 710 4790 solidum
758 4736 936 4791 cibum
975 4737 1364 4803 committant;
1405 4751 1528 4801 cum
1561 4752 1654 4791 eos
1703 4736 1961 4804 paulatim
2005 4749 2051 4785 at

2163 4730 2244 4785 διὸ
2273 4732 2366 4784 καὶ
2396 4732 2556 4800 ἡμεῖς
2582 4732 2674 4784 τὸν
2699 4731 3028 4802 τελεώτερον
3044 4731 3183 4793 τέως

481 4826 738 4882 ulteriora
770 4842 1114 4896 promovere,
1139 4839 1307 4899 atque
1331 4828 1397 4881 ad
1431 4828 1744 4882 sublimiora
1770 4828 2072 4895 provehere

2202 3386 2314 3440 τοῦ
2340 3383 2528 3439 αὑτοῦ
2556 3385 2622 3436 ἐκ
2656 3386 2760 3439 τοῦ
2789 3389 2979 3524 ,λόγοις
3005 3385 3112 3442 τοῦ
3143 3389 3230 3454 εἰς
3264 3388 3378 3456 τὴν
3406 3391 3706 3457 Πεντηκο-

2861 3475 2962 3510 an
2984 3476 3039 3513 ν.

2861 3475 3039 3513 στην.

2233 3552 2306 3606 Τὸ
2357 3553 2581 3623 Πνεῦμα
2638 3556 2698 3606 ab
2753 3555 2908 3622 ἆγιον
2945 3552 3017 3608 ὀί
3080 3557 3178 3626 μὲν
3219 3558 3300 3619 εἰς
3355 3557 3562 3626 κτίσμα
3607 3573 3744 3612 κατ·

2159 3647 2404 3712 ἀγοντες,
2453 3647 2727 3716 ὑϐρισταὶ,
2773 3647 2870 3698 καὶ
2919 3647 3100 3701 δοῦλοι
3154 3649 3337 3713 κακοὶ,
3403 3649 3498 3701 καὶ
3546 3652 3735 3702 κακῶν

2119 3726 2424 3780 ηκάκιστοι.
2456 3726 2670 3779 Δούλων
2702 3727 2812 3798 γὰρ
2867 3728 3075 3793 κακῶν,
3133 3729 3348 3784 ἀθετεῖν
3399 3728 3741 3787 δεσποτείαν,

2155 3817 2249 3867 καὶ
2299 3816 2696 3872 ἐπανίστασθαι
2750 3821 3053 3889 κυριότητι,
3094 3821 3189 3873 καὶ
3243 3818 3530 3890 ὁμόδουλον
3570 3823 3748 3872 ποιεῖν

2157 3909 2368 3972 ἑαυτοῖς
2403 3909 2464 3962 τὸ
2493 3910 2798 3982 ἐλεύθερον.
2824 3913 2888 3965 Οί
2920 3913 2977 3966 δὲ
3029 3912 3162 3964 Θεὸν
3196 3911 3532 3982 νομίζοντες,
3570 3910 3744 3964 ἔνθεοι

2158 4002 2252 4053 καὶ
2277 4001 2520 4073 λαμπροὶ
2553 4003 2650 4074 τὴν
2686 4003 2944 4059 διάνοιαν.
2982 4007 3045 4058 Oi
3072 4005 3128 4058 δὲ
3153 4006 3248 4058 καὶ
3277 4004 3655 4075 ὀνομάζοντες,
3693 4006 3744 4055 εἰ

2161 4093 2259 4162 μὲν
2289 4094 2646 4164 εὐγνώμοσιν,
2677 4096 2870 4165 ὑψηλοί
2889 4115 2902 4128 ·
2936 4100 2984 4150 εί
3011 4098 3067 4150 δὲ
3097 4101 3393 4164 ταπεινοῖς,
3419 4098 3518 4150 οὐκ
3537 4098 3746 4149 οἰκονο-

2162 4181 2309 4251 μικοί
2332 4199 2346 4212 ⁸
2376 4182 2532 4252 πηλῷ
2564 4183 2910 4256 μαργαρίτην
2942 4186 3307 4248 πιστεύοντες,
3347 4185 3442 4237 καὶ
3472 4184 3607 4251 ἀκοῇ
3641 4197 3741 4233 σα-

2160 4275 2265 4344 θρᾷ
2281 4273 2512 4344 βροντῆς
2531 4271 2682 4346 ἦχον,
2709 4276 2802 4328 καὶ
2827 4276 3125 4347 ὀφθαλμοῖς
3142 4274 3550 4348 ἀσθενεστέροις
3570 4273 3744 4344 ἥλιον,

2160 4363 2254 4415 καὶ
2279 4363 2486 4435 τροφὴν
2519 4364 2749 4437 στερεὰν
2781 4368 2896 4429 τοῖς
2916 4366 2995 4419 ἔτι
3024 4367 3166 4435 γάλα
3339 4363 3707 4432 ποτιζομένοις
3731 4379 3744 4392 ·

3125 4458 3323 4521 αὐτοὺς
3345 4459 3427 4520 εἰς
3458 4456 3519 4509 τὸ
3542 4455 3751 4527 ἐμπρο-

2163 4547 2308 4611 σθεν,
2347 4550 2440 4602 καὶ
2473 4548 2830 4620 προΰιὸἀζειν
2869 4550 2983 4612 τοῖς
3017 4548 3370 4619 ὑψηλοτέροις
3398 4584 3413 4610 ,
3467 4547 3606 4614 φωτὶ
3634 4543 3754 4612 φῶς

2162 4639 2575 4712 χαριζομένους,
2631 4641 2726 4695 καὶ⁹
2776 4640 3005 4712 ἀληθεία
3035 4638 3430 4710 προξενοῦντας
3456 4635 3714 4707 ἀλήθειαν
3737 4653 3750 4666 υ

3346 4728 3576 4797 ἀφέντες
3597 4726 3754 4790 λόγον

2168 4821 2349 4888 (οῠπω
2382 4821 2491 4892 γὰρ
2528 4823 2776 4893 καιρὸς),
2807 4823 2978 4886 οὕτως
3007 4825 3190 4885 αὐτοῖς
3219 4820 3597 4887 διαλεξόμεθα.

478 4919 782 4980 cunveniat,
810 4919 1000 4973 lumini
1042 4920 1220 4973 lumen
1257 4919 1550 4988 largiendo,
1583 4934 1646 4973 ac
1680 4918 1892 4972 veritati
1917 4917 2198 4969 veritatem
2229 4914 2586 4969 conciliando.
2647 4915 2913 4980 Quocirca
2977 4928 3074 4967 nos
3139 4927 3377 4982 quoque,
3440 4909 3746 4982 perfectiori

480 5006 696 5061 interim
728 5024 979 5066 sermone
1017 5005 1180 5067 misso
1209 5012 1350 5066 facto
1381 5014 1638 5082 (nondum
1675 5015 1818 5066 enim
1851 5021 2060 5075 tempus
2104 5009 2152 5060 id
2211 5007 2490 5075 postulat),
2563 5010 2628 5061 ad
2689 5012 2832 5062 lume
2887 5005 3102 5060 modum
3167 5021 3288 5060 cum
3328 5006 3458 5075 ipsis
3523 5007 3757 5060 dissere-

481 5116 621 5155 IIIUS.

702 5195 758 5251 Si
787 5197 1026 5265 quidem,
1055 5212 1088 5252 ο
1128 5198 1250 5264 viri,
1292 5212 1396 5252 nec
1443 5197 1767 5256 increatum,
1794 5208 1896 5247 nec
1930 5203 2064 5247 tem-

483 5288 627 5357 poris
655 5297 934 5357 expertem
991 5286 1253 5356 Spiritum
1311 5295 1556 5341 sanctum
1587 5284 1833 5343 creditis,
1865 5283 2060 5350 spiritu

483 5379 801 5435 adversario
846 5380 986 5433 haud
1017 5378 1182 5434 dubie
1221 5377 1520 5433 amamiui:
1563 5376 1762 5430 dabitis
1789 5372 1936 5428 enim
1973 5387 2067 5427 ve-

484 5472 651 5536 niam,
685 5471 728 5525 si
763 5471 880 5526 zelo
910 5479 1240 5536 commotus,
1272 5469 1518 5537 asperius
1564 5465 1782 5535 aliquod
1834 5466 2063 5519 verbum

483 5580 746 5634 extulero.
777 5579 928 5645 Quod
960 5580 1003 5634 si
1037 5579 1300 5632 hactenus
1335 5576 1539 5632 saltem
1559 5587 1704 5629 recte
1735 5576 1971 5642 sentitis,
2005 5590 2068 5629 ac

491 5669 629 5723 belle
685 5672 899 5733 valetis,
938 5680 996 5724 ut
1049 5668 1392 5723 manifestam
1445 5668 1774 5736 impietatem
1825 5665 2065 5735 fugiatis,

484 5768 651 5830 atque
682 5775 828 5825 cum,
871 5761 962 5828 qui
1001 5775 1098 5816 nos
1121 5775 1338 5832 quoque
1378 5759 1579 5816 liberos
1603 5757 1782 5828 edicit,
1816 5774 1843 5812 ιι
1881 5757 2061 5813 servili

2346 5194 2408 5247 Εί
2441 5195 2536 5265 μὲν
2569 5194 2690 5247 οὐδὲ
2717 5194 2973 5248 ἄκτιστον
2993 5231 3008 5254 ,
3058 5185 3103 5244 ὦ
3161 5206 3328 5252 ουτοι,
3351 5187 3668 5259 ὁμολογεῖτε
3697 5183 3762 5236 τδ

2173 5285 2400 5356 Πνεῦμα
2427 5286 2488 5337 τὸ
2538 5286 2711 5354 ἅγιον,
2737 5284 2858 5337 οὐδὲ
2892 5284 3142 5354 ἄχρονον,
3173 5280 3268 5334 τοῦ
3303 5280 3548 5334 ἐναντίου
3590 5277 3761 5331 πνεύ-

2180 5395 2344 5448 ματος
2375 5376 2559 5444 σαφῶς
2607 5377 2640 5446 ἡ
2689 5375 2941 5444 ἐνέργεια
2960 5390 2973 5402 ·
3003 5373 3119 5425 δότε
3159 5372 3267 5444 γὰρ
3297 5371 3375 5441 τῷ
3405 5371 3550 5442 ζήλῳ
3585 5387 3639 5421 τι
3669 5368 3768 5420 καὶ

2179 5468 2600 5539 παρατολμῆσαι
2626 5466 2840 5538 μικρόν.
2862 5465 2924 5516 Ei
2951 5463 3005 5515 δὲ
3028 5463 3281 5516 τοσοῦτον
3302 5461 3433 5530 γοῦν
3466 5458 3761 5527 ὑγιαίνετε,

2179 5562 2318 5616 ὥστε
2347 5563 2447 5631 τὴν
2487 5560 2753 5631 πρόδηλον
2803 5555 3026 5627 φεύγειν
3060 5555 3315 5609 ἀσέϐειαν
3342 5595 3356 5618 ,
3394 5554 3486 5607 καὶ
3518 5552 3615 5620 τῆς
3644 5550 3768 5601 δου-

2181 5657 2328 5717 λείας
2357 5653 2462 5717 ἔξω
2491 5651 2701 5704 τιθέναι
2734 5650 2794 5701 τὸ
2827 5651 2918 5701 καὶ
2950 5650 3098 5719 ἡμᾶς
3313 5644 3499 5698 ποιοῦν
3552 5639 3768 5695 ἐλευθέ-

2186 5745 2409 5818 magna
2439 5743 2566 5814 ἑξῆς
2597 5742 2750 5796 αὐτοὶ
2785 5741 3080 5810 σκέψασθε,
3121 5740 3254 5808 μετὰ
3284 5737 3376 5791 τοῦ
3408 5735 3562 5805 ἁγίου
3593 5734 3764 5786 [Ινεύ-
