4082 6376
369 296 482 359 8ί5

1362 303 1733 367 ΡΑΝΟΙἾΛΑ
1779 312 2233 378 DGGMATICA.
2263 344 2326 355 -
2357 319 2500 380 TIT.
2547 322 2680 381 th.

3520 338 3624 398 846

365 448 558 503 ματος.
595 431 690 483 καὶ
723 429 900 500 ἡμῶν.
925 431 1191 503 Πείθομαι
1224 434 1330 506 γὰρ
1379 439 1562 503 ποσῶς
1595 441 1786 494 τούτου
1818 461 1947 512 μετ-

2063 459 2243 510 ordine
2298 459 2576 525 eximatis,
2610 458 2758 528 quod
2805 461 3072 528 sequitur,
3103 474 3211 514 una
3243 475 3364 514 cum
3423 455 3629 530 Spiritu

361 523 507 593 ἐχειν
531 523 697 593 ὑμᾶς,
731 522 824 575 καὶ
845 522 921 586 ὡς
948 525 1168 589 οἰκείοις
1199 526 1298 598 ἤδη
1482 535 1948 604 συνδιασκὲῲομαι.

362 619 434 670 Ἦ
460 617 578 669 δότε
612 633 700 687 μοι
721 615 782 668 τὸ
813 615 978 686 μέσον
1007 617 1106 687 τῆς
1133 618 1379 685 δουλείας
1418 663 1434 685 ,
1579 625 1672 678 καὶ
1713 627 1813 697 τῆς
1864 629 1950 680 δε-

365 711 644 775 σποτείας,
682 709 746 764 ἵν’
785 711 902 762 ἐκεῖ
943 710 1020 764 θῶ
1067 711 1163 783 τὴν
1191 713 1346 777 ἀξίαν
1375 715 1470 769 τοῦ
1520 718 1870 790 Πνεύματος·
1913 723 1946 792 ἦ

364 806 463 876 τὴν
491 803 738 857 δουλείαν
768 802 1083 872 φεύγοντες,
1113 805 1213 859 οὐκ
1241 805 1458 877 ἄδηλον,
1497 809 1620 863 ὅποι
1664 812 1852 879 τάξετε
1887 814 1949 867 τὸ

365 896 722 969 ζητούμενον.
886 895 1052 950 Ἀλλὰ
1079 900 1201 961 ταῖς
1231 899 1522 965 συλλαϐαῖς
1545 902 1945 976 δυσχεραίνετε,

366 989 461 1041 καὶ
500 987 866 1059 προσπταίετε
899 989 964 1068 τῇ
994 991 1167 1059 φωνῇ,
1211 992 1305 1043 καὶ
1345 990 1492 1056 λίθος
1522 997 1949 1067 προσκόμματος

366 1081 499 1150 ὑμῖν
530 1079 690 1133 τοῦτο
728 1079 955 1148 γίνεται,
998 1081 1094 1133 καὶ
1130 1081 1306 1152 πέτρα
1335 1084 1632 1138 σκανδάλου
1653 1129 1668 1152 ,
1709 1089 1830 1141 ἐπεὶ
1856 1092 1952 1144 καὶ

367 1170 605 1238 Χριστὸς
656 1169 816 1222 τισίν.
869 1169 1231 1239 Ἀνορώπινον
1282 1173 1345 1226 τὸ
1401 1175 1591 1239 πάθος.
1650 1179 1951 1251 Συμὸὦμεν

367 1259 620 1330 ἀλλήλοις
679 1259 1083 1330 πνευματικῶς.
1121 1262 1415 1333 Γενὼμεθα
1475 1267 1786 1338 φιλάδελφοι
1820 1272 1952 1340 μᾶλ-

368 1351 482 1412 λον,
517 1351 550 1421 ἢ
581 1350 848 1420 φίλαυτοι.
883 1350 1013 1405 Δότε
1045 1353 1142 1424 τὴν
1171 1353 1400 1426 δύναμιν
1426 1359 1526 1430 τῆς
1559 1359 1831 1433 θεότητος,
1860 1364 1953 1417 καὶ

368 1440 616 1511 δώσομεν
644 1441 773 1512 ὑμῖν
807 1477 828 1502 ρ
950 1443 1048 1514 τῆς
1073 1445 1255 1516 φωνῆς
1280 1447 1378 1517 τὴν
1407 1448 1784 1521 συγχώρησιν·
1824 1456 1955 1524 ὁμο-

2053 561 2245 602 saneto
2277 564 2340 603 ac
2395 550 2571 611 nobis,
2601 549 2906 618 expendite.
2963 549 3068 605 Vos
3100 552 3298 620 quippe
3325 556 3636 619 quadamte-

2058 656 2158 694 nus
2217 641 2386 709 ipsius
2436 643 2728 710 participes
2776 658 2895 695 esse
2949 643 3185 704 conlidu,
3239 658 3300 696 ac
3348 642 3460 712 jam
3495 645 3638 697 velut

2055 750 2178 788 cum
2212 737 2414 789 nostris
2447 736 2604 788 simul
2661 749 2773 788 retu
2805 735 3182 790 considerabo.
3225 735 3331 787 Aut
3379 735 3507 787 mihi
3539 735 3608 786 ali

2055 825 2205 892 quid,
2240 826 2381 893 quod
2441 827 2580 879 inter
2638 826 2953 879 servitutem
2983 834 3038 880 et
3089 826 3511 892 deminutionem
3563 827 3638 877 in-

2059 916 2339 983 terjectum
2373 916 2464 983 sit,
2501 918 2644 981 date,
2673 928 2731 970 ut
2763 917 2872 972 illic
2906 915 3145 986 Spiritus
3173 918 3499 984 dignitatem
3531 918 3635 969 enl-

2059 1009 2228 1062 locetu
2283 1026 2296 1061 :
2353 1017 2466 1073 aut,
2497 1023 2620 1062 cum
2674 1009 2953 1063 servitutis
3003 1023 3196 1062 nomen
3247 1009 3491 1078 fugiatis,
3529 1027 3632 1063 non

2057 1099 2350 1151 obscurum
2398 1099 2522 1162 erit,
2557 1112 2664 1167 quo
2699 1097 2816 1152 loco
2841 1108 3002 1168 atque
3049 1099 3238 1151 ordine
3273 1098 3347 1162 id,
3379 1099 3519 1169 quod
3551 1115 3636 1151 ex-

2058 1189 2316 1256 quiritur,
2347 1191 2582 1260 ponetis.
2614 1194 2685 1244 At
2715 1189 2948 1260 syllabas
2976 1190 3201 1244 moleste
3250 1189 3427 1255 fertis,
3476 1202 3636 1261 atque

2060 1285 2126 1334 ad
2154 1297 2340 1337 vocem
2373 1282 2692 1352 impingitis,
2720 1282 2966 1350 lapisque
3007 1280 3320 1336 oll'ensionis
3375 1291 3430 1336 et
3485 1297 3634 1352 petra

2058 1372 2297 1424 scantlali
2347 1371 2450 1425 hoc
2499 1370 2654 1426 vobis
2705 1368 2944 1423 efﬁcitur
2994 1370 3041 1435 ¹,
3079 1384 3178 1422 nec
3232 1369 3449 1432 mirum,
3512 1384 3632 1423 cum

2059 1462 2308 1517 Christus
2337 1478 2554 1532 quoque
2574 1462 2851 1519 nonnullis
2873 1461 3127 1516 seandalo
3147 1459 3330 1513 fuerit.
3361 1459 3638 1513 llumanns

375 1537 646 1608 λογήσατε
679 1541 778 1613 τὴν
811 1539 974 1610 φύσιν
1004 1543 1062 1594 ἐν
1094 1541 1286 1607 ἄλλαις
1322 1551 1527 1615 φωναῖς
1549 1591 1562 1613 ,
1607 1550 1697 1620 αἶς
1726 1556 1958 1613 αἰδεῖσθε

2063 1556 2100 1607 is
2154 1551 2373 1621 quidem
2425 1550 2669 1603 allectus.
2711 1547 2910 1604 Verum
2959 1547 3316 1617 spiritualitcr
3364 1550 3503 1601 inter
3538 1563 3633 1600 nos

374 1627 578 1697 μᾶλλον
618 1646 634 1662 ·
772 1631 868 1685 καὶ
899 1630 974 1696 ὡς
1000 1631 1247 1699 ἀσθενεῖς
1265 1637 1408 1708 ὑμᾶς
1568 1643 1916 1714 ίατρεῦσομεν
1943 1665 1958 1680 ο

373 1719 523 1773 ἔστιν
545 1721 580 1774 ἃ
607 1723 701 1777 καί
724 1722 832 1776 τῶν
857 1725 997 1796 πρὸς
1021 1725 1213 1797 ἡδονὴν
1239 1730 1708 1802 παρακλέψαντες.
1728 1737 1964 1810 Λίσχρδν

375 1811 476 1882 μὲν
521 1811 652 1883 γὰρ,
690 1795 933 1885 αἰσχρὸν,
987 1815 1082 1869 καὶ
1120 1795 1568 1889 ἱκανῶςᾶλογον,
1619 1795 1759 1878 κατὰ
1783 1795 1962 1898 disi-iw
1989 1795 2026 1847 Β

374 1903 724 1973 ἐρρωμένους
766 1940 784 1967 ,
919 1906 1362 1978 μικρολογεῖσθαι
1388 1913 1516 1982 περὶ
1540 1913 1634 1966 τὸν
1663 1910 1816 1986 ἦχον,
1866 1921 1962 1972 καὶ

373 1993 640 2062 κρύπτειν
666 1995 756 2050 τὸν
785 1995 1083 2070 θησαυρὸν,
1108 1999 1299 2073 ὥσπερ
1335 2003 1518 2068 ἄλλοις
1543 2005 1957 2075 βασκαίνοντας,

370 2084 405 2157 ἢ
440 2085 515 2158 μὴ
728 2090 822 2142 καὶ
860 2089 957 2162 τὴν
994 2091 1246 2160 γλῶσσαν
1297 2095 1564 2169 ἁγιάσητε
1620 2099 1958 2167 δεδοικότας·

371 2179 585 2248 αἴσχιον
615 2180 672 2234 δὲ
700 2183 833 2252 ἡμῖν
881 2182 910 2235 ὃ
963 2184 1301 2256 ἐγκαλοῦμεν
1325 2188 1538 2251 παθεῖν,
1582 2191 1674 2244 καὶ
1709 2193 1962 2263 μικρολο-

370 2270 500 2337 γίαν
532 2273 1038 2341 καταγινώσκοντας
1057 2313 1074 2340 ,
1121 2278 1318 2341 αὐτοὺς
1351 2281 1794 2351 μικρολογεῖσθαι
1829 2285 1960 2355 περὶ

369 2361 444 2413 τά
467 2363 790 2432 γράμματα.

2054 1647 2192 1699 hanc
2237 1643 2666 1696 controversiam
2703 1641 3068 1708 trausigamus
3105 1658 3120 1693 :
3150 1641 3408 1693 fraternae
3459 1641 3638 1708 potius

2053 1735 2340 1792 charitatis
2369 1733 2630 1796 studium,
2663 1746 2824 1800 quam
2871 1732 3041 1785 nostri
3069 1745 3309 1784 antorem
3351 1744 3460 1799 pra;
3488 1731 3641 1783 nobis

2059 1829 2321 1882 feramus.
2383 1823 2502 1877 Vim
2533 1824 2838 1877 divinitatis
2865 1837 2929 1877 ac
2977 1823 3272 1892 potentiam
3313 1823 3467 1875 nobis
3498 1822 3639 1884 date,

2057 1931 2110 1972 et
2142 1933 2243 1972 nos
2270 1917 2504 1971 vietssim
2534 1915 2834 1969 divinitatis
2866 1927 3047 1969 vocem
3078 1914 3234 1968 vobis
3259 1914 3640 1967 conredcmns.

2063 2009 2321 2061 Naturam
2370 2007 2491 2060 aliis
2533 2006 2779 2072 vocibus,
2807 2005 3002 2073 quibus
3048 2004 3164 2072 plus
3387 2002 3642 2067 tribuitis,

2062 2099 2460 2165 conﬁteamini;
2510 2113 2574 2152 ac
2612 2113 2730 2162 vos,
2766 2107 2824 2151 ttt
2858 2098 3105 2151 inlirmos
3151 2095 3484 2157 curabimus,
3512 2109 3646 2147 non-

2067 2191 2207 2243 ttnlla
2252 2189 2404 2244 vobis
2462 2198 2609 2259 grata
2649 2200 2704 2243 et
2756 2188 2996 2259 jucunda
3045 2185 3392 2241 suﬂ'urantes.
3433 2183 3646 2238 Etenim

2069 2293 2228 2354 turpe
2251 2283 2467 2351 quidem
2495 2284 2622 2336 illud
2664 2291 2766 2346 est,
2804 2291 2982 2351 turpe,
3010 2281 3332 2349 inquam,ae
3359 2279 3647 2346 perabsur-

2074 2375 2220 2438 dum,
2251 2391 2371 2428 cum
2409 2376 2590 2428 animo
2635 2374 2880 2435 valeatis,
2916 2373 3059 2427 circa
3113 2370 3260 2424 vocis
3306 2384 3497 2423 sonum
3518 2366 3641 2434 jeju-

367 2468 472 2508 nos
505 2466 559 2510 et
598 2458 837 2514 minutos
911 2473 1008 2514 vos
1064 2460 1324 2529 praebere,
1380 2474 1443 2512 ac
1484 2461 1798 2514 thesaurum
1839 2462 2134 2528 occultare,
2173 2463 2328 2532 quasi
2369 2463 2490 2517 aliis
2528 2478 2651 2518 eum
2703 2461 3029 2525 invidentes,
3066 2471 3160 2516 aut
3211 2475 3536 2527 metuentes,
3574 2479 3639 2515 ne

367 2545 611 2615 linguam
647 2563 865 2620 quoque
917 2559 1154 2604 vestram
1198 2550 1584 2616 sanctiﬁeetis;
1622 2553 1830 2621 turpius
1856 2565 2034 2607 autem
2087 2555 2241 2609 nobis
2263 2545 2366 2617 est,
2427 2556 2613 2608 eodem
2680 2553 2812 2606 vitio
2882 2554 3073 2616 teneri,
3111 2555 3250 2621 quod
3302 2555 3452 2609 vobis
3500 2557 3639 2621 obji-

365 2638 565 2702 cimus,
608 2647 790 2709 atque,
841 2656 964 2698 cum
991 2651 1224 2698 vestram
1267 2643 1338 2698 de
1369 2643 1591 2698 minutis
1633 2643 1796 2699 rebus
1825 2647 2229 2700 contentionem
2279 2651 2616 2709 damnemus,
2688 2646 2893 2698 minute
2945 2645 3105 2698 etiam
3146 2649 3212 2696 de
3271 2646 3467 2698 litteris
3530 2648 3642 2701 dis-

368 2741 582 2799 putare.

559 2823 707 2885 Μιᾶς
733 2821 1021 2892 Θεότητος,
1053 2813 1274 2881 dicit-cat,
1307 2821 1405 2892 τὴν
1441 2822 1647 2892 Τριάδα
1688 2827 1953 2897 ὁμολογή-

364 2932 522 2978 σατε,
549 2917 596 2967 εί
627 2913 684 2966 δὲ
716 2912 992 2983 βούλεσθε,
1049 2915 1178 2982 μιᾶς
1217 2911 1433 2981 φύσεως
1459 2930 1473 2944 ·
1525 2915 1616 2966 καὶ
1669 2914 1768 2986 τὴν
1810 2918 1956 2983 Θεὸς

363 3007 550 3077 φωνὴν
594 3006 739 3075 παρὰ
771 3003 862 3058 τοῦ
893 3003 1214 3075 Πνεῦματος
1245 3005 1374 3076 ὑμῖν
1416 3007 1737 3076 αἰτήσομεν.
1781 3007 1954 3061 Δώσει

2288 2819 2632 2885 Trinitatem,
2657 2837 2690 2876 ο
2715 2824 2836 2886 viri,
2857 2823 3016 2876 unius
3045 2825 3271 2880 Deitatis
3309 2841 3428 2880 esse
3467 2827 3640 2881 fatea-

2054 2911 2209 2975 mini,
2274 2923 2386 2975 aut,
2436 2914 2479 2967 si
2528 2916 2702 2985 magis
2747 2916 2942 2986 placet,
2979 2917 3140 2972 unius
3187 2928 3425 2985 natm-te;
3479 2929 3639 2988 atque

2059 3003 2200 3058 Itane
2242 3021 2452 3071 vocent,
2499 3007 2664 3072 Deus,
2716 3024 2744 3062 a
2790 3007 2994 3078 Spiritu
3042 3012 3193 3066 vobis
3224 3012 3636 3081 postnlabimus.

363 3100 499 3171 γάρ.
540 3093 600 3154 εὖ
634 3093 769 3162 οἶδα,
797 3099 825 3150 ὁ
854 3097 915 3150 τὸ
949 3096 1164 3169 πρῶτον
1190 3096 1333 3160 δοὺς,
1366 3097 1542 3156 καὶτὸ
1568 3097 1838 3173 δεύτερον,
1861 3100 1956 3154 καὶ

2063 3093 2378 3153 Dabitenim
2405 3100 2648 3168 profecto
2679 3104 2998 3161 secundum.
3057 3105 3146 3172 qui
3199 3105 3432 3174 primum
3471 3107 3639 3166 dedit,

368 3193 623 3264 μάλιστα,
659 3194 707 3244 εί
745 3189 917 3245 δειλία
949 3206 1032 3253 τις
1064 3189 1149 3260 εἴη
1202 3189 1569 3261 πνευματικὴ,
1603 3191 1696 3244 καὶ
1887 3189 1962 3256 μὴ

362 3281 619 3343 ἔνστασις
646 3278 948 3348 διαϐολικὴ,
979 3278 1040 3331 τὸ
1073 3279 1400 3349 μαχόμενον.
1455 3281 1574 3332 Ἔτι.
1622 3281 1957 3352 σαφέστερον

361 3375 506 3427 εἴπω
533 3373 623 3426 καὶ
653 3369 1064 3442 συντομώτερον
1090 3388 1101 3402 ο
1129 3373 1284 3442 Μήτε
1307 3373 1465 3443 ὑμεῖς
1617 3375 1768 3444 ἡμᾶς
1798 3374 1958 3428 εὐθύ-

363 3481 496 3534 νητε
521 3463 619 3533 τῆς
646 3462 990 3533 ὑψηλοτέρας
1013 3462 1200 3532 φωνῆς
1235 3463 1467 3531 (φθόνος
1495 3462 1604 3534 γὰρ
1629 3465 1803 3528 οὐδεὶς
1826 3467 1958 3519 ἀνα-

364 3556 581 3619 ϐάσεως
602 3555 642 3626 ),
677 3554 802 3609 οὔτε
832 3557 996 3626 ἡμεῖς
1143 3557 1371 3627 ἐφικτὴν
1407 3555 1544 3619 τέως
1574 3557 1704 3626 ὑμῖν
1733 3557 1958 3625 ἐγκαλέ-

364 3665 538 3718 σομεν
564 3683 582 3706 .
738 3647 844 3712 ἕως
874 3648 941 3701 ἂν
979 3648 1074 3702 καὶ
1105 3648 1172 3701 δι’
1205 3647 1372 3718 ἄλλης
1399 3647 1521 3700 ὁδοῦ
1570 3648 1704 3718 πρὸς
1740 3649 1803 3701 τὸ
1827 3650 1958 3702 αὐτὸ

364 3737 610 3809 φέρησθε
665 3737 1032 3806 καταγώγιον.
1097 3737 1172 3791 Οὐ
1237 3737 1345 3809 γὰρ
1390 3737 1611 3808 νικῆσαι
1663 3739 1954 3810 ζητοῦμεν,

364 3831 505 3886 ἀλλὰ
530 3830 857 3902 προσλαϐεῖν
890 3831 1173 3902 ἀδελφοὺς,
1202 3825 1276 3885 ὧν
1306 3829 1384 3900 τῷ
1412 3830 1677 3902 χωρισμῷ
1711 3849 1959 3902 σπαρασ-

369 3923 603 3993 σόμεθα.
632 3922 819 3977 Ταῦτα
858 3923 1009 3994 ὑμῖν,
1058 3923 1190 3995 παρ’
1219 3916 1301 3987 οἷς
1328 3940 1380 3976 τι
1431 3923 1526 3976 καὶ
1557 3923 1786 3987 ζωτικὸν
1812 3925 1961 3996 cupi-

369 4033 598 4086 σκομεν,
626 4019 739 4080 τοῖς
771 4016 899 4087 περὶ
929 4015 1018 4068 τὸν
1044 4015 1174 4069 Υἰὸν
1200 4015 1538 4083 ὑγιαίνουσιν
1564 4032 1577 4044 ’
1610 4009 1685 4070 ὧν
1714 4017 1802 4069 τὸν
1844 4017 1959 4086 βίον

368 4106 764 4179 θαυμάζοντες,
807 4109 906 4162 οὐκ
933 4108 1264 4180 ἐπαινοῦμεν
1300 4108 1477 4180 πάντη
1639 4109 1730 4162 τὸν
1758 4109 1916 4178 λόγον
1945 4128 1955 4142 τ

364 4199 418 4251 οἱ
448 4196 517 4251 τὰ
545 4196 639 4251 τοῦ
669 4197 811 4252 Πνεῦ
823 4216 991 4269 ματος
1021 4198 1256 4269 ἔχοντες,
1295 4201 1387 4253 καὶ
1418 4202 1480 4253 τὸ
1512 4199 1740 4272 Πνεῦμα
1792 4218 1963 4273 προσ-

365 4290 586 4356 λάὸετε,
628 4291 714 4346 ἵνα
746 4291 820 4362 μὴ
850 4291 1052 4362 ἀθλῆτε
1090 4292 1271 4362 μόνον,
1294 4292 1431 4346 ἀλλὰ
1465 4295 1560 4346 καὶ
1593 4295 1860 4365 νομίμως,
1901 4293 1963 4360 ἐξ

363 4378 430 4438 οὗ
456 4385 550 4438 καὶ⁸
580 4386 608 4437 ὁ
633 4383 919 4452 στέφανος.
978 4379 1148 4448 Οὗτος
1176 4386 1304 4456 ὑμῖν
1341 4385 1520 4456 δοθείη
1557 4387 1655 4457 τῆς
1685 4387 1962 4453 πολιτείας

2060 3187 2220 3257 idque
2247 3191 2608 3258 potissimum,
2645 3197 2690 3249 si
2725 3193 2777 3248 id
2823 3195 2889 3248 de
2933 3211 3039 3264 quo
3067 3205 3358 3263 pugnatur,
3395 3197 3645 3265 spiritua-

2062 3281 2128 3338 lis
2171 3284 2414 3352 quaedam
2466 3286 2725 3340 timiditas
2783 3286 2964 3355 fuerit,
3005 3305 3110 3342 non
3165 3297 3346 3342 autem
3378 3289 3643 3345 diabolica

2063 3376 2359 3430 contentio.
2412 3377 2610 3446 Atque,
2645 3387 2702 3431 ut
2742 3380 2984 3448 apertius
3006 3388 3060 3432 et
3089 3379 3534 3448 compendiosius
3576 3380 3649 3434 ln-

2063 3480 2219 3533 qnar,
2280 3467 2361 3520 sic
2391 3467 2535 3521 inter
2555 3483 2651 3522 nos
2698 3483 2942 3538 agamus,
2967 3479 3022 3524 ιιι
3047 3485 3145 3525 nee
3173 3484 3289 3535 vos,
3312 3471 3648 3525 sublintloris

2065 3557 2213 3611 vocis
2239 3572 2423 3621 causa,
2447 3573 2545 3614 nos
2567 3559 2621 3612 in
2652 3560 2860 3614 crimen
2892 3562 3094 3616 vocetis
3124 3570 3249 3629 (nec
3277 3563 3420 3616 enim
3439 3562 3647 3616 invidia

2064 3660 2118 3700 et
2149 3648 2573 3716 reprehensione
2608 3651 2959 3719 premidebet
2991 3651 3299 3718 huiusmodi
3331 3654 3648 3722 ascensus);

2067 3755 2167 3794 nec
2214 3756 2313 3798 nos
2374 3741 2610 3796 vicissim
2649 3757 2769 3796 eam
2796 3757 3007 3807 vocem,
3039 3743 3193 3811 cujus
3227 3743 3386 3798 modo
3423 3759 3652 3813 capaces

2066 3832 2220 3895 estis,
2269 3831 2421 3888 vobis
2476 3831 2835 3901 objiciemus,
2889 3836 3125 3900 quandiu
3185 3836 3293 3890 alio
3345 3835 3540 3890 itinere
3583 3838 3650 3888 ad

2069 3923 2208 3976 idem
2236 3923 2525 3991 hospitium
2562 3923 2830 3979 feremini.
2874 3923 2993 3978 Non
3015 3925 3160 3980 enim
3179 3927 3462 3980 victoriam
3489 3926 3655 3978 ambi-

2071 4027 2210 4077 mus,
2229 4015 2346 4078 sed,
2371 4025 2429 4068 ttt
2449 4015 2905 4086 fratres,quorum
2931 4016 3298 4084 tlisjunctione
3321 4017 3651 4080 cruciamur,

2070 4105 2136 4159 ad
2169 4121 2271 4161 nos
2313 4108 2557 4171 redeant,
2589 4108 2916 4164 laboramus.
2958 4109 3136 4177 Atque
3165 4110 3280 4164 lttee
3308 4110 3374 4164 ad
3393 4125 3487 4164 vos
3513 4111 3652 4163 (“CH

2072 4198 2203 4265 sint,
2233 4201 2370 4266 apud
2419 4216 2558 4270 quos
2579 4201 2742 4254 vitale
2782 4201 3060 4270 quidpiam
3104 4202 3430 4270 reperimus,
3457 4203 3654 4271 quippe

2072 4291 2318 4360 quisane
2346 4301 2508 4361 atque
2542 4294 2749 4363 integre
2773 4293 2841 4346 de
2891 4292 3028 4347 Filio
3077 4292 3358 4359 sentiatis;
3403 4307 3653 4361 quorum,

2070 4397 2196 4436 cum
2234 4384 2398 4436 vitam
2425 4384 2650 4438 miriﬁce
2685 4385 2994 4453 probemus,
3017 4386 3318 4438 doctrinam
3353 4394 3531 4439 tamen
3555 4400 3659 4437 non

368 4475 586 4547 μισθὸς,
615 4477 948 4547 ὁμολογῆσαι
973 4477 1034 4530 τὸ
1065 4477 1290 4546 Πνεῦμα
1325 4478 1569 4544 τελείως,
1600 4479 1692 4532 καὶ
1727 4480 1958 4551 κηρῦξαι

2073 4475 2220 4528 omni
2259 4491 2322 4530 ex
2373 4487 2527 4544 parte
2575 4477 2886 4542 laudamus;
2941 4477 3191 4546 quicum
3249 4492 3334 4538 ea,
3385 4492 3506 4546 qua:
3537 4487 3663 4531 sunt

369 4571 470 4624 σὺν
503 4572 637 4642 ἡμῖν
664 4588 724 4624 τε
755 4573 850 4625 καὶ
885 4573 991 4641 πρὸ
1022 4574 1181 4645 ἡμῶν
1209 4576 1334 4628 ὅσον
1364 4575 1532 4642 ἄξιον.
1562 4573 1760 4644 Τολμῶ
1791 4592 1843 4627 τι
1865 4573 1962 4626 καὶ

2079 4566 2334 4637 Spiritus,
2384 4568 2652 4634 habeatis,
2705 4569 2968 4638 Spiritum
3015 4583 3236 4638 quoque
3277 4567 3500 4636 insuper
3519 4582 3663 4620 assu-

370 4683 523 4748 mite,
555 4691 614 4738 ut
640 4698 748 4737 non
784 4681 958 4737 solum
989 4683 1234 4744 certetis,
1279 4682 1373 4734 sed
1412 4681 1575 4735 etiam
1602 4678 1864 4752 legitime,
1904 4694 2028 4735 cum
2072 4681 2200 4735 hinc
2221 4696 2436 4750 quoque
2469 4697 2682 4736 corona:
2738 4682 2904 4735 decus
2935 4689 3301 4750 comparetur.
3343 4677 3457 4734 Hoc
3497 4678 3652 4731 vobis

370 4796 588 4836 morum
623 4789 678 4834 et
714 4779 839 4834 vitae
888 4779 1170 4849 premium
1225 4777 1384 4832 detur
1406 4818 1420 4838 ,
1466 4787 1525 4833 ut
1569 4777 1830 4847 Spiritum
1871 4779 2028 4847 plene
2068 4778 2420 4848 perfecteque
2451 4780 2818 4833 conﬁteamini
2846 4824 2858 4844 ,
2899 4795 2962 4833 ac
2995 4777 3277 4833 nobiseum
3299 4820 3314 4843 ,
3348 4780 3458 4831 imo
3489 4779 3650 4832 etiam

374 4888 505 4934 ante
531 4890 631 4930 nos
653 4914 669 4940 ,
703 4882 968 4944 quantum
1001 4888 1213 4942 aequum
1240 4882 1344 4936 est,
1369 4875 1696 4942 praalicetis.

827 4965 930 5019 Ἐκ
955 4964 1062 5018 τοῦ
1097 4964 1285 5018 αὐτοῦ
1309 4964 1517 5028 λόγου.

448 5063 522 5115 Τὸ
550 5059 778 5130 Πνεῦμα
826 5057 889 5111 τὸ
938 5055 1092 5122 ἅγιον
1138 5050 1207 5125 ἦν
1255 5055 1355 5123 μὲν
1393 5057 1503 5116 ἀεὶ,
1537 5057 1629 5108 καὶ
1679 5055 1819 5122 ἔστι,
1865 5059 1961 5111 καὶ

377 5154 558 5215 ἔσται,
587 5150 710 5205 οὔτε
766 5148 1094 5218 ἀρξάμενον,
1131 5145 1253 5199 οὔτε
1295 5147 1662 5217 παυσόμενον,
1713 5149 1828 5201 ἀλλ’
1874 5152 1957 5202 ἀεὶ

379 5245 561 5316 [latva
615 5244 709 5298 καὶ
759 5241 877 5312 Υίῷ
921 5239 1394 5308 συντεταγμένον,
1449 5242 1542 5293 καὶ
1595 5241 1962 5311 συναριθμοῦ-

383 5353 576 5409 μενον⁹
603 5335 724 5389 οὐδὲ
749 5335 859 5405 γὰρ
889 5333 1126 5404 ἔπρεπεν
1157 5329 1429 5384 ἐλλείπειν
1464 5331 1668 5402 ποτὲ,ἢ
1696 5332 1825 5384 Υἱὸν
1853 5334 1963 5384 Πα-

379 5429 490 5496 τρὶ,
522 5428 555 5496 ἢ
594 5427 818 5496 Πνεῦμα
855 5425 990 5495 Υίῷ.
1027 5423 1120 5495 Τῷ
1155 5424 1396 5495 μεγίστῳ
1435 5428 1542 5494 γάρ
1571 5422 1638 5477 ἂν
1665 5420 1734 5494 ἦν
1773 5424 1962 5489 ἄδοξος

381 5519 418 5586 ἡ
448 5518 662 5587 θεότης,
707 5517 896 5588 ὥσπερ
944 5519 1008 5570 ὲκ
1057 5515 1422 5586 μεταμελείας
1451 5513 1682 5568 ἐλθοῦσα
1715 5515 1797 5576 εἰς
1828 5531 1966 5584 συμ-

385 5610 673 5681 πλήρωσιν
707 5609 1067 5678 τελειότητος.
1096 5604 1205 5660 Ἦν
1247 5606 1342 5660 οῦν
1373 5607 1459 5659 ἀεὶ
1497 5604 1864 5678 μεταληπτδν,
1902 5607 1962 5657 οὐ

539 5763 554 5792 ¹
589 5758 687 5812 lsa.
718 5773 837 5823 vttt,
883 5755 975 5823 l4;
1011 5755 1166 5809 Rom.
1209 5771 1284 5822 ιιι,
1312 5755 1396 5815 55.

2572 4967 2653 5020 Ea:
2693 4967 2877 5022 eadem
2911 4969 3175 5021 oratione.

2143 5060 2378 5128 Spiritus
2427 5070 2648 5114 sanctus
2680 5075 2897 5130 semper
2942 5060 3161 5128 quidem
3204 5071 3324 5114 erat
3371 5072 3561 5125 etest,
3607 5073 3659 5114 et

2069 5155 2190 5215 erit,
2229 5168 2332 5207 nec
2360 5153 2469 5207 ullo
2495 5163 2615 5207 ortu
2645 5164 2956 5224 generatus,
2993 5169 3094 5209 nec
3136 5153 3296 5208 linem
3349 5155 3657 5213 habiturn».

2074 5244 2166 5298 sed
2212 5259 2428 5314 semper
2457 5260 2582 5299 cum
2623 5245 2783 5300 Patre
2833 5253 2887 5300 et
2929 5245 3069 5300 Filio
3105 5248 3456 5316 conjunctus,
3494 5254 3658 5314 atque

2069 5348 2534 5393 connumeratus:
2571 5353 2674 5393 nec
2707 5340 2853 5393 enim
2901 5340 3259 5394 conveniebat
3291 5349 3349 5393 ut
3381 5339 3461 5392 vel
3496 5337 3658 5392 Pater

2071 5426 2238 5494 Filio,
2279 5430 2362 5481 vel
2422 5427 2590 5483 Filius
2648 5429 2854 5498 Spiritu
2907 5439 3094 5484 sancto
3141 5444 3377 5497 unquam
3423 5439 3657 5482 careret.

2069 5517 2202 5572 Nam
2251 5521 2451 5588 alioqui
2485 5521 2782 5574 maximum
2817 5519 3088 5574 divinitati
3118 5519 3354 5574 dedecus
3391 5516 3659 5572 conﬂare-

2072 5617 2183 5673 tur,
2217 5617 2274 5662 ttt
2301 5624 2420 5679 qua:
2456 5607 2520 5663 ad
2563 5608 2945 5676 perfectionem
2993 5617 3248 5678 tanquam
3292 5624 3356 5662 ex
3391 5606 3660 5679 pmnitena
