4082 6420
421 316 524 383 847

1658 321 2045 383 EUTHYMH
2085 321 2443 383 ZIGABENI

3588 329 3697 395 858

426 464 501 517 tia
531 460 791 517 venisset.
822 460 950 514 Erat
992 459 1154 531 igitur
1199 474 1421 529 semper
1461 460 1851 528 perceptiliilis,
1888 477 1989 517 non

2109 446 2541 518 μεταληπτικόνο
2595 450 2855 512 τελειοῦν.
2887 452 2950 505 ού
2981 451 3351 524 τελειούμενον
3371 471 3385 484 ·
3424 456 3685 529 πληροῦν,

426 553 726 621 particeps;
746 552 1176 624 perﬁcicns,uon
1195 551 1264 605 ab
1289 551 1396 605 alio
1418 550 1689 621 perfectus
1712 570 1728 620 ;
1747 557 1994 625 explens,

426 660 533 697 non
567 642 847 711 expletus;
870 640 1234 705 sanctiﬁcans,
1257 655 1363 695 non
1391 641 1794 711 sanctiﬁcatus;
1844 646 1996 700 deiti-

424 748 575 801 cans,
617 749 723 789 non
759 733 1086 788 deiﬁcatus:
1137 733 1253 802 ipse
1305 748 1543 802 semper,
1596 745 1651 788 et
1714 748 1997 802 sectnn,ct

422 841 544 878 cum
604 825 691 890 iis,
736 823 933 893 quibus
965 824 1257 892 adjunctus
1311 833 1419 893 est,
1454 825 1593 880 idem
1640 834 1694 881 et
1732 829 1992 896 aequalis;

425 916 730 981 invisibilis,
777 916 1047 986 temporis
1083 930 1300 985 expers,
1370 916 1516 972 nullo
1567 917 1685 972 loco
1731 918 1994 985 inclusus,

412 997 804 1075 immutabilis;
839 1007 1128 1078 qualitate,
1177 1009 1506 1077 quantitate,
1543 1007 1713 1062 forma
1762 1021 1816 1063 et
1851 1020 1994 1063 tactu

422 1117 635 1167 carens,
673 1102 913 1170 seipsum
953 1115 1202 1166 movens,
1246 1115 1311 1155 ac
1346 1101 1738 1171 sempiternum
1788 1110 1993 1155 motum

413 1196 655 1258 .habens,
700 1192 916 1248 arbitrii
960 1191 1119 1258 liber,
1154 1207 1252 1261 per
1298 1207 1357 1248 se
1408 1186 1616 1261 potens,
1654 1195 1995 1262 omnipotens

416 1285 661 1355 (tametsi.
675 1285 741 1339 ad
763 1285 995 1355 primam
1036 1297 1276 1351 causam,
1307 1283 1566 1338 utomnia
1606 1299 1670 1339 ea
1707 1299 1828 1353 qua:
1858 1282 1995 1339 Uni-

417 1377 584 1448 geniti
617 1383 764 1436 sunt.
790 1377 862 1429 ita
887 1376 1048 1430 etiam
1072 1390 1195 1444 quae
1234 1374 1469 1445 Spiritus
1491 1376 1666 1430 sancti
1690 1388 1836 1439 sunt,
1862 1374 1997 1430 reie-

420 1466 664 1537 rantur);
696 1468 829 1531 vita,
869 1474 925 1521 et
954 1464 1272 1531 viviﬁcans;
1303 1464 1426 1529 lux,
1457 1474 1514 1519 et
1554 1465 1693 1521 lucis
1737 1465 1992 1533 largitor;

429 1557 648 1612 bonitas
699 1556 928 1625 ipsa,.et
981 1555 1099 1611 fons
1146 1554 1441 1620 bonitatis;
1506 1555 1739 1625 Spiritus
1792 1565 1992 1621 rectus,

420 1647 763 1717 principalis,
801 1647 1075 1713 dominus,
1105 1646 1351 1712 mittens,
1378 1661 1692 1717 segregans,
1737 1646 1990 1716 templum

413 1739 514 1793 sibi
555 1747 873 1803 exstruens,
918 1737 1062 1792 viam
1104 1746 1553 1807 pramonstrans,
1579 1736 1846 1791 arbitratu
1893 1751 1993 1790 suo

410 1842 665 1897 uperans,
695 1829 1013 1899 gratiasque
1068 1828 1347 1893 dividens:
1393 1828 1628 1897 Spiritus
1660 1828 1988 1896 adoptionis,

2100 1817 2292 1889 Πατὴρ
2341 1819 2666 1887 γινώσκεται
2716 1856 2733 1880 .

410 1920 676 1986 veritatis,
717 1920 1020 1989 sapientiae,
1050 1920 1373 1990 intellectus,
1403 1918 1667 1982 scientiae,
1751 1918 1988 1989 pietatis.

410 2009 1007 2077 consilii,.l‘ortitudinis
1053 2016 1101 2077 ί,
1144 2011 1375 2078 timoris,
1404 2010 1855 2079 quemadmodum
1884 2026 1986 2063 nu—

416 2112 729 2169 merantur;
775 2118 872 2174 per
917 2118 1075 2173 quem
1120 2103 1283 2158 Pater
1326 2102 1690 2175 cognoscitur,
1724 2111 1779 2156 et
1818 2101 1988 2157 Filius

415 2193 773 2261 gloriﬁcatur,
807 2203 862 2249 et
881 2209 920 2249 α
948 2194 1143 2263 quibus
1159 2194 1297 2251 solis
1323 2195 1436 2263 ipse
1460 2195 1825 2263 cognoscitur,
1867 2207 1973 2246 una

412 2282 626 2347 classis,
678 2297 817 2338 unus
866 2283 1066 2348 cultus,
1095 2299 1201 2338 una
1235 2283 1501 2347 adoratio,
1548 2281 1812 2350 potentia,
1858 2295 1985 2348 per-

415 2369 597 2435 fectio,
635 2373 918 2426 sanctitas.
979 2369 1117 2437 Quid
1173 2371 1417 2441 pluribus
1456 2372 1635 2427 verbis
1678 2386 1814 2439 opus
1856 2368 1982 2423 est?

410 2459 626 2527 Omnia,
654 2475 993 2532 quaecunque
1014 2462 1176 2538 Pater
1207 2463 1391 2527 habet,
1422 2471 1547 2517 sunt
1581 2462 1724 2529 Filii,
1756 2470 1982 2533 praeter-

2105 541 2166 594 οὐ
2198 538 2607 611 πληρούμενον·
2641 540 2884 608 ἁγιάζον,
2925 543 3023 612 οὐχ
3070 541 3457 614 ἁγιαζόμενον·
3508 547 3687 613 θεοῦν,

2106 632 2168 684 οὐ
2198 631 2488 703 θεούμενον
2511 650 2525 663 ·
2556 631 2689 685 αὐτὸ
2740 632 2919 704 ἐαυτῷ
2945 634 3141 688 ταυτὸν
3189 636 3297 702 ἀεὶ,
3330 638 3423 691 καὶ
3448 634 3531 703 οἷς
3565 657 3689 694 συν-

2106 722 2364 776 τέτακται
2392 741 2404 752 ·
2428 722 2679 794 ἀόρατον,
2698 725 2943 795 ἄχρονον,
2967 724 3273 798 ἀχώρητον,
3304 728 3684 797 ἀναλλοίωτον,

2107 813 2320 878 ἄποιον,
2357 813 2582 877 ἄποσον,
2619 814 2879 882 ἀνείδεον,
2916 817 3145 886 ἀναφὲς,
3176 819 3551 891 αὐτοκίνητον,
3579 824 3689 877 ἀει-

2110 903 2347 973 κίνητον,
2382 905 2749 971 αὐτεξούσιον,
2803 908 3175 979 αὐτοδύναμον
3199 949 3215 974 ,
3276 912 3689 985 παντοδύναμον

2109 998 2200 1063 (εί
2231 998 2324 1050 καὶ
2354 998 2491 1069 πρὸς
2523 998 2621 1070 τὴν
2651 999 2875 1072 πρώτην
2902 1002 3103 1066 αἰτίαν,
3140 1002 3330 1076 ὥσπερ
3356 1005 3425 1058 τὰ
3450 1005 3546 1059 τοῦ
3560 1007 3687 1060 ,Μο-

2108 1087 2362 1157 νογενοῦς
2414 1089 2646 1155 ἅπαντα,
2713 1090 2855 1144 οὕτω
2891 1091 2954 1162 δὴ
2994 1094 3090 1146 καὶ
3132 1094 3201 1148 τὰ
3236 1094 3332 1148 τοῦ
3365 1095 3687 1167 Πνεύματος

2108 1180 2522 1251 ἀναπέμπεται)
2544 1198 2560 1212 ·
2601 1180 2733 1251 ζωὴ,
2767 1184 2862 1235 καὶ
2887 1183 3175 1248 ζωοποιόψ
3212 1186 3361 1255 φῶς,
3397 1189 3491 1241 καὶ
3518 1206 3687 1260 χορη-

2109 1270 2205 1339 γὸν
2267 1271 2478 1340 φωτός⁹
2532 1272 2869 1341 αὐτοαγαθδν
2890 1314 2906 1339 ,
2962 1276 3057 1328 καὶ
3104 1276 3253 1347 πηγὴ
3308 1278 3643 1349 ἀγαοότητος
3666 1296 3683 1312 ο

2109 1361 2333 1433 Πνεῦμα
2355 1362 2530 1426 εὐθές,
2556 1364 2901 1434 ἡγεμονικὸν,
2933 1365 3144 1437 κύριον,
3175 1369 3525 1435 άποστέλλον,
3575 1373 3683 1441 ἁφ-

2106 1454 2310 1526 ορίζον,
2327 1455 2611 1509 ναοποιοῦν
2632 1455 2831 1527 ἐαυτῷ,
2853 1456 3104 1526 ὁδηγοῦν,
3133 1460 3385 1530 ἐνεργοῦν
3414 1461 3490 1524 ὡς
3505 1461 3686 1531 βούλε-

2102 1563 2213 1610 ται,
2247 1546 2489 1618 διαιροῦν
2530 1548 2881 1619 χαρίσματα*
2928 1549 3154 1621 Πνεῦμα
3192 1552 3497 1620 υίοθεσίας,
3549 1553 3686 1624 ἀλη-

2103 1636 2274 1701 θείας,
2302 1638 2495 1706 σοφίας
2518 1676 2535 1702 ,
2570 1630 2858 1703 ώνέσεως,
2891 1638 3182 1709 γνώσεως,
3223 1641 3528 1707 εὐσεϐείας,
3563 1641 3689 1712 βου-

2099 1725 2220 1797 λῆς,
2257 1726 2458 1798 ἰσχύος,
2494 1726 2683 1797 φόϐου,
2701 1727 2809 1783 τῶν
2832 1730 3312 1802 ἀπηριθμημένων
3356 1747 3374 1767 °
3526 1734 3593 1787 δι’
3620 1730 3685 1791 οὖ

2907 1821 3003 1875 καὶ
3051 1821 3180 1885 Υίὺς
3233 1822 3550 1889 δοξάζεται,
3586 1826 3685 1879 καὶ

2099 1910 2231 1980 παρ’
2258 1901 2332 1963 ὧν
2359 1909 2535 1981 μόνων
2584 1909 2934 1979 γινώσκεται,
2989 1912 3088 1983 μία
3130 1913 3401 1980 σύνταξις,
3455 1914 3682 1987 λατρεία

2101 1997 2222 2069 μία,
2259 1998 2649 2070 προσκύνησις,
2683 1999 2934 2072 δύναμις,
2969 2002 3261 2075 τελειότης,
3288 2005 3577 2076 ἀγιασμός.
3614 2006 3684 2059 Τί

2104 2107 2196 2162 μοι
2234 2091 2628 2164 μακρολογεῖν;
2673 2093 2860 2147 Πάντα
2894 2094 2995 2147 ὅσα
3026 2094 3056 2147 ὁ
3110 2094 3301 2167 Πατὴρ
3326 2135 3341 2160 ,
3389 2096 3484 2149 τοῦ
3528 2096 3685 2158 Υῖοῦ.

2100 2181 2239 2255 πλὴν
2296 2183 2396 2253 τῆς
2591 2184 2937 2256 ἀγεννησίας.
2972 2186 3159 2240 Πάντα
3189 2187 3291 2239 ὅσα
3331 2188 3361 2241 ό
3407 2186 3555 2250 Υἱὸς,
3586 2188 3684 2241 τοῦ

2100 2274 2437 2346 Πνεύματος,
2460 2275 2599 2346 πλὴν
2619 2275 2723 2345 τῆς
2755 2278 3082 2349 γεννήσεως.
3132 2277 3318 2332 Ταῦτα
3352 2278 3409 2332 δὲ
3452 2279 3549 2332 οὐκ
3593 2279 3686 2333 οὐ·

2100 2365 2221 2430 σίας
2252 2366 2522 2436 ἀφορίζει,
2557 2367 2702 2422 κατά
2728 2385 2794 2437 γε
2824 2368 2917 2423 τὸν
2941 2368 3076 2441 ἐμὸν
3106 2368 3266 2439 λόγον
3290 2409 3306 2437 ,
3335 2371 3467 2441 περὶ
3493 2370 3684 2424 οὐσίαν

2095 2450 2153 2504 δέ
2174 2452 2518 2525 ἀφορίζεται.

405 2553 566 2607 quam
613 2541 758 2608 quod
795 2541 1071 2615 ingenitus
1122 2557 1232 2597 non
1297 2550 1401 2596 est.
1438 2539 1632 2595 Omnia
1689 2554 2033 2611 quaecunque
2064 2540 2255 2610 Filius,
2313 2544 2550 2614 Spiritus
2598 2548 2772 2603 sancti
2836 2559 2985 2616 sunt,
3033 2549 3081 2604 si
3122 2549 3532 2619 generationem
3584 2567 3685 2609 ex-

408 2635 642 2706 ceperis.
702 2638 831 2694 Hac.
893 2654 1056 2710 porro
1092 2637 1457 2695 substantiam
1510 2651 1622 2693 non
1661 2644 1980 2705 secernunt,
2009 2645 2070 2694 ut
2098 2638 2316 2708 quidem
2358 2642 2475 2711 ipse
2510 2643 2692 2699 sentio
2717 2682 2735 2710 ,
2780 2658 2969 2698 verum
3011 2645 3154 2699 circa
3187 2644 3544 2701 substantiam
3588 2661 3681 2702 se-

408 2742 730 2788 cernuntur.

916 2831 999 2887 Ea:
1021 2833 1203 2887 eadem
1233 2832 1493 2888 oratione.

482 2924 723 2979 Ptimttnt
782 2924 948 2997 igitur
1004 2925 1245 2995 Spiritus
1300 2937 1524 2982 sanctus
1571 2925 1626 2982 in
1691 2926 1989 2998 angelicis,

348 3059 354 3063 ‹
415 3026 470 3070 et
500 3017 821 3074 coelestibus
861 3019 1174 3085 virtutibus,
1223 3020 1421 3091 iisque,
1473 3037 1599 3094 quae
1650 3035 1769 3095 post
1820 3024 1992 3081 Deum

414 3107 605 3176 prima;
633 3119 782 3175 sunt,
807 3123 1040 3182 eumque
1065 3111 1450 3180 circumstant,
1487 3115 1596 3169 vim
1620 3130 1777 3171 suam
1833 3132 1993 3173 exer-

412 3200 591 3256 cebat.
623 3200 813 3272 Neque
835 3203 986 3258 enim
1011 3202 1235 3260 aliunde
1267 3205 1659 3275 perfectionem
1694 3217 1752 3263 et
1806 3209 1992 3279 splen-

411 3298 600 3353 dorem
631 3299 854 3365 habent,
882 3299 1046 3370 idque
1077 3310 1369 3370 pmterea.
1403 3310 1463 3356 ut
1494 3302 1564 3358 ad
1600 3302 1801 3358 malum
1820 3319 1991 3375 aegre,

412 3388 495 3442 vel
529 3387 675 3443 nullo
699 3403 925 3457 prorsus
958 3391 1120 3446 modo
1166 3392 1397 3448 moveri
1450 3401 1677 3462 queant,
1746 3408 1910 3464 quam
1963 3411 1994 3451 a

410 3479 615 3549 Spiritu
642 3491 854 3535 sancto.
895 3482 1095 3537 Deinde
1143 3482 1197 3537 in
1265 3483 1516 3540 Patribus
1579 3494 1634 3540 et
1687 3487 1990 3556 prophetis,

407 3587 638 3641 qnnrtnn
663 3572 754 3627 alii
787 3573 954 3628 Deum
979 3589 1077 3643 per
1103 3574 1398 3644 imaginem
1430 3574 1702 3643 viderunt,
1739 3585 1833 3631 aut
1898 3592 1993 3631 co-

407 3672 734 3731 gnoverunt,
769 3664 860 3718 alii
891 3673 1079 3719 autem
1117 3666 1284 3719 etiam
1313 3680 1401 3721 res
1428 3664 1642 3722 futuras
1694 3668 1988 3737 praescive-

409 3765 557 3824 runt,
603 3756 927 3827 impressam
968 3756 1226 3812 nimirum
1277 3771 1375 3827 per
1422 3756 1689 3829 Spiritum
1734 3769 1987 3814 sanctum

2541 2834 2641 2889 Ἐκ
2688 2833 2795 2889 τοῦ
2822 2833 3013 2891 αὐτοῦ
3043 2837 3256 2908 λόγου.

2172 2925 2346 2981 Τοῦτο
2389 2925 2627 2998 ἐνέργει,
2661 2928 2928 3000 πρότερον
2960 2931 3061 2999 μὲν
3108 2931 3168 2985 ἐν
3212 2932 3333 2994 ταῖς
3360 2929 3689 3000 ἀγγελικαῖς

2092 3024 2189 3078 καὶ
2210 3024 2484 3095 οὐρανίοις
2671 3024 2970 3096 δυνάμεσι,
3017 3028 3112 3081 καὶ
3138 3028 3262 3081 ὅσαι
3292 3028 3507 3102 πρῶται
3539 3030 3679 3101 μετά

2090 3113 2223 3167 Θεὸν
2245 3152 2261 3179 ,
2294 3114 2394 3167 καὶ
2434 3114 2561 3185 περὶ
2604 3113 2760 3169 Θεόν.
2807 3116 2880 3169 οὐ
2923 3115 3033 3188 7&9
3062 3115 3285 3172 ἄλλοθεν
3313 3119 3505 3183 αὐταῖς
3534 3121 3566 3190 ἡ
3591 3136 3681 3173 τε-

2019 3237 2060 3293 c
2091 3202 2308 3293 λείωσις
2335 3206 2430 3258 καὶ
2459 3207 2492 3276 ἡ
2525 3204 2813 3276 ἐλλαμψις,
2871 3207 2968 3261 καὶ
2997 3207 3058 3261 τὸ
3086 3207 3225 3280 πρὸς
3258 3209 3455 3264 κακίαν
3486 3210 3678 3265 δυσκί-

2093 3292 2273 3367 ιθητον,
2334 3295 2369 3366 ἢ
2421 3296 2701 3367 ἀκίνητον,
2733 3296 2767 3368 ἢ
2803 3297 2956 3370 παρὰ
2987 3296 3083 3352 τοῦ
3129 3300 3289 3369 ἁγίου
3338 3302 3677 3372 Πνεύματος.

2098 3389 2328 3443 Ἔπειτα
2353 3389 2542 3454 ἐντοῖς
2570 3389 2842 3461 Πατράσι,
2876 3391 2971 3445 καὶ
3004 3393 3064 3444 ἐν
3083 3394 3199 3456 τοῖς
3225 3395 3554 3465 προφήταις,
3601 3387 3680 3449 ὧν

2094 3482 2145 3534 οἱ
2178 3481 2279 3552 μὲν
2305 3482 2727 3552 ἐφαντάσθησαν
2749 3481 2905 3546 Θεὸν,
2932 3483 2966 3554 ἢ
2993 3483 3259 3552 ἔγνωσαν,
3304 3485 3353 3538 οἱ
3397 3484 3454 3539 δὲ
3497 3486 3592 3539 καὶ
3616 3485 3680 3538 τὸ

2100 3570 2292 3641 μέλλον
2323 3571 2675 3642 προέγνωσαν
2694 3572 3030 3643 τυπούμενοι
3058 3573 3135 3644 τῷ
3166 3574 3444 3646 Πνεύματι
3462 3574 3525 3629 τὺ
3548 3578 3680 3647 ἡγε-

2094 3662 2332 3732 μονικὸν,
2348 3664 2442 3717 καὶ
2465 3663 2541 3727 ώς
2567 3663 2803 3735 παροῦσι
2826 3665 3078 3730 συνόντες
3097 3668 3211 3731 τοῖς
3236 3668 3536 3738 ἐσομένοις.
3551 3668 3681 3721 Τοι-

2083 3754 2225 3826 αύτη
2248 3753 2357 3825 γὰρ
2382 3756 2416 3825 ή
2447 3755 2541 3808 τοῦ
2574 3755 2894 3827 Πνεύματος
2922 3756 3172 3828 δύναμις.
3196 3759 3431 3812 Ἔπειτα
3464 3761 3521 3812 ἐν
3560 3761 3677 3822 τοῖς

405 3849 705 3918 principem
734 3849 901 3905 animi
927 3858 1138 3919 partem
1168 3850 1458 3917 habentes,
1496 3859 1553 3905 et
1608 3866 1734 3907 cum
1788 3852 1987 3908 tuturis

2094 3845 2326 3918 Χριστοῦ
2361 3846 2635 3917 μαθηταῖς
2651 3847 2749 3917 (ἐῶ
2772 3848 2883 3919 γὰρ
2906 3847 3143 3920 Χριστὸν
3163 3849 3360 3914 εἰπεῖν,
3389 3840 3435 3916 ᾧ
3471 3848 3678 3920 παρῆν,

406 3950 664 4009 tanquam
698 3955 820 3997 cum
870 3941 1232 4012 praesentibus
1294 3952 1603 4000 versantes.
1666 3942 1984 4010 Huiusmodi

2094 3936 2273 4006 οὐχώς
2301 3935 2579 4007 ἐνεργοῦν,
2613 3937 2725 3991 ἀλλ’
2747 3937 2823 4001 ώς
2853 3937 3103 4009 ὁμοτίμῳ
3122 3937 3678 4010 συμπαρομαρτοῦν)·

403 4030 604 4100 quippe
625 4030 865 4099 Spiritus
909 4030 993 4086 vis
1022 4046 1089 4086 ac
1120 4031 1364 4102 potentia
1396 4042 1498 4087 est.
1534 4033 1672 4087 Tum
1701 4033 1753 4087 in
1780 4033 1985 4089 Christi

2094 4028 2182 4081 καὶ
2193 4027 2401 4092 τούτοις
2415 4028 2671 4100 τρισσῶς,
2695 4029 2819 4083 καθ’
2842 4029 2966 4083 ὅσον
2986 4023 3088 4083 die!
3114 4046 3176 4082 τε
3188 4024 3329 4101 ἦσαν
3352 4032 3568 4101 χωρεῖν,
3584 4030 3680 4083 καὶ

407 4120 691 4189 discipulis
716 4120 1017 4193 (Christum
1053 4120 1199 4176 enim
1236 4123 1619 4191 przetermitto,
1650 4121 1739 4177 cui
1770 4124 1986 4189 aderat,

2094 4118 2230 4172 κατά
2247 4119 2472 4189 καιροὺς
2482 4121 2648 4190 τρεῖς·
2667 4118 2797 4190 πρὶν
2818 4117 3135 4191 δοξασθῆναι
3150 4120 3386 4192 Χριστὸν
3395 4119 3474 4190 τῷ
3486 4119 3677 4173 Πάθει·

406 4225 512 4262 non
551 4219 609 4263 ut
636 4224 891 4278 operaus,
924 4211 1020 4265 sed
1045 4212 1387 4281 utaequalcm
1412 4213 1744 4284 comitatis);
1805 4213 1984 4284 iisque

2094 4210 2226 4281 μετὰ
2244 4210 2304 4265 τὺ
2318 4210 2639 4282 δοξρισθῆναι
2656 4214 2723 4283 τῇ
2739 4212 3056 4269 Ἀναστάσει
3093 4228 3110 4247 ο
3224 4211 3362 4280 μετά
3378 4212 3477 4285 τὴν
3493 4214 3573 4277 εἰς
3589 4214 3682 4267 οὐ·

406 4299 698 4366 tr.f.triam,
741 4310 904 4370 prout
937 4300 1182 4371 ipsorum
1207 4313 1400 4374 captus
1428 4302 1659 4372 ferebat,
1700 4305 1989 4376 tribusque

2094 4301 2603 4373 ρανοὺςἈνάόασιν,
2632 4301 2666 4371 ἢ
2685 4303 3147 4368 ἀποκατάστασιν,
3163 4304 3198 4374 ἢ
3220 4304 3248 4357 ὅ
3275 4321 3328 4356 τι
3344 4304 3449 4375 χρὴ
3477 4303 3677 4373 λέγειν.

302 5166 309 5171 μ
405 5124 742 5179 lutisnostrae

407 4388 791 4459 temporibus:
824 4406 1041 4462 nempe,
1078 4401 1373 4464 antequam
1422 4392 1674 4449 Christus
1719 4408 1817 4463 per
1850 4393 1984 4449 Pas-

405 4483 616 4537 sionem
649 4482 983 4554 gloriﬁcatus
1032 4490 1177 4539 esset
1208 4501 1223 4539 :
1270 4494 1558 4555 postquam
1597 4499 1696 4556 per
1726 4485 1991 4543 Βοιωτο-

2087 4393 2249 4463 Δηλοῖ
2274 4393 2332 4447 δὲ
2358 4394 2392 4465 ή
2431 4392 2622 4464 πρώτη
2645 4393 2754 4448 τῶν
2775 4393 2966 4457 νόσων,
3006 4394 3102 4447 καὶ
3128 4396 3162 4466 ἡ
3194 4394 3305 4448 τῶν
3344 4395 3679 4467 πνευμάτων

2086 4484 2385 4558 κάθαρσις,
2421 4485 2523 4539 οὐκ
2570 4484 2703 4539 ἀνευ
2754 4484 3078 4555 Πνεύματος
3135 4484 3336 4557 δηλαδὴ
3368 4485 3678 4557 γενομένηο

404 4575 640 4628 ιιὶοηθιιι
681 4573 1022 4644 gloriﬁcatus
1058 4574 1202 4630 fuit:
1240 4590 1306 4631 ac
1332 4568 1565 4648 denique
1593 4588 1718 4648 post
1754 4577 1870 4647 ejus
1918 4579 1987 4635 ad

2094 4576 2266 4632 καὶτὸ
2291 4575 2432 4649 μετὰ
2456 4575 2557 4647 τὴν
2588 4576 2903 4646 οἰκονομίαν
2927 4574 3252 4647 ἐμφύσημα,
3277 4575 3464 4645 σαφῶς
3490 4575 3551 4629 ὃν
3578 4575 3680 4644 ἒμ-

404 4665 573 4722 coelos
604 4664 1018 4732 Ascensionem,
1057 4667 1171 4723 sive
1226 4669 1651 4738 restitutionem,
1703 4671 1821 4726 sive
1847 4686 1989 4742 quo-

407 4773 626 4829 cunque
665 4759 774 4814 alio
806 4761 1031 4816 nomine
1099 4776 1186 4816 res
1226 4778 1289 4818 ea
1349 4762 1425 4818 sit
1481 4762 1820 4833 appellanda.
1871 4763 1987 4821 Hoc

406 4859 586 4903 autem
616 4850 1192 4919 perspicue'ostendit,
1223 4862 1337 4907 tum
1385 4853 1559 4924 prima
1606 4854 1696 4909 illa
1761 4854 1978 4910 morbo-

407 4955 525 4994 rum
554 4939 955 5009 Spirituumque
993 4942 1260 5012 depulsio,
1295 4959 1415 5013 quae
1440 4944 1988 5012 scilicetnonabsqne

406 5030 648 5101 Spiritus
675 5033 898 5088 numine
921 5032 1089 5088 ﬁebat
1115 5049 1134 5099 ;
1162 5043 1273 5088 tum
1304 5034 1391 5087 illa
1418 5043 1541 5104 post
1567 5035 1870 5090 conlectum
1903 5046 1993 5086 sa-

928 5127 1201 5196 negotinm
1230 5112 1536 5193 insumatio,
1567 5122 1981 5195 qumdivinioris

407 5214 763 5282 proculdubio
792 5216 1170 5285 inspirationis
1199 5218 1477 5288 specimen
1541 5215 1811 5279 habebat;
1877 5222 1989 5266 tum

403 5313 682 5372 postremo
714 5318 956 5374 praesens
988 5305 1103 5360 haec
1163 5305 1445 5376 ignearum
1496 5305 1799 5377 linguarum
1852 5300 1992 5355 divi-

404 5395 509 5460 sio,
542 5410 707 5466 quam
731 5395 898 5451 etiam
925 5396 1158 5452 solemni
1196 5397 1335 5453 l'esto
1358 5396 1727 5451 celebramus.
1786 5390 1991 5446 Verum

407 5486 581 5551 primo
609 5489 852 5559 quidem,
888 5489 1156 5571 obscure;
1190 5487 1405 5552 deinde,
1434 5486 1785 5557 expressius;
1840 5497 1991 5539 nunc

410 5589 560 5641 vero,
612 5578 933 5647 perfect—ins,
968 5588 1155 5650 utpote
1202 5579 1297 5649 qui
1363 5592 1469 5631 non
1518 5577 1632 5646 jam
1671 5576 1990 5647 operatione

408 5661 520 5716 sola
545 5680 785 5733 praesens
826 5669 917 5734 sit,
949 5678 1005 5724 ut
1031 5668 1203 5739 prius,
1234 5667 1327 5724 sed
1366 5667 1670 5733 essentiali,
1703 5674 1761 5722 ut
1802 5666 1880 5721 sic
1905 5664 1985 5718 lo-

569 5812 585 5845 ⁸
627 5811 724 5868 lsa.
759 5827 829 5875 at,
864 5811 942 5863 12.

2088 4686 2315 4734 πνευσις
2341 4667 2592 4738 θειοτέρα
2613 4684 2625 4698 ο
2651 4667 2747 4720 καὶ
2770 4669 2808 4723 ό
2829 4667 2924 4722 νῦν
2961 4668 3234 4739 μερισμὸς
3275 4668 3386 4722 τῶν
3431 4668 3678 4739 πυρίνων

2086 4758 2371 4829 γλωσσῶν,
2418 4758 2447 4810 ὃ
2488 4757 2583 4811 καὶ
2618 4755 3095 4829 πανηγυρίζομεν.
3274 4756 3436 4811 Ἀλλά
3476 4756 3538 4810 τὸ
3578 4757 3679 4826 μέν

2089 4850 2327 4921 πρῶτον,
2355 4845 2614 4921 ἀμυδρῶς
2633 4862 2647 4879 ο
2677 4848 2737 4901 τὸ
2760 4848 2818 4904 es
2850 4847 3128 4921 δεύτερον,
3164 4847 3547 4920 ἐκτυπώτερον
3574 4865 3588 4879 ·
3617 4847 3676 4902 τὸ

2089 4939 2147 4993 δὲ
2177 4939 2292 5003 νῦν,
2331 4937 2676 5011 τελεώτερον,
2707 4940 2809 4996 οὐκ
2838 4939 2921 4994 ἐτι
2949 4940 3201 5013 ἐνεργείᾳ
3224 4939 3433 5012 παρὸν,
3606 4935 3681 4997 ὡς

2086 5028 2375 5102 πρότερον,
2400 5030 2682 5093 οὖσιωδῶς
2708 5030 2787 5096 δὲ,
2810 5030 2893 5094 ὡς
2927 5030 2994 5086 ἂν
3022 5031 3169 5086 εἴποι
3214 5049 3321 5099 τις,
3356 5030 3681 5101 συγγινόμε-

2087 5119 2177 5173 νόν
2209 5135 2270 5171 τε
2302 5119 2394 5173 καὶ
2444 5118 2997 5191 συμπολιτευόμενον.
3061 5121 3311 5190 Ἔπρεπε
3358 5119 3489 5188 γὰρ,
3544 5115 3679 5170 Υίοῦ

2087 5209 2414 5279 σωματικῶς
2446 5211 2577 5281 ἡμῖν
2616 5210 3002 5283 ὁμιλήσαντος,
3035 5213 3128 5264 καὶ
3150 5210 3287 5265 αὐτὸ
3308 5209 3547 5278 φανῆναι
3577 5225 3682 5261 σω‹

2090 5300 2367 5370 ματικῶς’
2407 5302 2499 5356 καὶ
2540 5299 2776 5372 Χριστοῦ
2825 5302 2961 5374 πρὸς
3008 5302 3202 5355 ἐαυτὸν
3255 5300 3676 5364 ἐπανελθόντος,

2090 5389 2267 5444 ἐκεῖνο
2294 5390 2433 5461 πρὸς
2460 5391 2609 5461 ἡμᾶς
2636 5389 2920 5445 κατελθεῖν
2939 5407 2954 5423 ·
2981 5390 3277 5460 ἐρχόμενον
3322 5390 3421 5460 μὲν
3458 5389 3535 5451 ὡς
3562 5386 3677 5441 Κύ-

2084 5499 2227 5554 ριον,
2258 5481 2614 5554 πεμπόμενον
2639 5482 2697 5535 δὲ
2729 5483 2807 5547 ὼς
2840 5482 2940 5536 οὐκ
2977 5481 3245 5537 ἀντίθεον.
3268 5482 3335 5536 Αἱ
3359 5481 3467 5554 γὰρ
3496 5479 3681 5534 τοιαῦ-

2085 5589 2175 5626 ται
2221 5571 2397 5641 φωναὶ
2453 5572 2552 5645 οὐχ
2582 5567 2745 5643 ἦττον
2783 5573 2880 5645 τὴν
2908 5571 3160 5644 ὁμόνοιαν
3185 5572 3469 5645 δηλοῦσιν,
3502 5571 3536 5643 ἢ
3570 5569 3674 5642 φύ-

2088 5682 2202 5728 σεις
2375 5665 2716 5737 χιορίζουσιν.
3034 5650 3039 5653 ’
