4082 6440
414 374 526 441 819
1382 382 1765 444 PANOPLIA
1807 383 2270 447 DOGMATICA.
2297 404 2367 422 "-
2390 384 2538 445 TlT.
2582 383 2717 445 XII.
3587 382 3695 445 850

413 507 573 557 quur,
636 491 797 546 modo
862 492 1020 559 adsit,
1068 494 1339 566 simulque
1386 509 1657 553 versetur.
1704 498 1837 552 Nam
1898 513 2033 554 cum
2062 498 2239 553 Fiiius
2278 514 2603 567 corpoream
2640 495 2922 550 nobiscum
2978 493 3427 550 consuetudinem
3471 494 3697 550 habuis-

413 594 520 649 set,
560 582 822 655 Spiritum
861 603 1077 659 quoque
1127 606 1394 660 corporeo
1447 595 1611 649 modo
1665 596 1816 650 cerni
1847 594 2248 657 conveniebat;
2299 604 2355 649 et
2404 609 2526 649 cum
2589 594 2868 648 Christum
2929 591 2995 646 ad
3051 606 3172 654 sese
3224 606 3477 647 reversus
3528 600 3699 656 esset,

416 693 541 733 eum
602 680 669 734 ad
726 696 827 736 nos
864 682 1199 740 descendere
1253 695 1307 740 et
1352 688 1571 757 quidem
1607 690 1704 754 ita,
1730 701 1790 744 ut
1816 700 1892 757 et,
1921 699 2177 760 tanquam
2212 689 2490 753 Dominus,
2526 690 2757 750 veniret,
2791 696 2866 754 et,
2900 697 3160 757 tanquam
3210 687 3319 740 Deo
3352 701 3697 754 nequaquam

416 774 699 837 oppositus
721 812 736 836 ,

415 863 741 921 distrahunt.

486 961 587 1014 Διὰ
649 963 837 1028 τοῦτο,
876 964 1015 1034 μετὰ
1078 967 1313 1038 Χριστὸν
1376 970 1495 1041 μὲν,
1557 973 1646 1027 ἵνα
1707 975 1999 1046 Παράκλη-

414 1072 507 1117 τος
548 1055 682 1124 ἡμῖν
717 1056 791 1125 μὴ
827 1055 990 1130 λείπῃ
1012 1076 1029 1091 ο
1062 1061 1279 1127 Ἄλλος
1324 1062 1403 1129 δὲ,
1442 1064 1531 1118 ἵνα
1562 1067 1625 1120 σὺ
1672 1066 1772 1137 τὴν
1818 1071 1999 1136 ὁμοτι-

416 1147 548 1215 μίαν
594 1146 933 1219 ὲνθυμηθῇς.
976 1150 1049 1202 Τὸ
1098 1152 1229 1221 γὰρ,
1261 1152 1475 1220 ἄλλος,
1521 1156 1681 1219 ἄλλος
1723 1154 1836 1220 οἷος
1866 1160 2000 1226 ἐγὼ,

415 1237 762 1293 καθίσταται.
797 1240 970 1293 Τοῦτο
1020 1242 1076 1295 δὲ
1111 1244 1561 1312 συνδεσποτείας,
1587 1248 1707 1300 ἀλλ’
1753 1251 1855 1303 οὐκ
1881 1253 2002 1303 ἀτι-

417 1330 547 1395 μίας
574 1330 765 1401 δνομα.
787 1334 862 1385 Tb
885 1334 1018 1403 γὰρ,
1049 1334 1263 1402 ἄλλος,
1281 1338 1383 1392 οὐκ
1410 1339 1505 1393 ἐπὶ
1537 1340 1649 1394 τῶν
1678 1342 1999 1413 ἀλλοτρίων,

411 1422 533 1474 ἀλλ’
563 1424 659 1479 ἐπὶ
679 1424 789 1479 τῶν
822 1426 1129 1497 ὀμοουσίων
1158 1428 1277 1484 οἶδα
1306 1430 1619 1502 λεγόμενον.

444 1621 557 1675 Τοῦ
586 1622 777 1676 αὐτοῦ
811 1623 880 1676 ἐκ
914 1622 1211 1700 τῆςμθιρὸς
1252 1627 1599 1700 Κληδόνων
1627 1631 1986 1700 λογοειδοῦς

980 1695 1043 1759 β’
1073 1697 1431 1768 ἐπιστολῆς.

498 1781 695 1851 Ἦμεῖς
755 1783 855 1853 τῆς
915 1786 1059 1849 κατᾲ
1105 1786 1345 1840 Νίκαιαν
1394 1791 1635 1853 πίστεως
1676 1790 1789 1844 τῶν
1836 1791 2007 1859 ἁγίων

414 1876 717 1943 Πατέρων,
771 1876 882 1931 τῶν
926 1879 1107 1932 ἐκεῖσε
1167 1882 1507 1936 συνελθότων
1557 1883 1652 1936 ἐπὶ
1686 1884 2006 1954 καθαιρέσει

409 1968 511 2037 τῆς
562 1968 853 2040 ’Λρειανῆς
880 1972 1149 2041 αἱρέσεως
1191 1974 1347 2028 οὐδὲν
1396 1973 1523 2030 οὔτε
1555 1978 2009 2048 προετιμήσαμεν

411 2059 680 2125 πώποτε,
733 2061 858 2116 οὔτε
908 2067 1183 2136 προτιμᾷν
1239 2066 1557 2136 δυνάμεθα,
1618 2068 1735 2121 ἀλλ’
1791 2070 2009 2139 ἐκείνης

408 2153 580 2222 ἐσμὲν
619 2154 717 2224 τῆς
776 2154 1013 2219 πίστεως
1037 2196 1055 2222 ,
1092 2157 1182 2210 καὶ
1230 2158 1498 2228 ἐσόμεθα,
1529 2161 1625 2213 σὺν
1654 2160 1774 2231 Θεῷ
1795 2203 1813 2227 ,
1843 2179 2010 2232 προσ-

406 2245 805 2315 διαρθροῦντες
866 2247 926 2300 τὸ
975 2247 1239 2313 ἐλλειπῶς
1274 2251 1573 2321 εἰρημένον
1604 2254 1835 2317 ἐκείνοις
1878 2256 2010 2324 περὶ
2046 2266 2056 2275 ’

406 2336 505 2391 τοῦ
536 2338 698 2407 ἁγίου
733 2338 1074 2408 Πνεύματος,
1106 2341 1197 2396 διὰ
1231 2344 1293 2395 τὸ
1317 2343 1391 2413 μὴ
1414 2345 1739 2414 κεκινῆσθαι
1773 2346 1834 2399 τὸ
1856 2364 2007 2416 τηνι-

407 2430 592 2484 καῦτα
632 2432 787 2484 τουτὶ
818 2430 883 2485 τὸ
922 2432 1145 2504 ζήτημα
1168 2475 1183 2501 ,
1224 2434 1307 2489 ὅτι
1341 2437 1474 2505 μιᾶς
1502 2436 1772 2506 Θεότητος
1808 2439 2008 2493 είδέναι

410 2522 519 2593 χρὴ
544 2524 640 2578 τὸν
671 2525 897 2596 Πατέρα
918 2565 934 2591 ,
980 2526 1076 2578 καὶ
1105 2527 1201 2579 τὸν
1234 2527 1361 2579 Υίὸν
1385 2568 1399 2591 ,
1449 2529 1544 2582 καὶ¹
1574 2528 1639 2582 τὸ
1684 2528 1910 2601 Πνεῦμα
1948 2531 2009 2584 τὸ

411 2615 597 2683 ἅγιον,
630 2615 765 2671 Θεὸν
801 2617 898 2673 καὶ⁵
927 2618 989 2671 τὸ
1026 2618 1258 2691 Πνεῦμα
1296 2618 1688 2690 γινώσκοντας.

413 2825 542 2878 Ἔτι
587 2824 739 2879 κατὰ
764 2825 905 2897 ἑτῶν
937 2826 1462 2895 Πνευματομὰχων
1490 2829 1598 2883 τοῦ
1641 2830 1898 2897 Νύσσης
1940 2830 2010 2883 ἐκ

678 2895 787 2950 τοῦ
820 2897 1007 2967 λόγου
1035 2898 1141 2951 τοῦ
1173 2898 1330 2965 πρὸς
1362 2900 1740 2966 Σιμπλίκιον.

487 2984 627 3056 Περὶ
656 2985 713 3038 δὲ
731 2986 829 3039 τοῦ
859 2986 1179 3057 Πνεύματος
1216 2987 1315 3041 τοῦ
1352 2989 1511 3056 ἁγίου
1547 2990 1598 3042 oi
1624 2989 2012 3062 βλασφημοῦν-

411 3095 509 3140 τες
566 3078 629 3130 τὸ
680 3077 817 3130 αὐτὸ
842 3078 1119 3146 λέγουσιν,
1167 3079 1195 3132 ὃ
1221 3081 1318 3133 καὶ
1344 3081 1476 3150 περὶ
1514 3081 1610 3135 τοῦ
1654 3083 1863 3152 Κυρίου
1884 3124 1898 3147 ,
1926 3084 2010 3137 ὅτι

820 777 1150 837 mitteretur.
1206 782 1423 857 Etenim
1488 782 1805 853 huiusmodi
1859 802 2025 844 voces
2063 801 2175 840 nou
2224 784 2406 838 minus
2455 783 2805 839 concordiam
2867 783 3184 848 declarant,
3218 796 3382 852 quam
3448 789 3700 835 naturam

2181 973 2410 1038 Idcirco,
2440 982 2562 1043 post
2602 973 2879 1028 Christum
2927 972 3144 1041 quidem
3201 971 3444 1037 accedit,
3494 988 3564 1028 ne
3596 971 3702 1031 Pa-

2106 1062 2340 1118 raeletus
2396 1062 2554 1117 nobis
2623 1063 2764 1118 desit
2802 1081 2816 1119 :
2857 1063 3008 1117 Atius
3064 1072 3266 1125 autem,
3299 1071 3360 1116 ut
3392 1071 3445 1116 tu
3470 1062 3715 1124 honoris

2108 1152 2472 1220 aequalitatem
2505 1152 2728 1221 cogites.
2769 1152 2925 1217 Quod
2964 1151 3108 1204 enim
3157 1154 3266 1216 ait,
3309 1152 3470 1220 alius,
3508 1155 3712 1220 alium,

2108 1244 2284 1313 qualis
2330 1259 2429 1315 ego
2466 1260 2608 1310 sum,
2657 1243 2963 1298 constituit.
3001 1242 3116 1297 Hoc
3158 1258 3323 1312 porro
3362 1260 3561 1299 nomen
3600 1262 3700 1312 pa-

2110 1353 2225 1392 rem
2265 1337 2481 1406 imperii
2506 1335 2733 1406 gradum
2770 1335 2998 1399 indicat,
3033 1350 3145 1390 non
3176 1336 3547 1405 ignominiam.
3582 1338 3707 1392 Vox.

2109 1429 2278 1493 enim,
2336 1428 2499 1493 alius,
2545 1442 2657 1481 non
2687 1426 2756 1483 de
2807 1428 3024 1493 alienis,
3069 1428 3167 1484 sed
3214 1428 3283 1485 de
3330 1429 3433 1497 iis,
3464 1446 3697 1499 quorum

2109 1521 2297 1575 eadem
2329 1520 2635 1575 substantia
2660 1530 2765 1585 est,
2804 1530 3124 1591 usurpatur.

2112 1630 2359 1703 Ejusdem
2403 1649 2468 1687 ex
2512 1634 2679 1687 uitem
2708 1634 2775 1686 ml
2804 1633 3387 1699 Cledoninmepictola,
3438 1652 3553 1703 quw
3591 1653 3697 1703 pro:

2501 1706 2828 1772 longitudine
2855 1706 3028 1757 instar
3059 1716 3134 1757 est
3166 1706 3309 1758 libri.

2181 1789 2289 1845 Nos
2340 1791 2487 1852 ﬁdei,
2515 1804 2635 1859 qua:
2666 1791 2718 1843 in
2750 1791 2984 1844 concilio
3041 1789 3262 1846 Nicmno
3296 1808 3324 1845 a
3358 1796 3565 1847 sanctis
3601 1794 3701 1847 Pa-

2113 1884 2308 1947 trihns,
2372 1882 2482 1936 illic
2547 1881 2615 1934 ad
2676 1884 3033 1937 evertendam
3114 1885 3363 1947 haeresim
3434 1888 3697 1941 Arianatn

2111 1976 2482 2045 congregatis,
2507 1975 2781 2029 declarata
2806 1986 2906 2040 εει,
2934 1974 3067 2029 nihil
3101 1991 3337 2045 unquam
3373 1982 3693 2047 anteposui-

2112 2086 2254 2134 mns,
2287 2085 2385 2126 nec
2404 2079 2737 2141 anteponere
2768 2087 3056 2141 possumus
3097 2085 3112 2131 :
3149 2074 3242 2127 sed
3273 2088 3338 2127 ex
3374 2074 3458 2127 illa
3513 2091 3701 2131 smnus

2114 2163 2237 2226 fide,
2308 2173 2473 2233 atque
2532 2164 2765 2227 erimus,
2817 2165 3034 2231 Dcoqne
3084 2164 3381 2221 auxiliante
3412 2169 3555 2235 quod
3631 2168 3702 2221 ah

2113 2251 2223 2304 illis
2245 2253 2427 2306 audita
2462 2253 2713 2308 absoiute
2737 2253 2817 2308 de
2880 2253 3088 2321 Spiritu
3146 2266 3356 2318 sancto,
3416 2266 3699 2326 propterea

2110 2344 2254 2412 quod
2310 2344 2426 2399 haec
2448 2345 2677 2413 qumstio
2741 2352 2867 2397 tunc
2894 2359 2999 2398 non
3074 2347 3431 2413 tractabatur,
3496 2347 3698 2402 dictum

2108 2445 2213 2499 est,
2237 2436 2648 2505 explicabimus.
2683 2436 2818 2491 Cum
2876 2437 3021 2489 enim
3052 2436 3452 2499 decrevissent.
3482 2451 3702 2509 oporte-

2110 2544 2168 2583 re
2191 2531 2412 2584 credere
2433 2529 2591 2583 uuius
2617 2543 2739 2583 esse
2765 2528 3064 2583 divinitatis
3082 2528 3319 2590 Patrem,
3354 2542 3408 2584 et
3475 2532 3697 2592 Filium.

2109 2619 2371 2690 Spiritum
2398 2630 2646 2675 sanctum
2675 2620 2839 2675 Deum
2862 2619 3047 2688 utique
3092 2627 3148 2675 tt
3217 2620 3483 2690 Spiritum
3539 2639 3702 2678 sanc-

2113 2719 2228 2765 tum
2265 2710 2663 2774 agnoscebant.

2110 2823 2248 2879 Item
2270 2824 2788 2900 adversumSpiritus
2814 2838 3218 2900 oppugnatores,
3246 2828 3486 2899 Gregorii
3511 2830 3704 2900 Nysae:

2324 2896 2585 2965 pontiﬁcis
2624 2912 2688 2949 ea:
2727 2898 2963 2951 oratione
3004 2899 3073 2950 ad
3130 2896 3482 2965 Simpliciwn.

2187 2986 2343 3052 Quod
2372 2996 2553 3041 autem
2581 2986 2650 3042 de
2683 2987 2932 3053 Domino,
2987 2989 3125 3042 idem
3153 2989 3219 3042 de
3248 2991 3454 3058 Spiritu
3514 3001 3704 3047 sancto

2114 3081 2497 3136 contumeliosi
2538 3080 2790 3136 homines
2814 3080 3023 3145 dicunt,
3055 3098 3246 3152 nempe
3282 3085 3456 3151 ipsum
3482 3102 3701 3154 quoque

412 3172 534 3223 ἐστὶ
565 3171 658 3226 καὶ
693 3171 1123 3241 τοῦτοξκτιστόν.
1160 3173 1224 3226 Ἦ
1247 3173 1306 3226 δὲ
1362 3173 1662 3246 Ἐκκλησία
1688 3176 1905 3247 ἐπίσης,
1936 3178 2006 3241 ὡς

2117 3183 2359 3231 creatum
2396 3188 2541 3230 esse.
2573 3174 2818 3229 Ecclesia
2878 3189 3009 3228 vero
3031 3184 3089 3229 ut
3119 3175 3187 3228 de
3219 3175 3380 3239 Filio,
3420 3180 3500 3231 sic
3526 3180 3691 3232 etiam

413 3266 549 3335 περὶ
575 3264 669 3318 τοῦ
700 3264 834 3318 Υἱοῦ
856 3305 873 3329 ,
909 3264 1056 3318 οὕτω
1084 3267 1181 3320 καὶ
1214 3267 1345 3336 περὶ
1366 3285 1462 3320 του
1492 3269 1649 3337 ἁγίου
1687 3270 2007 3341 Πνεύματος

414 3356 693 3419 πιστεύει,
720 3358 802 3411 ὅτι
833 3357 983 3411 ἐστὶν
1014 3357 1297 3422 ἄκτιστον,
1339 3359 1433 3411 καὶ
1464 3360 1549 3413 ὅτι
1578 3363 1730 3414 πᾶσα
1767 3364 1798 3431 ἠ
1830 3362 2011 3426 κτίσις

413 3452 480 3502 ἐκ
507 3450 607 3517 τῆς
638 3450 731 3503 τοῦ
770 3449 1180 3520 ὑπερκειμένου
1220 3451 1430 3519 ἀγαθοῦ
1469 3454 1766 3523 μετουσίας
1794 3454 2008 3521 γίνεται

411 3542 619 3611 ἀγαθή.
652 3543 725 3594 Τὸ
768 3542 825 3595 δὲ
855 3542 1087 3611 Πνεῦμα
1124 3543 1186 3595 τὸ
1220 3543 1379 3611 ἅγιον
1428 3544 1730 3614 ἀπροσδεές
1760 3546 1879 3598 ἐστι
1910 3546 2006 3598 τοῦ

413 3634 803 3703 ἀγαθόνοντος.
848 3634 1085 3701 Ἀγαθὸν
1146 3634 1257 3706 γὰρ
1280 3635 1441 3703 φύσει
1503 3636 1660 3700 ἐστὶ,
1737 3635 1920 3700 καθὼς
1973 3640 2007 3707 ἠ

414 3730 619 3798 Γραφὴ
661 3729 954 3800 μαρτυρεῖ.
996 3728 1109 3781 Καὶ
1142 3729 1224 3781 ὄτι
1273 3728 1512 3799 ὴκτίσις
1542 3728 1821 3797 ὁδηγεῖται
1856 3729 2008 3800 παρὰ

414 3817 510 3870 τοῦ
536 3817 873 3887 Πνεῦματος,
904 3817 963 3868 τὸ
986 3816 1041 3869 δὲ
1068 3816 1292 3886 Πνεῦμα
1317 3818 1417 3889 τὴν
1436 3819 1464 3870 ὁ
1482 3816 1678 3888 δηγίαν
1699 3819 2007 3888 χαρίζεται.

430 3907 498 3960 Ἦ
532 3908 711 3971 κτίσις
748 3907 1173 3977 ήγεμονεύεται,
1210 3908 1272 3962 τὸ
1306 3909 1363 3962 δὲ
1396 3908 1623 3979 Πνεῦμα
1654 3910 2006 3980 ἡγεμονεύει.

427 4001 495 4054 Ἦ
538 4001 717 4064 κτίσις
747 4001 1172 4070 παρακαλεῖται,
1223 4001 1284 4053 τὸ
1315 4001 1373 4054 δὲ
1406 3996 1636 4071 Πνεῦμα
1672 4002 2004 4071 παρακαλεῖ.

427 4094 495 4149 Ἦ
519 4094 698 4157 κτίσις
720 4094 988 4157 δουλεύει,
1005 4095 1065 4147 τὸ
1094 4094 1148 4147 δὲ
1170 4094 1395 4163 Πνεῦμα
1424 4095 1722 4167 ἐλευθεροῖ.
1740 4096 1808 4149 Ἦ
1830 4097 2009 4159 κτίσις

417 4185 742 4255 σοφίζεται,
798 4185 861 4238 τὸ
910 4186 966 4239 δὲ
1003 4185 1230 4255 Πνεῦμα
1278 4186 1379 4257 τὴν
1428 4188 1530 4257 τῆς
1586 4188 1787 4256 σοφίας
1820 4189 2009 4242 δίδωσι

416 4278 601 4349 χάριν.
648 4276 713 4331 Ἦ
741 4279 922 4340 κτίσις
956 4278 1376 4348 μεταλαμϐάνει
1408 4279 1519 4333 τῶν
1551 4281 1927 4350 χαρισμάτων,
1945 4280 2009 4333 τὸ

412 4372 474 4424 δὲ
533 4370 762 4440 Πνεῦμα
818 4372 942 4423 κατ’
992 4371 1247 4437 ἐξουσίαν
1300 4370 1610 4439 χαρίζεται.
1666 4372 1852 4426 Πάντα
1898 4372 2008 4441 γὰρ

414 4465 633 4533 ἐνεργεῖ
667 4462 844 4515 ταῦτα
884 4462 945 4514 τὸ
977 4461 1037 4515 ἓν
1079 4462 1177 4515 καὶ
1207 4461 1269 4515 τὸ
1298 4462 1433 4514 αὐτὸ
1468 4462 1724 4532 Πνεῦμα,
1758 4463 2009 4530 διαιροῦν

418 4555 530 4626 ἰδίᾳ
564 4554 825 4626 ἑκάστῳ,
872 4553 1060 4618 καθὼς
1107 4555 1382 4626 βούλεται.
1432 4556 1543 4609 Καὶ
1590 4556 1789 4626 μυρίας
1837 4557 2003 4619 ἄλλας

414 4649 483 4701 ὲκ
528 4648 637 4701 τῶν
672 4648 915 4720 Γραφῶν
956 4647 1105 4702 ἔστιν
1138 4649 1446 4713 ἀποδείξεις
1479 4648 1683 4719 εὑρεῖν,
1712 4650 1791 4702 ὅτι
1826 4651 2006 4704 πάντα

414 4740 484 4792 τὰ
538 4739 721 4811 ὑψηλὰ
762 4740 857 4794 καὶ
904 4741 1190 4809 θεοπρεπῆ
1238 4741 1490 4810 νοήματα
1516 4778 1533 4801 ,
1581 4740 1683 4793 ὅσα
1715 4739 1869 4808 παρὰ
1905 4739 2006 4808 τῆς

415 4832 641 4902 Γραφῆς
669 4832 747 4901 τῷ
774 4833 959 4902 Πατρὶ
1011 4834 1109 4886 καὶ
1139 4832 1251 4901 Υἱῷ
1280 4832 1678 4902 ἐφαρμόζεται,
1704 4832 1880 4885 ταῦτα
1909 4832 2004 4884 καὶ

417 4927 549 4995 περὶ
587 4926 647 4977 τὸ
678 4925 834 4993 ἆγιον
892 4924 1181 4992 θεωρεῖται
1229 4924 1490 4994 Πνεῦμα,
1557 4926 1590 4994 ἠ
1648 4924 1909 4995 ἀφθορία,
1966 4926 2000 4994 ἠ

420 5017 765 5088 μακαριότης
790 5056 807 5080 ,
856 5015 915 5068 τὸ
950 5016 1157 5083 ἀγαθὸν
1180 5056 1192 5077 ,
1226 5016 1287 5068 τὸ
1321 5016 1519 5084 σοφὸν,
1554 5017 1616 5068 τὸ
1648 5016 1880 5069 δυνατὸν
1900 5055 1914 5081 ,
1942 5017 2004 5069 τὸ

417 5111 651 5172 δίκαιον,
683 5112 715 5178 ἡ
756 5108 1008 5178 ἁγιότης,
1048 5108 1156 5160 πᾶν
1188 5108 1370 5177 τίμιον
1400 5108 1575 5175 ὖνομα
1618 5106 1761 5160 οὕτω
1786 5108 2005 5175 λέγεται

416 5202 510 5253 ἐπὶ
547 5202 643 5255 τοῦ
679 5202 837 5268 ἁγίου
884 5200 1204 5270 Πνεύματος
1226 5240 1240 5263 ,
1274 5200 1349 5263 ὡς
1384 5200 1479 5253 καὶ
1511 5200 1606 5252 ἐπὶ
1664 5201 1758 5253 τοῦ
1789 5199 2003 5271 Πατρὺς

417 5295 511 5348 καὶ
538 5293 633 5346 τοῦ
666 5293 798 5347 Υἰοῦ
827 5292 1072 5362 λέγεται,
1109 5292 1248 5362 πλὴν
1273 5292 1504 5357 τούτων,
1540 5292 1609 5344 δι’
1634 5285 1709 5345 ὧν
1752 5294 1807 5345 αἱ
1865 5293 2001 5344 ὐπο-

419 5388 647 5449 στάσεις
672 5385 888 5456 τρανῶς
920 5403 981 5437 τε
1005 5386 1102 5438 καὶ
1134 5383 1456 5453 ἁσυγχύτως
1482 5384 1581 5436 ἀπ’
1610 5382 1858 5453 ἀλλήλων
1886 5384 2003 5437 δια-

414 5478 762 5549 χωρίζονται.
814 5477 973 5545 Λέγω
1007 5478 1061 5528 δὲ
1086 5517 1100 5540 ,
1153 5478 1238 5530 ὅτι
1280 5476 1407 5530 οὔτε
1448 5476 1639 5548 Πατὴρ
1682 5475 1902 5544 λέγεται
1941 5475 2003 5527 τὸ

418 5570 643 5638 Πνεῦμα
684 5569 746 5621 τὺ
791 5569 945 5635 ἆγιον
972 5610 988 5636 ,
1025 5567 1150 5622 οὔτε
1193 5569 1323 5629 Υἱὸς
1348 5610 1364 5634 ,
1400 5568 1468 5621 τὰ
1513 5568 1571 5621 δὲ
1612 5567 1747 5621 ἄλλα
1772 5608 1786 5629 ,
1827 5568 1928 5620 ὅσα
1973 5568 2001 5619 ὁ

418 5665 607 5731 Πατὴρ
646 5663 744 5714 καὶ
782 5664 809 5714 ὁ
836 5662 964 5724 Υἱὸς
1004 5661 1368 5731 ὀνομάζεται,
1402 5659 1577 5713 ταῦτα
1624 5660 1719 5712 καὶ
1754 5659 1829 5729 τῷ
1861 5658 2002 5729 ἁγίῳ

421 5752 700 5820 ΙΙνεύματι
732 5755 887 5822 παρὰ
916 5756 1015 5823 τῆς
1052 5754 1277 5825 Γραφῆς
1310 5752 1704 5823 ἐφαρμόζεται.
1754 5751 1853 5804 Διὰ
1878 5751 2003 5803 τού-

416 5863 526 5898 των
549 5840 642 5898 οὖν
674 5846 1189 5913 καταλαμϐάνομεν,
1237 5847 1318 5899 ὅτι
1367 5846 1478 5900 ἄνω
1501 5848 1597 5915 τῆς
1625 5842 1851 5906 κτίσεως
1886 5844 1998 5897 ἐστι

2111 3268 2177 3321 de
2213 3266 2415 3336 Spiritu
2441 3275 2633 3322 sancto
2674 3267 2881 3335 pariter
2902 3266 3096 3331 credit,
3136 3276 3383 3321 creatum
3409 3284 3516 3322 non
3557 3284 3701 3332 esse;

2110 3368 2164 3413 et
2202 3375 2290 3413 res
2352 3374 2543 3413 omnes
2598 3368 2815 3414 creatas
2880 3373 2947 3413 ex
3000 3360 3238 3428 supremi
3286 3361 3410 3414 boui
3455 3376 3700 3414 commu-

2112 3452 2274 3505 ninne
2298 3450 2411 3504 ﬁeri
2441 3452 2631 3517 bonas,
2657 3451 2924 3522 Spiritum
2949 3462 3196 3508 sanetum
3220 3464 3399 3507 autem
3417 3454 3649 3520 nemine,
3673 3471 3701 3507 a

2112 3556 2221 3609 quo
2273 3543 2449 3596 bonus
2502 3542 2615 3607 ﬁat,
2646 3542 2891 3614 indigere
2927 3560 2942 3598 :
2980 3555 3176 3599 natura
3238 3547 3382 3599 enim
3433 3562 3491 3600 es
3521 3562 3551 3599 e
3607 3548 3701 3601 bo-

2115 3647 2272 3698 num,
2308 3644 2364 3688 ut
2392 3634 2678 3702 Scriptura
2720 3644 2975 3689 testatur.
3012 3635 3118 3690 Res
3163 3647 3378 3691 creatas
3432 3654 3463 3689 a
3497 3638 3701 3705 Spiritu

2112 3733 2305 3779 sancto
2341 3725 2529 3795 dirigi,
2581 3726 2756 3796 ipsum
2784 3727 2864 3782 eis
2888 3730 3249 3783 directionem
3317 3730 3543 3796 largiri;
3610 3748 3697 3785 res

2110 3826 2424 3886 procreatas
2457 3817 2605 3883 duci,
2640 3818 2905 3886 Spiritum
2923 3833 3044 3873 esse
3070 3823 3353 3873 duetorem
3380 3837 3394 3885 ;
3424 3835 3511 3874 res
3537 3837 3695 3875 crea-

2114 3920 2197 3964 tas
2222 3909 2654 3964 consolationem
2687 3911 2953 3979 accipere,
2982 3911 3246 3980 Spiritum
3297 3928 3419 3967 esse
3441 3916 3694 3969 consola-

2115 4011 2325 4068 torem;
2362 4015 2448 4056 res
2476 4010 2693 4056 creatas
2714 4015 2835 4057 esse
2896 4016 3102 4067 servas,
3161 4002 3426 4072 Spiritum
3481 4018 3577 4058 eas
3639 4006 3692 4058 in

2114 4093 2425 4147 libertatem
2466 4092 2787 4161 vindicare;
2844 4110 2935 4149 res
2980 4104 3196 4148 creatas
3252 4096 3528 4164 sapientes
3556 4098 3697 4162 ﬁeri,

2112 4185 2373 4254 Spiritum
2419 4184 2701 4253 sapientiai
2732 4188 2960 4255 gratiam
3009 4186 3227 4256 elargiri
3280 4203 3297 4251 ;
3336 4202 3426 4241 res
3475 4196 3696 4242 creatas

2111 4293 2399 4332 munerum
2425 4278 2718 4347 participes
2737 4277 2897 4341 eﬂici,
2931 4277 3196 4349 Spiritmn
3229 4293 3451 4331 munera
3484 4280 3696 4334 tribue-

2111 4386 2207 4437 re;
2247 4373 2360 4424 haec
2391 4371 2536 4424 enim
2576 4372 2761 4423 omnia
2801 4372 2914 4436 agit
2949 4385 3088 4423 unus
3120 4381 3170 4423 et
3221 4370 3362 4423 idem
3418 4370 3688 4439 Spiritus,

2111 4459 2360 4513 dividens
2395 4459 2679 4529 sigillatim
2732 4460 3052 4528 unicuique,
3095 4460 3172 4513 uti
3215 4462 3343 4513 vult.
3384 4462 3701 4514 lnnutnera-

2037 4545 2081 4601 Β
2111 4550 2237 4604 bilia
2274 4562 2501 4618 possunt
2532 4550 2634 4603 alia
2662 4566 2726 4605 ex
2756 4551 3389 4620 Scripturistestimonia
3423 4552 3693 4620 depromi,

2112 4640 2312 4709 quibus
2338 4642 2684 4710 perspicuum
2714 4641 2793 4703 ﬁt,
2827 4643 3011 4695 omnia
3072 4642 3327 4695 sublimia
3398 4642 3694 4713 divinaque

2110 4732 2350 4795 nomina,
2392 4748 2511 4800 qua:
2568 4732 2710 4786 Patri
2758 4733 3004 4801 Filioque
3040 4732 3380 4798 tribuuntur,
3419 4736 3485 4785 ad
3518 4732 3694 4803 Spiri-

2113 4831 2226 4875 tum
2259 4834 2509 4876 sanctum
2538 4825 2701 4876 etiam
2732 4826 3030 4892 pertinere,
3069 4821 3372 4889 cuiusmodi
3411 4835 3539 4877 sunt
3596 4826 3696 4878 im-

2111 4915 2439 4980 mortalitas,
2464 4916 2769 4980 beatitudo,
2802 4916 3042 4982 bonitas,
3077 4916 3367 4983 sapieutia,
3429 4920 3690 4985 potentia,

2108 5007 2346 5077 jnstitia,
2384 5008 2670 5069 sanctitas,
2696 5009 2959 5078 quidquid
2997 5009 3234 5077 denique
3270 5009 3589 5076 przeclarum
3626 5012 3695 5065 de

2107 5099 2272 5154 Patre
2300 5108 2355 5153 et
2386 5097 2523 5153 Filio
2545 5099 2767 5163 dicitur,
2820 5101 2870 5154 id
2924 5100 3055 5153 item
3118 5100 3183 5152 de
3233 5099 3437 5169 Spiritu
3479 5112 3690 5166 sancto,

2108 5192 2354 5261 exceptis
2382 5192 2448 5248 iis
2474 5192 2673 5262 quibus
2698 5207 2828 5247 vere
2885 5200 2943 5247 et
2980 5193 3101 5247 sine
3131 5194 3457 5251 confusione
3497 5197 3693 5250 distin-

2109 5294 2357 5355 guuntur
2383 5288 2514 5355 ipsae
2546 5299 2814 5355 personae.
2872 5283 3118 5356 Exempli
3165 5289 3364 5355 gratia,
3398 5301 3496 5340 nec
3528 5286 3693 5339 Pater

2106 5380 2328 5440 dicitur.
2363 5392 2464 5433 nec
2493 5378 2691 5434 Filius.
2741 5380 2970 5450 Reliqua
3008 5395 3137 5435 vero
3191 5380 3435 5441 nemina,
3491 5376 3689 5445 quibus

2108 5471 2268 5526 Pater
2322 5470 2598 5540 Filiusque
2647 5485 2936 5536 vetantur,
2968 5489 2996 5526 a
3024 5472 3304 5538 Scriptura
3335 5471 3397 5521 in.
3423 5466 3684 5534 Spiritum

2106 5574 2353 5618 sanctum
2379 5566 2542 5617 etiam
2569 5564 2944 5619 conferuntur.
2978 5564 3054 5616 Er
3091 5563 3171 5615 his
3200 5576 3329 5629 ergo
3359 5557 3679 5627 colligimus,

2107 5655 2371 5726 Spiritum
2437 5665 2686 5710 sanctum
2724 5656 2889 5711 rebus
2914 5653 3113 5707 creatis
3169 5665 3291 5705 esse
3331 5648 3676 5717 praestantia.

2109 5765 2247 5803 rem.
2292 5745 2639 5817 Quapropter
2664 5747 2752 5800 ubi
2778 5745 2939 5799 Pater
2986 5751 3041 5797 et
3097 5741 3269 5796 Filius
3335 5737 3670 5805 intelligitur.

2108 5844 2215 5919 illic
2240 5842 2405 5898 ctiam
2440 5840 2760 5911 intelligitur
2813 5837 3050 5907 Spiritus
3091 5844 3333 5892 sanctus.
3381 5833 3563 5888 Porro.
3593 5847 3665 5888 re-
