4082 6444
380 365 490 427 853

457 479 568 536 Τοῦ
615 481 807 537 αὐτοῦ
848 482 919 537 ἐκ
962 484 1091 561 τοῦᾲ
1117 487 1253 561 περὶ
1298 492 1654 561 προσευχῆς
1690 492 1892 560 τρίτου
1994 486 2041 542 Α

1056 559 1268 624 λόγου.

460 664 523 717 '0
554 666 656 735 μὲν
683 668 1079 739 εὐαγγελιστὴς
1107 673 1409 742 Ματθαὶος,
1454 676 1707 731 Ἐ’λθέτω
1724 680 1762 746 ἡ
1782 679 1965 741 ,ϐασι-

378 753 515 805 ,18ιά
535 770 674 818 σου,
706 756 870 825 φησίν
907 774 922 788 ο
955 760 984 812 6
1011 760 1067 812 δὲ
1103 761 1320 824 Λουκᾶς
1351 766 1471 819 ἀντὶ
1497 767 1644 834 τοῦ,ι
1669 769 1898 822 Ἐλοέτω
1928 773 1960 838 ἡ

382 842 630 910 βασιλεία
655 864 774 915 σου,
802 868 821 901 ι
842 851 1090 906 Ἐλθέτω
1123 855 1191 908 τὸ
1224 856 1398 925 ἅγιόν
1427 873 1544 913 σου
1592 863 1837 929 Πνεῦμα
1866 863 1960 932 ἐφ’

379 936 559 1004 ἡμᾶς,
604 940 705 994 καὶ
757 946 1137 1013 καθαρισάτω
1185 948 1361 1018 ἡμᾶς.
1397 953 1609 1023 εἴρηκε.
1662 955 1725 1007 Τί
1772 957 1960 1025 ἐροῦσι

380 1029 516 1096 πρὸς
543 1031 718 1086 ταῦτα
744 1035 793 1087 οἱ
818 1035 1329 1109 θρασυστομοῦντες
1354 1043 1499 1097 κατὰ
1521 1044 1616 1098 τοῦ
1641 1048 1961 1118 Πνεύματος

378 1119 471 1171 τοῦ
499 1121 700 1190 ἁγίου;
732 1126 868 1197 Ποίᾳ
909 1128 1120 1202 διανοίᾳ
1157 1133 1217 1186 τὸ
1245 1137 1344 1203 τῆς
1383 1137 1659 1204 βασιλείας
1694 1138 1827 1207 ὕψος·
1880 1143 1959 1204 είς

377 1214 745 1284 ταπεινότητα
777 1219 1023 1285 δουλείας
1052 1228 1561 1295 μετασκευάζουσι;
1602 1231 1858 1285 Βασιλεία
1899 1235 1961 1288 τὸ

380 1304 605 1377 Πνεῦμα
632 1310 694 1364 τὸ
737 1311 896 1380 ἅγιόν
940 1316 1111 1383 ἐστιν,
1147 1318 1223 1382 ὡς
1259 1322 1288 1373 6
1317 1323 1715 1395 εὐαγγελιστὴς
1743 1327 1960 1391 Λουκᾶς

381 1397 481 1467 βοᾷ
537 1400 861 1473 διαρρήδην.
900 1406 965 1461 Ἥ
1006 1408 1065 1462 δὲ
1115 1409 1366 1480 βασιλεία
1405 1413 1681 1484 βασιλεύει
1712 1423 1957 1481 πάντως,

378 1489 438 1538 οὐ
483 1489 851 1556 βασιλεύεται.
900 1498 962 1550 Et
996 1496 1091 1553 οὖν
1124 1490 1403 1571 βασιλεύει
1451 1508 1511 1561 τὸ
1547 1507 1810 1580 Πνεῦμα,
1840 1511 1960 1574 πῶς

377 1583 442 1646 τῆ
465 1580 796 1659 δουλευούσῃ
820 1587 980 1655 φύσει
1001 1592 1096 1645 τοῦ
1121 1611 1182 1647 το
1207 1598 1638 1670 συναριθμοῦσιν
1658 1604 1707 1656 οἱ
1738 1602 1963 1670 ματαιό-

379 1690 573 1741 φρονες
593 1693 609 1741 ζ

840 1774 935 1828 Ἐκ
964 1776 1069 1832 τοῦ
1099 1781 1289 1836 αὐτοῦ
1315 1784 1525 1853 λόγου.

459 1878 717 1935 Ἑλθέτω
747 1886 811 1939 τὸ
840 1887 1015 1956 ἅγιόν
1044 1905 1163 1945 σου
1210 1895 1455 1965 Πνεῦμα
1502 1898 1597 1967 ἐφ’
1630 1900 1812 1969 ἡμᾶς,
1859 1902 1957 1956 καὶ

377 1974 759 2040 καθαρισάτω
785 1980 961 2049 ἡμᾶς,
994 1987 1165 2052 φησιν
1194 1989 1223 2039 6
1252 1988 1486 2053 Λουκᾶς.
1519 1991 1584 2046 Et
1614 1993 1706 2047 οὖν
1734 1995 1795 2049 τὸ
1851 1997 1961 2065 ἁφ-

380 2069 521 2120 ιὲναι
543 2070 821 2140 ἁμαρτίας
850 2079 1014 2145 μόνου
1049 2080 1143 2132 τοῦ
1178 2080 1319 2135 Θεοῦ
1349 2084 1523 2151 ἐστιν,
1567 2087 1643 2150 ὡς
1677 2089 1773 2143 καὶ
1803 2091 1956 2145 αὐτοὶ

377 2157 567 2225 ἔλεγον
596 2163 644 2214 οἱ
670 2161 895 2219 ἄπιστοι
937 2168 1181 2223 Ἰουδαῖοι
1207 2212 1222 2235 ,
1275 2174 1304 2224 6
1328 2174 1428 2244 τὴν
1457 2174 1689 2247 δύναμιν
1717 2182 1820 2249 τῆς
1849 2182 1957 2251 ἀφ·-

376 2252 550 2315 έσεως
572 2253 682 2306 τῶν
717 2256 1006 2327 ἁμαρτιῶν
1048 2262 1126 2329 τῷ
1158 2263 1301 2334 ἁγίῳ
1338 2265 1620 2337 Πνεύματι
1664 2287 1960 2343 προσμαρ-

373 2344 621 2413 τυρήσας
660 2351 1111 2422 συνεμαρτύρησε
1142 2356 1360 2420 πάντως
1395 2358 1545 2429 αὐτῷ
1574 2361 1667 2414 καὶ
1711 2363 1809 2434 τὴν
1838 2365 1957 2419 Θεό-

373 2451 539 2503 τητα.
577 2438 737 2493 Ἀλλὰ
771 2440 878 2510 μὴν
903 2443 1036 2497 αὐτὸ
1075 2446 1236 2500 τοῦτο
1254 2449 1348 2502 καὶ
1368 2450 1446 2519 τῷ
1473 2453 1772 2519 Μονογενεῖ
1789 2474 1959 2524 προσ-

378 2530 653 2598 μαρτυρεί
676 2530 704 2582 ὁ
731 2530 1073 2598 Ἀπόστολος.
1098 2539 1487 2610 Καθαρισμὸν
1505 2544 1634 2613 γὰρ,
1662 2547 1818 2615 φησὶ,
1836 2549 1959 2602 τῶν

373 2618 675 2686 ἁμαρτιῶν
713 2623 886 2691 ἡμῶν
919 2628 1352 2698 ποιησάμενος,
1386 2633 1756 2692 ἐκάθισενέν
1787 2640 1957 2706 δεξιᾷ

374 2712 485 2779 τῆς
508 2718 950 2784 μεγαλωσύνης
966 2719 1072 2773 τοῦ
1088 2724 1341 2790 Πατρός.
1362 2726 1574 2779 Οὐκοῦν
1600 2727 1659 2781 ἓν
1678 2731 1958 2800 ἑκατέρων

373 2805 436 2853 τὸ
470 2803 656 2872 ἔργον,
699 2804 797 2859 τοῦ
829 2824 891 2860 τε
918 2809 1314 2880 καθαρίζοντος
1339 2814 1441 2879 τὰς
1474 2818 1752 2887 ἁμαρτίας
1788 2821 1959 2874 Ilvati-

378 2912 582 2962 ματος,
616 2898 710 2950 καὶ
745 2898 840 2952 τοῦ
885 2903 977 2953 τὸν
1017 2904 1366 2975 καθαρισμὸν
1412 2911 1779 2981 πεποιηκότος
1824 2915 1961 2984 Χρι-

376 2988 528 3042 στοῦ.
562 2984 663 3045 Ὧν
688 2992 800 3063 δὲή
838 2995 1087 3064 ἐνέργεια
1123 2999 1217 3067 μία
1241 3041 1255 3064 ,
1288 3000 1495 3055 τούτων
1531 3005 1625 3056 καὶ
1657 3007 1689 3075 ὴ
1726 3006 1956 3077 δύναμις

377 3083 597 3148 πάντως
624 3088 657 3152 ἡ
688 3087 854 3157 αὐτή.
880 3090 1037 3144 Πᾶσα
1066 3092 1175 3161 γὰρ
1205 3096 1463 3165 ἐνέργεια
1491 3099 1779 3167 δυνάμεώς
1804 3104 1958 3156 ἐστιν

1351 377 1727 440 PANOPLIA
1758 375 2217 439 DOGMATICA.
2262 403 2330 410 —
2367 380 2515 443 TIT.
2553 380 2688 441 XII.

3545 377 3652 445 854

2248 486 2496 555 Ejusdem
2526 506 2590 544 ea:
2621 489 2863 544 oratione
2882 490 3036 544 tertia
3062 489 3128 544 de
3157 490 3473 558 precatione.

2141 668 2422 733 Adveniat,
2485 666 2775 723 Matlhatus
2849 667 3026 737 inquit
3085 669 3128 733 ‘,
3199 683 3414 734 regnum
3481 677 3651 723 tuum.

2066 762 2306 826 Quorum
2338 762 2624 815 verborum
2659 761 2797 816 loco:
2821 760 3101 824 Adveniat,
3122 760 3292 827 inquit
3312 759 3506 821 Lucas,
3533 758 3655 827 Spi—

2067 851 2201 905 ritus
2246 862 2459 904 sanctus
2497 860 2616 904 tuus
2644 851 2698 903 in
2730 866 2842 913 nos,
2882 858 2931 904 et
2963 866 3055 902 nos
3095 859 3366 918 expurget.
3408 847 3548 914 Quid
3585 849 3667 901 ad.

2064 941 2180 997 lucc
2201 942 2609 1013 respondebunt
2635 942 2727 1010 qui
2769 954 2865 995 ore
2896 940 3191 1010 impudenti
3230 948 3431 994 audent
3475 940 3652 1007 Spiri-

2067 1047 2178 1091 tum
2204 1047 2452 1093 sanctum
2487 1037 2840 1107 impugnare?
2866 1037 2979 1103 Qua
3058 1045 3244 1090 mente
3272 1034 3421 1104 regni
3482 1032 3651 1087 subli-

2064 1129 2306 1183 mitatem
2337 1130 2390 1183 in
2423 1128 2704 1184 servitutis
2747 1126 3077 1182 transferent
3108 1123 3516 1180 humilitatem?
3544 1123 3650 1178 Re-

2064 1236 2228 1291 gnum
2268 1230 2374 1285 est,
2410 1230 2469 1274 ut
2504 1218 2680 1274 Lucas
2736 1227 2925 1288 aperte
2962 1219 3177 1283 clamat,
3231 1217 3468 1287 Spiritus
3523 1230 3648 1270 san—

2062 1325 2204 1380 ctus,
2229 1316 2370 1384 quod
2389 1314 2605 1383 quidem
2632 1327 2856 1382 regnum
2880 1311 3135 1367 omnibus
3153 1310 3404 1376 imperat,
3428 1321 3535 1361 non
3552 1321 3651 1359 au-

2063 1419 2171 1462 tem
2208 1408 2435 1476 imperio
2461 1407 2760 1473 subjectum
2782 1415 2886 1461 est.
2917 1403 3068 1471 Quod
3106 1403 3151 1459 si
3195 1400 3436 1472 Spiritus
3471 1400 3649 1465 impc-

2063 1508 2167 1565 rat,
2196 1500 2469 1569 quomodo
2493 1498 2645 1553 illum
2673 1499 2955 1570 dementes
2986 1496 3078 1552 isti
3124 1510 3247 1550 cum
3279 1502 3474 1548 natura
3529 1503 3663 1546 ser-7

2061 1592 2243 1647 vientc
2299 1603 2692 1647 connumerant
2724 1594 2748 1647 ’ί

2501 1771 2586 1826 Ea:
2614 1772 2798 1827 eadem
2856 1772 3118 1826 oratione.

2144 1889 2422 1951 Adveniet,
2448 1888 2624 1957 inquit
2658 1886 2855 1953 Lucas,
2887 1887 3125 1957 Spiritus
3173 1899 3389 1944 sanctus
3439 1900 3562 1941 tuus
3593 1891 3659 1940 irr

2069 2000 2184 2048 nos,
2207 1992 2257 2037 et
2288 1990 2384 2035 nos
2415 1980 2681 2036 emundet.
2715 1980 2872 2048 Quod
2915 1981 2961 2035 si
3000 1980 3171 2035 solius
3215 1989 3299 2036 est
3337 1981 3432 2036 Dei
3457 1997 3669 2051 pecca-r

2069 2084 2119 2129 ta
2144 2076 2441 2141 dimittere,
2497 2075 2549 2129 id
2574 2075 2720 2142 quod
2751 2072 2851 2142 ipsi
2884 2086 3102 2142 quoque
3151 2072 3321 2128 Judaei
3382 2074 3648 2127 increduli

2068 2171 2339 2235 dixerunt,
2378 2168 2470 2238 qui
2500 2166 2813 2221 testimonio
2851 2180 2951 2220 suo
2978 2164 3165 2219 tribuit
3204 2163 3429 2233 Spiritui
3462 2174 3655 2218 sancto

2066 2260 2377 2315 remittendi
2410 2267 2627 2328 peccata
2660 2256 2996 2323 facultatem,
3049 2257 3098 2311 is
3130 2256 3308 2310 eidem
3343 2256 3507 2309 etiam
3568 2256 3671 2307 ili-ﬂ

2067 2351 2345 2405 vinitatem
2378 2350 2652 2405 attribuit.
2680 2347 2842 2415 Atqui
2878 2346 3127 2401 eamdem
3154 2346 3464 2400 facultatem
3496 2345 3643 2412 Apo-

2066 2444 2238 2500 stolus
2259 2443 2449 2501 trihuit
2475 2441 2782 2512 Uuigenito:
2817 2438 3213 2509 Purgationem,
3235 2437 3507 2506 inquiens.
3531 2452 3653 2506 petra

2066 2549 2301 2593 calorum
2330 2546 2624 2591 nostrorum
2659 2535 2861 2604 faciens
2886 2533 3019 2587 sedit
3047 2532 3102 2585 in
3126 2531 3341 2584 dextera
3380 2529 3657 2596 magnitu-

2065 2633 2204 2686 dinis
2280 2632 2373 2685 Dei
2396 2633 2439 2685 ⁸.
2469 2629 2647 2685 Unum
2696 2628 2861 2698 igitur
2897 2636 2975 2679 est
3031 2639 3166 2693 opus
3199 2623 3501 2690 utriusque,
3536 2630 3650 2674 tum

2068 2724 2302 2793 Spiritus
2326 2733 2546 2791 peccata
2580 2718 2956 2791 expurgantis,
2990 2726 3103 2771 tum
3132 2714 3335 2771 Christi
3362 2713 3650 2783 purgatio--

2067 2832 2190 2871 nem
2220 2815 2489 2870 facientis.
2523 2813 2765 2879 Quorum
2798 2820 2977 2864 autem
3007 2824 3114 2863 una
3147 2816 3229 2861 est
3259 2807 3425 2870 actio,
3459 2820 3651 2859 eorum

2065 2918 2121 2963 et
2151 2908 2230 2962 vis
2258 2907 2447 2960 eadem
2479 2904 2722 2959 omnino.
2748 2899 2939 2954 Omnis
2983 2899 3129 2952 enim
3180 2898 3326 2952 actio
3382 2896 3655 2950 facultatis

2066 2999 2326 3068 perfectio
2360 3006 2463 3052 est.
2495 2994 2860 3062 Quamobrem
2897 2992 2944 3047 si
2964 2993 3110 3047 actio
3172 3001 3227 3045 et
3285 2989 3364 3044 vis
3411 2998 3495 3044 est
3555 3002 3651 3043 ea-

2068 3097 2212 3159 dem,
2253 3090 2526 3160 quomodo
2542 3098 2749 3141 naturae
2780 3084 3072 3139 diversitas
3107 3082 3329 3150 intelligi
3358 3087 3541 3150 potest
3594 3079 3647 3132 in

376 3177 749 3250 ἀποτέλεσμα.
780 3183 843 3234 Εἰ
869 3179 962 3236 οῦν
992 3186 1085 3237 καὶ
1132 3186 1409 3256 ἐνέργεια,
1443 3191 1536 3243 καὶ
1566 3191 1794 3262 δύναμις
1836 3197 1957 3264 μία,

2067 3187 2193 3251 illis,
2230 3185 2283 3239 in
2327 3183 2523 3251 quibus
2542 3180 2747 3234 nullum
2779 3177 3055 3233 facultatis
3133 3174 3480 3235 actionisuue
3539 3170 3655 3228 dis-

379 3269 497 3333 πῶς
526 3271 673 3324 ἔστιν
724 3275 1021 3344 ἑτερότητα
1062 3278 1278 3347 φύσεως
1322 3285 1555 3353 νοῆσαι,
1604 3285 1662 3337 ἐν
1701 3280 1783 3347 οἷς
1817 3288 1968 3341 οὐδε-

382 3363 510 3428 μίαν
545 3365 686 3418 κατὰ
713 3365 812 3437 τὴν
839 3367 1070 3438 δύναμιν
1124 3389 1184 3423 τε
1245 3373 1341 3425 καὶ
1383 3374 1670 3443 ἐνέργειαν
1700 3376 1968 3449 διαφορὰν

379 3454 774 3527 ἐξευρίσκομεν
794 3474 811 3523 ;

510 3540 513 3543 ν
831 3552 929 3605 Ἐκ
957 3553 1063 3606 τοῦ
1093 3557 1284 3611 αὐτοῦ
1310 3559 1524 3627 λόγου.
1640 3600 1646 3605 -

455 3638 530 3692 Τὸ
579 3638 680 3706 μὲν
719 3640 875 3707 ἆγιον
929 3642 1156 3712 Πνεῦμα
1196 3644 1257 3696 τὸ
1303 3646 1368 3698 ὲκ
1426 3647 1522 3699 τοῦ
1575 3649 1711 3701 Θεοῦ
1758 3652 1820 3703 ὃν
1872 3653 1968 3705 καὶ

381 3727 623 3795 Χριστοῦ
651 3730 876 3800 Πνεῦμα
915 3731 1033 3784 ἔστι
1078 3736 1173 3785 καὶ
1217 3734 1462 3802 λέγεται,
1492 3740 1519 3790 6
1545 3738 1603 3791 ᾶὲ
1632 3740 1762 3803 Tibi;
1786 3742 1851 3795 ἐκ
1872 3743 1965 3793 τοῦ

379 3820 519 3872 θεοῦ
570 3819 667 3884 ὣν,
716 3822 902 3875 οὐκέτι
937 3824 1032 3875 καὶ
1068 3822 1165 3876 τοῦ
1226 3826 1552 3895 Πνεύματος
1604 3828 1796 3894 ἔστιν,
1846 3832 1966 3884 οὐδὲ

382 3910 601 3975 λέγεται
623 3953 637 3975 ,
683 3913 805 3967 οὐδὲ
861 3916 1213 3985 ἀντιστρέφει
1247 3919 1279 3986 ὴ
1321 3918 1546 3989 σχετικὴ
1572 3919 1712 3989 αῦτη
1744 3923 1969 3975 ἀκολου·

388 4003 511 4066 οἱα,
553 4005 627 4063 ὣς
672 4004 936 4059 δύνασθαι
961 4007 1105 4060 κατὰ
1147 4007 1208 4061 τὸ
1249 4008 1365 4063 ἴσον
1401 4009 1446 4062 δ’
1491 4011 1805 4074 ἀναλύσεως
1846 4015 1971 4066 ἀντ-

388 4094 721 4164 ιστραφῆναι
742 4095 834 4149 τὸν
858 4097 1035 4164 λόγον,
1063 4100 1157 4152 καὶ
1180 4099 1370 4171 ὥσπερ
1388 4101 1625 4171 Χριστοῦ
1651 4103 1709 4155 τὸ
1745 4103 1970 4172 Πνεῦμα

384 4187 795 4257 λέγομεν,οῦτω
817 4191 1026 4245 καὶτοῦ
1051 4192 1370 4258 Πνεύματος
1392 4195 1627 4261 Χριστὸν
1652 4198 1969 4264 ὀνομάζειν.

460 4300 573 4354 Τοῦ
604 4302 793 4355 αὑτοῦ
822 4301 893 4356 ἐκ
920 4301 1029 4356 τοῦ
1058 4304 1193 4371 περὶ
1218 4304 1650 4373 ,βαπτίσματος
1682 4310 1896 4376 λόγου.

455 4412 851 4479 Βαπτίζοντες
867 4415 1111 4480 αὐτοὺς,
1140 4417 1293 4486 φησὶ,
1316 4414 1403 4483 εἰς
1424 4419 1491 4470 τὸ
1518 4418 1705 4487 ὄνομα
1727 4421 1836 4474 τοῦ
1856 4425 1973 4475 Πα-

2071 3281 2275 3335 crimen
2309 3272 2805 3345 deprehendimus?

2538 3543 2624 3597 Ea:
2655 3542 2835 3597 eadem
2891 3539 3152 3593 oratione.

2142 3640 2378 3709 Spiritus
2407 3643 2628 3690 sanctus
2667 3641 2721 3685 et
2747 3646 2814 3684 ex
2865 3630 2974 3683 Deo
3024 3636 3129 3693 est,
3168 3635 3226 3681 et
3264 3626 3468 3681 Christi
3532 3624 3659 3695 Spi-

2072 3738 2206 3788 ritus
2234 3742 2318 3787 est
2385 3737 2549 3797 atque
2576 3724 2802 3779 dicitur.
2841 3720 3010 3776 Filius
3033 3730 3218 3774 autem
3244 3734 3369 3773 cum
3433 3735 3500 3774 ex
3547 3721 3659 3773 Deo

2070 3829 2163 3890 sit,
2207 3840 2314 3895 non
2373 3821 2608 3892 Spiritus
2647 3820 2813 3871 etiam
2870 3824 2977 3879 eet,
3039 3828 3215 3883 neque
3272 3812 3495 3867 dicitur.
3529 3810 3654 3865 Hau:

2070 3923 2211 3974 enim
2230 3917 2435 3973 ordinis
2473 3913 2769 3968 seriesnon
2817 3909 3086 3979 sequitur,
3136 3917 3196 3961 ut
3241 3923 3307 3961 ex
3358 3922 3514 3976 aequo
3563 3925 3662 3974 per

2074 4013 2462 4068 resolutionem
2484 4008 2585 4063 sibi
2611 4004 2850 4059 vicissim
2869 4004 3011 4057 ratio
3028 4001 3373 4073 respondeat,
3391 4008 3444 4053 et
3466 4014 3655 4067 (ιιιειιι-

2074 4105 2363 4161 admodum
2418 4099 2618 4155 Christi
2669 4096 2933 4167 Spiritum
2992 4094 3249 4156 dicimus,
3281 4092 3363 4147 sic
3385 4092 3546 4147 etiam
3579 4093 3657 4162 ip-

2074 4201 2189 4256 sius
2222 4195 2462 4266 Spiritus
2497 4191 2775 4246 Christum
2830 4187 3185 4256 appellemus.

2324 4311 2581 4379 Ejusdem
2627 4322 2692 4360 ea:
2745 4304 2981 4358 oratione
3003 4305 3068 4357 de
3113 4303 3396 4372 baptismo.

2146 4426 2510 4495 Baptisantes,
2542 4418 2736 4486 inquit,
2770 4432 2856 4469 eos
2880 4416 2934 4467 in
2957 4415 3164 4468 nomine
3215 4413 3395 4469 Patris
3425 4425 3471 4468 et
3531 4412 3615 4467 Fit
3644 4418 3657 4465 ἰ

381 4507 541 4573 τρὸς,
562 4506 785 4560 καὶτοῦ
816 4505 975 4570 Υίοῦ,
1001 4506 1101 4560 καὶ
1124 4508 1231 4560 τοῦ
1253 4510 1427 4575 ἁγίου
1445 4510 1812 4578 Πνεύματος.
1841 4512 1964 4575 Πῶς

2075 4529 2125 4574 et
2156 4516 2389 4586 Spiritus
2444 4511 2616 4564 sancti
2654 4509 2697 4563 ³.
2733 4505 2844 4561 Cur
2892 4506 2945 4559 iu
2980 4507 3200 4561 nomine
3260 4506 3491 4561 Patris?
3521 4506 3655 4573 Quin

380 4604 459 4662 εἰς
482 4596 543 4650 τὸ
570 4598 739 4667 ὄνομα
764 4596 855 4650 τοῦ
883 4599 1126 4667 Πατρός
1162 4599 1381 4669 Ἐπειδὴ
1412 4601 1556 4671 ἁρχὴ
1582 4601 1690 4655 τῶν
1720 4603 1964 4657 πάντων.

380 4689 506 4749 Πῶς
562 4691 641 4749 είς
704 4689 764 4739 τὸ
812 4688 906 4740 τοῦ
966 4688 1134 4752 Υἰοῦς
1200 4690 1420 4762 Ἐπειδὴ
1469 4694 1805 4764 δημιουργὸς
1860 4695 1960 4764 τῆς

384 4782 635 4843 κτίσεως.
681 4780 805 4843 Πῶς
840 4780 919 4842 εἰς
945 4780 1004 4833 τὸ
1035 4781 1126 4833 τοῦ
1154 4783 1310 4850 ἁγίου
1340 4785 1688 4854 Πνεύματος;
1740 4786 1962 4857 Ἐπειδὴ

383 4874 730 4927 τελειωτικδν
784 4872 893 4926 τῶν
949 4874 1190 4929 πάντων.
1264 4877 1420 4930 Διατί
1475 4879 1572 4942 τὰς
1625 4882 1774 4951 τρεῖς
1833 4882 1965 4933 ὑπο⁹

388 4967 604 5030 στάσεις
635 4966 1141 5036 κατακερματίζεις
1175 4969 1256 5032 είς
1282 4969 1571 5041 διαφόρους
1608 4974 1799 5042 φύσεις
1820 5015 1834 5039 ,
1871 4973 1966 5028 καὶ

384 5056 533 5123 τρεῖς
564 5055 773 5127 ἐργάζῃ
805 5056 961 5119 θεοὺς
988 5058 1278 5126 ἀνομοίους
1321 5061 1568 5130 ἀλλήλων
1591 5105 1604 5126 ,
1648 5065 1776 5134 μίαν
1812 5063 1964 5134 παρὰ

390 5146 605 5200 πάντων
637 5149 733 5199 καὶ
760 5150 861 5217 τὴν
896 5148 1066 5219 αὐτὴν
1098 5153 1261 5222 χάριν
1290 5153 1616 5224 δεχόμενο;;

826 5258 926 5312 Ἐκ
961 5259 1068 5312 τοῦ
1103 5260 1290 5314 αὐτοῦ
1325 5264 1537 5332 λόγου.

454 5349 593 5417 Φησὶ
623 5349 686 5401 τὸ
728 5351 884 5416 ἅγιον
933 5352 1158 5421 Πνεῦμα
1190 5353 1279 5406 διὰ
1316 5354 1411 5407 τοῦ
1458 5356 1659 5409 Δαϐίδ’
1695 5360 1966 5429 Σήμερον

2065 4628 2250 4670 rerum
2282 4623 2364 4661 est
2388 4604 2631 4659 omnium
2669 4599 3015 4671 principium.
3048 4598 3160 4651 Cur
3180 4598 3237 4652 in
3262 4599 3481 4652 nomine
3498 4597 3680 4653 Filii'!‘

2069 4705 2205 4773 Quia
2226 4708 2308 4754 est
2339 4709 2519 4751 rerum
2540 4693 2786 4749 omnium
2837 4700 3245 4759 procreatarum
3276 4689 3522 4744 eli'ector.
3548 4691 3661 4744 Cur

2068 4802 2123 4856 in
2148 4795 2364 4853 nomine
2385 4789 2623 4858 Spiritus
2651 4785 2825 4840 sancti
2847 4784 2886 4855 η
2909 4784 3046 4849 Quia
3094 4798 3180 4837 res
3203 4782 3413 4853 perlicit
3433 4785 3656 4837 univer‘

2069 4905 2199 4947 επεν
2221 4883 2362 4952 Quid
2404 4882 2567 4951 igitur
2598 4887 2675 4943 tu,
2709 4894 2831 4932 cum
2870 4890 3034 4929 unam
3084 4876 3153 4930 ab
3198 4876 3451 4931 omnibus
3504 4892 3657 4931 cani-

2070 4984 2307 5049 utemque
2345 4974 2572 5045 gratiam
2603 4972 2859 5040 accipias,
2897 4970 2995 5025 has
3018 4978 3129 5025 tres
3160 4986 3422 5040 personas
3453 4972 3505 5025 in
3561 4989 3657 5028 na—

2067 5087 2223 5129 turas
2258 5070 2499 5123 diversas
2533 5060 2747 5127 dividis,
2782 5070 2999 5130 tresque
3061 5061 3202 5115 inter
3266 5076 3325 5117 se
3366 5061 3679 5120 dissimiles

2068 5168 2205 5219 deos
2254 5156 2436 5215 facis?

2540 5270 2622 5324 Ea:
2660 5270 2845 5325 eadem
2891 5274 3157 5325 oratione.

2139 5367 2380 5436 Spiritus
2419 5374 2643 5419 sanctus
2662 5378 2758 5429 per
2814 5360 3109 5417 Davidcm:
3151 5363 3340 5425 Hodie.
3367 5361 3557 5430 inquit,
3613 5363 3660 5413 si

383 5442 493 5494 ἐὰν
516 5441 628 5510 τῆς
659 5442 867 5511 φωνῆς
894 5446 1083 5500 αὑτοῦ
1105 5447 1438 5513 ἀκούσητε,
1466 5448 1554 5517 μὴ
1587 5453 1964 5518 σκληρύνετε

2073 5475 2258 5516 vocem
2279 5457 2394 5526 ejus
2421 5454 2725 5519 audieritis,
2759 5453 2920 5508 nolite
2935 5455 3198 5506 obdurare
3242 5452 3403 5505 corda
3460 5458 3658 5508 vestra,

383 5534 492 5598 τὰς
516 5534 761 5603 καρδίας
788 5535 977 5605 ὑμῶν,
1000 5539 1079 5603 ὠς
1105 5539 1176 5593 ἐν
1199 5539 1279 5604 τῷ
1304 5543 1789 5612 παραπικρασμῷ
1818 5546 1968 5600 κατὰ

384 5628 502 5693 τὴν
527 5626 755 5695 ἡμέραν
782 5629 891 5683 τοῦ
911 5633 1247 5701 πειρασμοῦ
1266 5633 1335 5686 ἐν
1362 5632 1437 5702 τῇ
1463 5634 1677 5704 ἐρήμῳ,
1706 5632 1777 5692 οὗ
1802 5637 1967 5692 ἐπει-

2076 5554 2209 5607 sicut
2252 5565 2311 5604 ιη
2338 5545 2765 5611 exacerbatione,
2795 5543 3087 5598 secundum
3148 5542 3288 5594 diem
3351 5539 3657 5592 tentatiouis

2076 5641 2130 5694 in
2156 5643 2392 5704 deserto,
2429 5636 2518 5690 ubi
2547 5644 2870 5691 tentavertmt
2914 5648 2995 5687 me
3033 5640 3209 5699 patres
3234 5630 3385 5685 restri
3436 5628 3480 5683 ⁸.
3536 5628 3665 5685 "me

460 5826 480 5857 ¹
506 5826 691 5882 Matth.
721 5845 791 5892 vr,
818 5829 896 5885 lO.
978 5834 995 5863 ¹
1036 5830 1199 5887 Hebr.
1230 5848 1267 5897 ι,
1294 5834 1346 5890 5.
1426 5835 1445 5866 ³
1482 5833 1889 5901 Mattthvm,
1932 5802 1964 5892 l1

2096 5843 2111 5870 ⁵
2148 5840 2295 5894 Psal;
2343 5852 2483 5903 λων,
2518 5838 2569 5903 8,
2596 5839 2645 5892 9.
