4082 6384
472 325 581 388 855

1735 321 2123 385 EUTHYMII
2159 324 2201 382 Ζ
2211 321 2334 382 [GA
2346 322 2519 386 BEN!

3659 327 3762 389 856

478 445 638 497 divus
666 443 956 512 Apostolus
993 457 1432 500 commemorans
1479 443 1614 498 :Sic
1677 446 1828 511 dicit,
1861 442 2060 512 inquit,

2190 440 2374 496 >ασάν
2398 459 2476 511 με
2501 445 2554 496 οι
2593 444 2853 512 πατέρες
2907 440 3096 509 ὑμῶν.
3161 443 3381 496 Τούτων
3416 440 3766 513 μεμνημένος

480 537 714 605 8ρὶ.·ἱιιιε
753 547 970 590 sanctus
990 577 1004 601 ,
1028 547 1191 606 atque
1222 537 1294 591 ita
1319 537 1495 591 verba
1527 537 1642 591 hmo
1693 537 1907 601 recitat,
1970 534 2069 587 tri-

481 632 656 686 buens
706 647 768 686 ea
829 629 1056 700 Spiritui
1105 637 1297 686 sancto
1341 630 1383 684 ¹.
1431 629 1564 695 Quis
1601 628 1766 698 igitur
1824 635 1909 681 est
1957 625 2070 689 ille,

484 741 642 794 quem
679 733 1022 780 tentaverunt
1062 735 1241 794 patres
1267 725 1514 794 ipsorum
1548 724 1600 776 in
1635 725 1874 783 deserto,
1901 735 2063 790 quem

485 816 1109 886 irrit:iverunt?Accipe
1167 817 1236 871 ab
1286 819 1404 887 ipso
1466 815 1738 882 Propheta
1800 812 2014 867 dicente
2052 827 2070 864 :

482 908 652 962 Deum
715 909 1034 962 altissimum
1099 916 1430 962 tentaverunt
1463 907 1506 962 ’.
1572 905 1737 975 Atqui
1779 901 2073 974 Apostolus

486 1018 607 1053 (‘tltll
641 1001 874 1070 Spiritus
902 1003 1074 1058 sancti
1103 1016 1390 1069 personam
1423 1011 1550 1056 ante
1580 999 1936 1058 nominasset,
1995 995 2073 1050 illi

487 1093 651 1147 verba
681 1095 796 1148 haec
828 1095 1054 1149 tribuit:
1093 1093 1451 1164 Quapropter,
1489 1093 1768 1161 inquiens,
1798 1091 1940 1144 sicut
1990 1088 2075 1140 di-

487 1186 560 1236 cit
594 1182 830 1253 Spiritus
864 1195 1087 1239 sanctus
1112 1202 1132 1240 :
1166 1185 1469 1240 Secundum
1489 1186 1627 1238 diem
1668 1182 1978 1238 tentationis
2018 1181 2076 1234 in

487 1277 716 1340 deserto,
769 1277 860 1330 ubi
904 1287 1233 1332 tentavertmt
1287 1295 1370 1332 me
1431 1287 1612 1343 patres
1663 1276 1848 1330 vestri.
1897 1273 2077 1339 Quare

490 1385 653 1439 quem
686 1371 851 1425 Deum
878 1372 1200 1427 altissimum
1232 1371 1522 1440 appellavit
1567 1369 1862 1439 Propheta,
1931 1368 2076 1420 hunc

493 1463 562 1519 Ι).
591 1465 882 1533 Apostolus
919 1465 1184 1534 Spiritum
1203 1474 1450 1518 sanctum
1479 1478 1602 1519 esse
1639 1464 1791 1518 dicit.
1818 1461 2006 1529 Itaque
2031 1461 2075 1516 si

490 1556 728 1624 Spiritus
761 1565 984 1612 sanctus
1010 1597 1026 1622 ,
1092 1556 1473 1620 Tentaveruut,
1515 1556 1711 1625 inquit,
1747 1571 1829 1609 me
1896 1565 2076 1624 patres

489 1649 651 1703 uestri
686 1650 754 1704 in
781 1649 1008 1716 deserto;
1048 1649 1318 1718 Propheta
1351 1664 1478 1702 vero
1511 1663 1659 1711 eum,
1712 1647 1805 1717 qui
1839 1654 2078 1700 tentatus

493 1750 568 1795 cst
621 1741 674 1794 in
711 1741 953 1806 deserto,
1021 1740 1189 1794 Deum
1253 1739 1582 1793 altissimum
1643 1753 1762 1793 esse
1824 1742 2075 1802 testatur,

2175 536 2204 586 6
2232 534 2374 598 θεῖος
2400 535 2698 597 ἀπόστολός
2727 553 2862 606 φησι
2880 553 2896 569 ο
2918 534 3038 599 Διὸ,
3065 535 3264 601 καθὼς
3289 533 3454 603 λέγει
3487 534 3553 585 τὸ
3579 537 3763 586 Πνευ-

2170 643 2258 695 μα
2291 627 2360 680 τὸ
2399 627 2595 696 ἄτιον.
2646 629 2756 681 Καὶ
2792 629 2951 682 τοῦτο
2981 627 3174 694 εἰπὼν,
3219 630 3424 690 ταύτας
3471 626 3569 679 τοῦ
3629 642 3760 694 προ-

2179 721 2352 790 φήτου
2386 721 2486 784 τὰς
2515 723 2702 790 ῥήσεις
2742 723 3032 789 ἐπήγαγεν
3055 761 3069 783 ,
3116 721 3452 790 ἐφαρμόζων
3482 719 3654 780 αὐτὰς
3687 717 3765 785 τῷ

2179 810 2459 882 προσώπῳ
2511 811 2608 862 τοῦ
2663 812 3001 882 Πνεύματος.
3035 813 3132 874 Τίς
3189 809 3285 865 οῦν
3336 814 3488 864 ἐστιν
3524 810 3585 862 ὂν
3615 811 3764 863 ἐπεί-

2181 917 2358 972 ρασαν
2405 904 2454 954 οἱ
2485 904 2724 973 πατέρες
2753 904 2937 958 αὐτῶν
2964 905 3024 955 ἐν
3050 907 3115 974 τῇ
3153 903 3383 973 ὲρήμῳ;
3416 902 3500 964 τίς
3530 901 3589 954 ὃν
3626 917 3768 970 παρ-

2179 991 2448 1063 ὠργιοανς
2478 994 2636 1047 Μάθε
2676 996 2812 1063 παρ’
2839 995 3009 1048 αὐτοῦ
3041 994 3138 1048 τοῦ
3174 996 3215 1047 Π
3227 997 3467 1065 ροφὴτου
3494 993 3767 1060 λέγοντος,

2181 1089 2265 1140 ὅτι
2287 1105 2306 1140 ι
2332 1087 2670 1157 Ἐπείρασαν
2691 1089 2784 1142 τὸν
2810 1090 2944 1144 Θεὸν
2970 1090 3064 1143 τὸν
3090 1089 3342 1159 ὕψιστον.
3378 1086 3568 1140 mm
3601 1084 3709 1154 μὴν
3741 1083 3770 1136 6

2195 1180 2524 1244 ’Δπόστολος
2548 1180 2830 1251 προτάξας
2849 1182 2911 1235 τὸ
2939 1183 3233 1251 πρόσωπον
3263 1179 3357 1233 τοῦ
3401 1179 3561 1246 ἁγίου
3603 1176 3773 1229 Πνεύ-

2183 1291 2376 1343 ματος,
2418 1273 2614 1345 ἐκείνῳ
2647 1277 2855 1338 ταύτας
2884 1279 2986 1338 τὰς
3025 1274 3210 1344 φωνὰς
3235 1273 3526 1342 ἀνατίθησι
3567 1271 3768 1338 λέγων’

2181 1369 2300 1436 Διὸ,
2332 1370 2530 1436 καθὼς
2565 1369 2731 1440 λέγει
2767 1369 2837 1423 τὸ
2877 1369 3120 1452 Πνεῖςμα
3139 1371 3209 1421 τὸ
3251 1367 3442 1436 ἅγιον,
3479 1366 3570 1419 ὄτι
3621 1361 3774 1416 κατὰ

2179 1461 2299 1528 τὴν
2322 1461 2556 1531 ἡμέραν
2583 1462 2692 1516 τοῦ
2721 1460 3059 1528 πειρασμοῦ
3080 1461 3151 1513 ἐν
3170 1457 3245 1529 τῇ
3265 1459 3484 1528 ἐρήμῳ.
3512 1453 3584 1512 οὗ
3615 1456 3778 1508 ἐπεί-

2174 1555 2380 1620 ρασάν
2405 1571 2483 1623 με
2510 1557 2566 1609 οι
2591 1555 2847 1623 πατέρες
2879 1553 3070 1624 ὑμῶν.
3101 1551 3314 1606 Οὐκοῦν
3345 1551 3403 1604 ὃν
3427 1553 3453 1603 6
3479 1551 3777 1620 Προφήτης

2187 1646 2452 1714 Ὕψιστον
2479 1647 2867 1718 κατωνόμασε,
2898 1647 3088 1701 τοῦτον
3119 1648 3148 1700 6
3176 1646 3321 1708 θεῖος
3365 1643 3690 1705 ’Λπόστολος
3715 1641 3777 1693 τὸ

2187 1738 2416 1809 Πνεῦμα
2447 1741 2509 1792 τὸ
2541 1740 2698 1808 ἆγιον
2736 1737 2880 1794 εἶναι
2913 1740 3085 1808 λέγει.
3120 1741 3184 1793 Εἰ
3218 1735 3314 1792 οὖν
3353 1739 3414 1789 τὸ
3453 1735 3680 1803 Πνεῦμα
3719 1733 3780 1786 τὸ

489 1833 852 1888 obstruuntur
873 1847 968 1888 ora
997 1831 1260 1902 Spiritum
1294 1833 1743 1900 oppugnantium,
1774 1841 1824 1883 et
1853 1830 2078 1898 loquen-

2190 1830 2345 1899 ἅγιον
2383 1831 2570 1899 λέγει,
2604 1833 2686 1886 ὅτι
2729 1831 3093 1900 Ἐπείρασάν
3122 1850 3198 1900 με
3233 1834 3288 1884 οι
3320 1829 3576 1896 πατέρες
3609 1825 3781 1894 ὑμῶν

491 1921 861 1991 tinminiqua,
912 1937 1037 1978 cum
1070 1931 1259 1990 aperte
1292 1931 1405 1976 tum
1429 1921 1754 1990 Apostolus,
1793 1931 1908 1977 tum
1944 1921 2083 1976 Ρτοο

497 2017 688 2080 pheta,
719 2030 784 2070 ex
818 2015 886 2071 iis
917 2029 1038 2086 qua:
1095 2014 1244 2069 dicta
1297 2021 1446 2076 sunt,
1505 2013 1740 2082 Spiritus
1788 2015 2085 2084 przcdicent

489 2107 856 2162 divinitatem.

2181 1925 2253 1978 ἐν
2281 1923 2356 1992 τῇ
2389 1925 2610 1994 ἐρήμῳ,
2641 1928 2668 1979 6
2695 1926 2753 1979 δὲ
2789 1927 3083 1996 Προφήτης
3108 1925 3567 1997 διαμαρτύρεται,
3599 1921 3682 1974 ὃτι
3721 1921 3782 1971 ὲν

2181 2019 2248 2088 τῇ
2289 2018 2484 2089 ἐρήμῳ
2530 2019 2859 2090 πειρασθεὶς
2911 2019 3138 2090 ὖψιστός
3190 2022 3308 2073 ἐστι
3343 2019 3496 2081 Θεὸς,
3532 2013 3784 2086 ἐμφράταε

2183 2127 2371 2164 τονται
2400 2111 2470 2165 τὰ
2493 2112 2742 2182 στόματα
2770 2113 2880 2166 τῶν
2906 2112 3394 2182 Πνευματομάχων
3419 2109 3530 2164 τῶν
3555 2105 3787 2161 λαλούν-

487 2221 598 2256 των
629 2203 772 2256 κατὰ
810 2203 906 2256 τοῦ
967 2201 1180 2270 Κυρίου
1227 2201 1484 2270 ἀδικίαν,
1531 2202 1719 2270 σαφῶς
1769 2199 1862 2255 τοῦ
1898 2218 1956 2255 τε
1999 2203 2328 2260 Ἀποστόλου
2380 2207 2478 2260 καὶ
2522 2206 2619 2260 τοῦ
2680 2207 2974 2276 Προφήτου
3029 2205 3117 2260 διὰ
3161 2204 3272 2258 τῶν
3319 2203 3633 2276 είρημένων
3678 2199 3784 2270 τὴν

489 2298 722 2366 θεότητα
749 2296 846 2349 τοῦ
881 2297 1200 2367 Πνεύματος
1235 2297 1647 2367 κηρυσσόντων.

491 2390 745 2460 Ejusdem
797 2405 864 2444 ea:
887 2391 1128 2460 oratione
1153 2395 1221 2445 ad
1251 2390 1618 2456 Etutathium,
1648 2389 1850 2458 scripta
1882 2389 1936 2443 in
1990 2403 2080 2442 eos

771 2463 861 2531 qui
903 2458 1165 2530 Spiritum
1193 2471 1438 2517 sanctum
1460 2461 1793 2530 impugnaut.

565 2574 700 2628 Cum
724 2573 983 2644 apostolis
1009 2574 1074 2628 de
1113 2573 1384 2641 baptismo
1417 2573 1676 2628 Dominus
1700 2575 1956 2626 mandata
1987 2573 2081 2628 (lae

493 2678 596 2727 ret,
621 2667 764 2721 Patri
790 2676 846 2721 et
875 2666 1017 2721 Filio
1047 2665 1326 2733 conjunxit
1356 2663 1639 2733 Spiritum.
1665 2664 1896 2718 Proinde
1914 2663 2006 2733 qui
2026 2663 2082 2717 in

494 2770 560 2810 ea
594 2753 869 2818 facultate,
903 2767 1006 2822 qua
1035 2752 1144 2805 vita
1178 2750 1454 2815 tribuitur,
1489 2760 1544 2804 et
1564 2765 1662 2820 per
1693 2765 1854 2818 quam
1894 2760 2084 2804 natura

495 2855 692 2898 nostra
724 2857 790 2898 ex
825 2849 1091 2910 corrupta
1134 2841 1384 2894 redditur
1451 2841 1791 2910 incorrupta,
1849 2840 2081 2908 conjun-

497 2934 672 3000 gitnr,
713 2933 769 2988 in
801 2931 1057 2986 omnibus
1074 2929 1446 2984 habebitcum
1490 2928 1651 2983 Patre
1691 2940 1746 2983 ct
1786 2929 1922 2982 Filio
1955 2944 2083 2980 cou-

493 3028 852 3098 iunctionem.

1009 3121 1094 3173 Ex
1117 3118 1299 3172 eadem
1341 3119 1598 3171 oratione.

576 3216 632 3271 Si
662 3215 910 3270 diversas
938 3213 1078 3267 inter
1112 3227 1172 3267 se
1213 3210 1512 3266 viderimus
1567 3211 1834 3274 actiones,
1891 3224 2012 3278 qua:
2054 3225 2085 3260 a

503 3313 695 3377 Patre,
726 3319 781 3364 et
807 3307 966 3369 Filio,
998 3317 1054 3362 et
1080 3306 1283 3373 Spiritu
1319 3313 1509 3358 sancto
1537 3303 1978 3372 proﬁciscuntur,
2009 3301 2090 3353 di-

501 3418 691 3459 versas
723 3399 851 3456 item
885 3398 1158 3470 agentium
1196 3405 1418 3451 naturas
1446 3410 1509 3450 ex
1547 3396 1822 3449 actionum
1851 3395 2085 3449 diversi-

503 3505 618 3550 tate
637 3493 1012 3561 coujiciamus.
1041 3489 1232 3559 Neque
1257 3489 1403 3544 enim
1436 3489 1552 3542 ﬁeri
1587 3494 1788 3557 potest,
1856 3495 1914 3540 ut
1970 3500 2089 3555 qua:

502 3595 714 3642 naturae
746 3584 1001 3641 diﬂ'erunt
1025 3583 1256 3647 ratione,
1299 3580 1573 3635 aCIionum
1615 3592 1811 3647 genere
1835 3579 2089 3645 copulen-

505 3691 612 3733 tur.
646 3676 745 3732 Sin
769 3691 931 3731 unam
970 3675 1147 3732 Patris
1193 3681 1248 3729 et
1272 3673 1471 3728 Filiiet
1502 3670 1745 3740 Spiritus
1781 3671 1955 3726 sancti
1995 3686 2090 3723 ac-

503 3773 708 3826 tionem
737 3784 860 3826 esse
879 3767 1314 3840 cognoverimus,
1345 3766 1658 3821 necessario
1685 3779 1750 3818 ex
1779 3764 1971 3818 eadem
1995 3777 2087 3816 ac~

502 3866 712 3918 tionum
735 3862 789 3916 vi
831 3867 1040 3915 natura;
1085 3859 1522 3929 coniunctionem
1551 3855 1885 3923 colligemus.
1955 3853 2091 3908 San-

505 3969 623 4011 etos
643 3954 827 4016 eilicit,
863 3951 1196 4014 consolatur,
1232 3953 1393 4004 vitam
1432 3951 1653 4020 praebet,
1713 3957 1767 4000 δι
1816 3947 1919 4000 alia
1948 3947 2094 4014 ejus-

508 4050 631 4100 dem
660 4045 878 4116 generis
932 4046 1052 4101 sine
1081 4044 1190 4099 ullo
1221 4043 1535 4097 discrimine
1576 4047 1800 4108 prmstat
1836 4047 1952 4093 tum
1993 4037 2095 4091 Pa-

510 4151 614 4204 tur,
647 4149 758 4192 tum
793 4137 986 4204 Filius,
1009 4145 1122 4190 tum
1167 4135 1404 4204 Spiritus
1433 4145 1675 4188 sanctus.
1713 4131 1902 4202 Itaque
1963 4145 2096 4200 quo-

507 4247 628 4285 rum
649 4245 754 4285 una
782 4227 1622 4299 atqueeademcstaetio,eorum
1665 4225 1791 4278 item
1847 4237 1955 4278 una
2013 4233 2098 4278 est

510 4325 808 4391 eademque
839 4331 1046 4375 natura.

1007 4499 1092 4554 Ex
1110 4503 1293 4556 cadent
1333 4504 1597 4556 oratione.

583 4596 638 4651 Si
667 4597 730 4671 is,
771 4597 862 4666 qui
895 4598 1064 4666 ungit,
1101 4606 1183 4650 est
1216 4595 1395 4662 Pater,
1452 4606 1507 4651 et
1567 4596 1677 4660 ille,
1728 4594 1818 4664 qui
1857 4594 2099 4659 llllL’lllll',

2231 2387 2350 2442 Τοῦ
2378 2389 2570 2444 αὑτοῦ
2603 2390 2674 2441 ἐκ
2714 2387 2822 2441 τοῦ
2867 2386 3020 2456 πρὸς
3054 2387 3398 2442 Εὐστὰθιον
3439 2387 3590 2441 κατὰ
3627 2385 3752 2440 τῶν

2601 2459 3129 2527 Πνευματομάχων
3157 2459 3372 2528 λόγου.

2275 2570 2695 2642 Ἐντελλόμενος
2726 2575 2758 2626 6
2780 2574 2988 2646 Κύριος
3023 2577 3139 2638 τοῖς
3197 2575 3470 2646 μαθηταῖς
3512 2572 3646 2644 περὶ
3685 2573 3791 2628 τοῦ

2193 2663 2342 2716 θείου
2375 2663 2780 2734 βαπτίσματος,
2823 2683 2904 2737 τῳ
2955 2667 3132 2736 Πατρὶ
3183 2668 3278 2720 καὶ
3309 2667 3389 2737 τῷ
3423 2666 3541 2736 Υίῷ
3576 2666 3791 2740 συνῆψε

2193 2757 2291 2810 καὶ
2319 2755 2382 2809 τὸ
2420 2757 2647 2826 Πνεῦμα
2677 2757 2738 2810 τὸ
2770 2757 2950 2824 ἅγιον.
2999 2757 3073 2812 Τὸ
3110 2755 3204 2814 οῦν
3228 2759 3573 2831 συνημμένον
3616 2761 3676 2815 ὲν
3721 2764 3790 2832 τῆ

2193 2849 2448 2920 ζωοποιῷ
2474 2849 2748 2921 δυνάμει,
2785 2850 2911 2904 καθ’
2938 2851 3007 2922 ἢν
3034 2854 3099 2905 ix
3122 2851 3331 2922 φθορᾶς
3362 2855 3444 2917 είς
3474 2852 3793 2924 ἀφθαρσίαν

2193 2943 2228 3011 ἠ
2269 2941 2435 3008 φύσις
2481 2944 2642 3012 ἡμῶν
2679 2943 3158 3016 μετασκευάζεται
3185 2987 3199 3011 ,
3258 2947 3348 2999 διὰ
3399 2945 3619 3001 πάντων
3673 2946 3792 3014 ἕξει

2117 3053 2161 3110 ο
2194 3039 2331 3107 πρὸς
2361 3038 2452 3091 τὸν
2481 3039 2709 3109 Πατέρα
2741 3038 2835 3092 καὶ
2859 3038 2952 3093 τδν
2983 3038 3112 3092 Υίδν
3139 3038 3237 3108 τὴν
3264 3038 3587 3108 συνάφειαν.

2642 3131 2744 3184 Ἐκ
2776 3131 2883 3185 τοῦ
2907 3131 3096 3184 αὑτοῦ
3132 3132 3346 3199 λόγου.

2279 3219 2407 3273 Ἐὰν
2438 3221 2640 3291 ίδωμιν
2676 3221 3046 3293 διαφερούσας
3074 3221 3323 3291 ἀλλήλων
3363 3223 3464 3287 τὰς
3503 3223 3794 3293 ἐνεργείας

2195 3312 2293 3376 τὰς
2320 3312 2472 3382 παρὰ
2502 3311 2598 3367 τοῦ
2637 3314 2888 3384 Πατρός,
2915 3313 3015 3368 καὶ
3048 3313 3142 3368 ⁶τοῦ
3167 3314 3299 3368 Υίοῦ
3320 3355 3336 3379 ,
3371 3317 3465 3370 καὶ
3497 3315 3596 3369 τοῦ
3626 3316 3793 3384 ἁγίου

2195 3406 2514 3474 Πνεύματος
2551 3407 2988 3477 ἑνιργουμένας,
3023 3407 3318 3477 διαφόρους
3364 3403 3505 3461 εῖναι
3535 3409 3632 3462 καὶ
3686 3408 3794 3471 τὰς

2195 3497 2527 3567 ἐνεργούσας
2558 3498 2754 3568 φύσεις
2785 3501 2850 3552 ὲκ
2877 3499 2980 3569 τῆς
3010 3499 3332 3570 ἑτερότητος
3353 3501 3464 3554 τῶν
3493 3501 3794 3572 ἐνεργειῶν

2195 3589 2600 3660 στοχασόμεθα.
2645 3591 2723 3643 ού
2755 3591 2866 3661 γὰρ
2902 3591 3186 3662 ἐνδέχεται
3230 3592 3300 3644 τὰ
3329 3592 3594 3646 διεστῶτα
3642 3593 3794 3647 κατὰ

2193 3682 2289 3736 τὸν
2323 3683 2425 3753 τῆς
2449 3681 2664 3751 φύσεως
2694 3682 2856 3750 λόγον
2903 3682 3044 3754 πρὸς
3073 3683 3132 3737 τὸ
3167 3683 3277 3737 τῶν
3320 3683 3615 3755 ἐνεργειῶν
3648 3680 3794 3748 εἶδος

2195 3773 2452 3846 ἀλλήλοις
2511 3773 2925 3844 συνενεχθῆναι.
2995 3773 3124 3828 Ἐὰν
3185 3773 3242 3827 δὲ
3299 3773 3435 3844 μίαν
3499 3774 3795 3844 νοήσωμεν

2197 3868 2484 3938 ἰνέργειαν
2522 3866 2760 3936 Πατρὺς,
2803 3868 2900 3920 καὶ
2932 3866 3084 3930 Υίοῦ,
3123 3869 3218 3920 καὶ
3250 3867 3409 3934 ἁγίου
3447 3866 3795 3936 Πνεύματος,

2197 3961 2414 4028 ἀνάγκη
2462 3961 2530 4027 τῇ
2578 3959 2879 4028 ταυτότητι
2926 3959 3027 4030 τῆς
3077 3959 3366 4030 ἐνεργείας
3398 3959 3461 4013 τὸ
3507 3959 3794 4032 ἡνωμένον

2198 4051 2300 4121 τῆς
2326 4051 2543 4120 φύσεως
2575 4050 3018 4120 συλλογίζεσθαι.
3063 4049 3306 4121 ’Δγιάζει
3331 4053 3427 4106 καὶ
3455 4053 3789 4125 παραλαλεῖ,

2204 4151 2299 4197 καὶ
2343 4143 2624 4209 ζωοποιεῖ,
2661 4144 2757 4198 καὶ
2786 4144 2967 4198 πάντα
2997 4146 3066 4197 τὰ
3097 4146 3328 4200 τοιαῦτα
3360 4148 3502 4200 κατὰ
3523 4147 3584 4200 τὺ
3606 4148 3790 4217 ἀπαρ-

2204 4234 2474 4289 άλλακτον
2503 4235 2601 4288 καὶ
2625 4236 2652 4288 6
2685 4233 2899 4304 Πατὴρ,
2941 4235 3038 4288 καὶ
3063 4236 3092 4287 6
3119 4234 3284 4302 Υἱὸς,
3316 4234 3414 4288 καὶ
3457 4235 3517 4289 τὸ
3559 4235 3787 4305 Πνεῦμα

2201 4329 2264 4380 τὸ
2299 4327 2474 4396 ἅγιον.
2499 4319 2602 4380 Ὦν
2627 4325 2721 4380 οῦν
2750 4328 2784 4398 ἡ
2817 4311 3066 4396 ἐνέργεια
3094 4326 3197 4396 μία
3215 4327 3364 4400 atan
3397 4327 3558 4400 αὑτὴ,
3581 4328 3790 4383 τούτων

2129 4457 2174 4512 D
2206 4419 2301 4474 καὶ
2335 4420 2368 4490 ἡ
2397 4419 2559 4489 φύσις
2589 4420 2874 4482 ὡσαύτως.

2645 4512 2748 4565 Ἐκ
2782 4510 2891 4564 τοῦ
2920 4510 3109 4565 αὐτοῦ
3143 4511 3354 4578 λόγου.

2279 4601 2342 4654 ΕΞ
2381 4600 2610 4670 χρίστης
2667 4600 2765 4667 μὲν
2811 4599 2839 4650 6
2870 4598 3101 4669 Πατὴρ,
3153 4600 3374 4670 χριστὸς
3432 4602 3487 4655 δι
3539 4605 3569 4656 6
3622 4603 3788 4669 Υἱὸς,

514 4685 704 4745 Filius.
741 4693 796 4739 et
825 4685 942 4754 ipsa
974 4685 1156 4739 unctio
1183 4684 1420 4754 Spiritus
1445 4693 1684 4747 sanctus,
1731 4684 1882 4753 regni
1935 4698 2082 4750 porrt

2206 4695 2415 4763 χρῖσμα
2467 4694 2523 4746 δὲ
2556 4693 2618 4743 τὸ
2653 4691 2877 4760 Πνεῦμα
2909 4691 2969 4745 τὸ
3007 4692 3199 4761 ἅγιον,
3251 4693 3529 4763 βασιλείας
3564 4696 3619 4750 δὲ
3653 4697 3788 4764 σύμ-

513 4779 729 4846 signutn
759 4785 950 4832 etnota
973 4779 1276 4840 estunCtio,
1299 4792 1364 4832 ne
1383 4792 1410 4830 a
1433 4777 1580 4845 regia
1617 4775 1834 4844 quidem
1886 4775 2082 4830 actioni

2208 4785 2364 4853 βολον
2392 4785 2454 4836 τὸ
2496 4783 2740 4851 χρίσμα,
2783 4782 2911 4836 οὐδὲ
2944 4785 3044 4854 τῆς
3080 4783 3372 4856 βασιλικῆς
3415 4789 3691 4857 ἐνεργείας
3727 4787 3786 4839 τὸ

517 4868 751 4936 Spiritus
768 4871 1047 4939 seiunctus
1075 4879 1180 4924 cst.

515 4980 652 5052 Item
682 4981 954 5035 adversum
1003 4981 1232 5051 Spiritus
1281 4993 1664 5052 oppugnatores
1699 4983 1870 5036 sancti
1908 4981 2098 5052 Cyri/li

587 5051 847 5103 dictarunt
885 5053 1175 5120 Scriptura:
1206 5051 1422 5108 diversis
1443 5068 1508 5105 ex
1543 5055 1691 5106 libris
1718 5053 1974 5118 collectio,
2036 5067 2101 5105 ex

588 5125 776 5185 qtttlttts
808 5121 1036 5188 Spiritus
1087 5134 1300 5177 sanctus
1339 5125 1476 5178 Deus
1523 5139 1634 5177 esse
1685 5127 2097 5176 demonstratur.

591 5192 672 5243 tit
704 5191 968 5245 Thesauro
1009 5201 1182 5247 autent
1233 5195 1465 5247 collectio
1505 5195 1614 5248 licet:
1645 5195 1949 5262 deprompta
2003 5203 2102 5260 est,

589 5264 678 5315 sed
705 5263 951 5330 sparsim,
984 5275 1030 5315 et
1052 5279 1144 5332 per
1173 5265 1456 5334 epilogum.

887 5359 970 5413 Ex
1004 5360 1246 5429 Epistola
1295 5364 1363 5414 ad
1409 5359 1737 5415 Corinthios.

597 5456 697 5522 Qui
728 5455 956 5512 Domino
974 5457 1348 5527 coniungitur,
1383 5471 1524 5510 unus
1556 5455 1792 5524 Spiritus
1817 5465 1922 5510 est.
1959 5456 2099 5512 Ecce

520 5551 803 5619 perspicue
827 5549 916 5605 hic
955 5551 1215 5621 Spiritum
1243 5547 1705 5605 dicitDomiuum.
1737 5547 1958 5605 Planius
2002 5567 2096 5604 au-

523 5650 628 5694 tem
663 5645 713 5695 id
740 5641 895 5706 facit,
923 5645 1047 5697 dum
1074 5645 1312 5714 loquitur
1335 5642 1401 5696 de
1427 5639 1625 5696 Judzeis
1657 5658 1672 5695 :
1706 5643 1788 5695 Ad
1816 5644 1954 5696 hunc
2010 5661 2100 5699 uso

661 5819 825 5875 Hebr.
874 5837 946 5888 tv,
979 5829 1032 5893 7,
1081 5826 1134 5881 8.
1209 5831 1228 5862 ²
1270 5827 1413 5885 Psal.
1466 5829 1782 5897 LXXVll,-50.

2208 4878 2434 4946 Πνεῦμα
2464 4876 2526 4953 trp
2559 4875 2716 4944 ἅγιον
2750 4875 3114 4941 ἀπεξένωται.

2215 4991 2346 5043 Ἔτι
2381 4987 2531 5042 κατὰ
2584 4989 3110 5058 Πνευματομάχων
3141 4987 3250 5042 τοῦ
3281 4989 3455 5056 ἁγίου
3490 4992 3790 5058 Harp/1.1922

2283 5057 2563 5129 συλλογὴ
2583 5057 2787 5126 ῥητῶν
2816 5056 3031 5112 ἐκθτῶν
3059 5059 3245 5125 ἁγίων
3273 5056 3580 5129 Γραφῶν(
3605 5059 3681 5113 δι’
3706 5056 3794 5113 ὧν

2283 5128 2713 5183 ἀποδείκνυται
2746 5129 2892 5194 Θεὸς
2943 5129 3012 5181 τὸ
3055 5129 3301 5197 Πνεῦμα
3335 5128 3414 5182 τό
3450 5130 3644 5197 ἅγιον.
3691 5133 3790 5185 Ἐκ

2284 5200 2389 5271 τοῦ
2423 5199 2741 5266 Θησαυροῦ
2773 5199 2844 5271 δὲ
2873 5200 3029 5265 αὕτη
3052 5203 3413 5271 poesy-pasam
3452 5204 3620 5271 πλὴν
3643 5217 3796 5255 σπο-

2275 5270 2474 5337 ράδην
2533 5271 2630 5322 καὶ
2663 5271 2789 5322 κατ’
2823 5269 3139 5338 ἐπιλογήν.

2368 5361 2470 5416 Ἐκ
2509 5361 2618 5429 τῆς
2669 5363 2817 5429 πρὸς
2856 5363 3204 5428 Κορινθίους
3261 5363 3649 5434 Ἐπιστολῆς.

2296 5461 2358 5512 '0
2399 5456 2744 5526 κολλώμενος
2781 5457 2860 5527 τῷ
2892 5455 3080 5527 Κυρίῳ
3106 5456 3164 5508 ἒν
3195 5457 3421 5527 Πνεῦμά
3449 5461 3620 5511 ἐστιν.
3665 5457 3794 5512 Ἰδοὺ

2213 5554 2403 5623 σαφῶς
2432 5550 2624 5604 ἐνθάδε
2658 5549 2719 5604 τὸ
2749 5549 2976 5619 Πνεῦμα
3002 5549 3156 5619 λέγει
3190 5549 3416 5622 Κύριον.
3450 5552 3794 5623 Σαφέστερον

2207 5649 2262 5700 δὲ
2315 5645 2476 5701 τοῦτο
2530 5642 2701 5700 ποιῶν
2759 5643 3069 5697 ἐπιστέλλει
3118 5644 3249 5716 περὶ
3302 5643 3413 5698 τῶν
3478 5644 3793 5700 Ἰουδαίων·
