4082 6434
310 407 419 471 857

1285 419 1659 479 PANOPLIA
1708 422 2170 487 DOGMATICA.
2199 450 2267 466 ·-·
2303 429 2451 489 ΊἸΤ.
2505 432 2640 491 ΧΗ.

3493 437 3600 500 858

313 525 492 593 ’Ἄχρι
517 524 626 594 γὰρ
658 524 768 593 τῆς
801 526 1071 597 σήμερον
1102 528 1326 599 ἡμέρας
1355 535 1422 584 τὸ
1444 537 1591 587 αὐτὸ
1622 536 1898 605 κάλυμμα

2007 556 2104 604 quc
2135 543 2295 608 diem,
2329 545 2601 613 inquit-ns,
2632 548 2768 600 idem
2796 546 3036 601 velamen
3063 549 3114 602 in
3137 548 3357 603 lectione
3406 547 3603 603 Veteris

309 616 415 667 ἐπὶ
448 615 523 683 τῇ
559 616 900 684 ἀναγνώσει
947 617 1058 686 τῆς
1092 620 1364 689 Παλαιᾶς
1396 626 1696 693 Διαθήκης
1736 627 1905 695 μένει

303 726 351 776 μ
365 708 397 771 it
416 708 1024 779 ἀνακαλυπτόμενον,
1046 712 1135 765 ὅτι
1158 713 1228 765 ἐν
1250 715 1485 781 Χριστῷ
1506 718 1904 787 καταργεῖται,

326 800 495 854 Ἀλλ’
516 801 626 865 ἕως
652 804 923 871 σήμερον
950 804 1134 869 ἡνίκα
1160 806 1237 860 ἂν
1258 809 1743 877 ἀναγινώσκηται
1782 811 1909 865 Μω-

314 893 461 958 σῆς,
521 892 806 961 κάλυμμα
857 894 955 947 ἐπὶ
996 896 1113 962 τὴν
1149 899 1407 965 καρδίαν
1453 902 1655 956 αὐτῶν
1698 904 1905 958 κεῖται.

328 980 540 1033 ’Πνίκα
563 982 616 1034 δ’
644 980 721 1035 ἂν
748 984 1089 1055 ἐπιστρέψῃ
1129 989 1278 1057 πρὸς
1320 992 1557 1059 Κύριον,
1594 995 1907 1063 περιαιρεῖ-

312 1088 408 1122 ται
438 1071 506 1123 τὸ
541 1073 847 1141 κάλυμμα.
890 1076 951 1128 ’0
978 1077 1048 1131 δὲ
1090 1081 1305 1147 Κύριος
1331 1084 1396 1135 τὸ
1445 1084 1687 1154 Πνεῦμά
1712 1086 1903 1140 ἐστιν.

318 1159 401 1218 Οὗ
433 1162 503 1216 δὲ
550 1164 616 1217 τὸ
674 1166 916 1235 Πνεῦμα
967 1172 1210 1239 Κυρίου,
1252 1173 1384 1227 ἐκεῖ
1427 1177 1758 1242 ἐλευθερία.
1799 1176 1951 1230 Kal"

314 1255 483 1307 πᾶλιν
508 1296 523 1320 ,
582 1253 783 1323 Ἦμεῒς
823 1257 892 1310 δὲ
917 1259 1143 1327 πάντες
1175 1263 1737 1335 ἀνακεκαλυμμένῳ
1766 1282 1908 1334 προ-

314 1349 499 1401 σώπω
543 1348 661 1417 τὴν
699 1350 891 1414 δόξαν
946 1354 1169 1420 Κυρίου
1223 1358 1748 1425 κατοπτριᾷίμενοι
1793 1360 1908 1425 τὴν

315 1439 515 1507 αὐτὴν
542 1442 745 1495 εἰκόνα
769 1446 1312 1513 μεταμορφούμεθα
1337 1448 1455 1501 ἀπὸ
1484 1450 1670 1517 δόξης
1692 1452 1780 1516 είς
1810 1451 1907 1504 6d-

315 1532 455 1597 ξαν,
496 1532 765 1602 καθάπερ
804 1534 923 1588 ἀπὸ
957 1537 1179 1605 Κυρίου
1222 1542 1591 1608 Πνεύματος.
1890 1546 1898 1553 ’

874 1628 975 1682 Ἐκ
1003 1627 1116 1697 τῆς
1156 1629 1365 1699 αὐτῆς

397 1718 461 1769 Ὀ
494 1716 704 1779 Παῦλος
739 1717 1073 1771 ἐπιστέλλων
1130 1724 1259 1791 περὶ
1310 1723 1478 1775 αὑτοῦ
1509 1740 1675 1794 φησιν
1713 1725 1771 1778 ἐν
1799 1739 1902 1796 αρ-

314 1812 382 1881 χῇ
424 1811 524 1879 τῆς
576 1811 918 1879 Ἐπεστιιλῆςο
984 1813 1227 1878 Παῦλος
1281 1815 1629 1884 ἀπόστολος
1698 1818 1905 1883 Ἰησοῦ

315 1903 596 1968 Χριστοῦ.
668 1904 804 1957 Ἰδοὺ
877 1906 1064 1972 σαφῶς
1110 1908 1300 1960 ἐνθάδε
1354 1909 1416 1962 τὸ
1457 1910 1558 1980 τῆς
1596 1910 1905 1979 ἀποστολῆς

316 1998 493 2064 δθομα
555 1997 654 2050 καὶ
707 2000 941 2067 πρᾶγμα
991 2002 1143 2069 παρὰ
1198 2002 1461 2072 Χριστοῦ,
1516 2005 1611 2056 καὶ
1644 2003 1715 2058 δι’
1769 2003 1902 2057 Υίοῦ

317 2088 719 2158 διισχυρίζεται
768 2091 1091 2162 λαμϐάνειν.
1128 2093 1295 2147 Ἐνὸὲ
1347 2097 1469 2156 ταῖς
1525 2096 1763 2163 Πράξεσι
1794 2097 1903 2149 τῶν

314 2181 487 2247 ἁγίων
518 2181 839 2234 ἀποστόλων
866 2185 1181 2252 γέγραπταί
1216 2200 1269 2237 τι
1310 2186 1551 2240 τοιοῦτον
1571 2202 1587 2218 ·
1619 2193 1900 2257 Λειτουρ-

312 2270 585 2337 τούντων
612 2268 682 2323 δὲ
708 2270 909 2324 αὐτῶν
950 2273 1029 2337 τῷ
1056 2275 1271 2341 Κυρίῳ,
1308 2277 1406 2329 καί
1450 2282 1898 2345 νηστευόντων,

311 2359 442 2415 εἷπε
475 2361 543 2414 τὸ
573 2362 817 2430 Πνεῦμα
849 2363 914 2416 τὸ
946 2364 1141 2433 ἅγιον·
1187 2368 1532 2436 Ἀφορίσατε
1561 2371 1635 2439 δή
1662 2390 1765 2439 μοι
1791 2374 1902 2426 τὸν

311 2458 583 2519 Παῦλον,
609 2459 708 2511 καὶ
737 2459 844 2511 τὸν
872 2457 1194 2525 Βαρναῦαν
1221 2464 1307 2527 εἰς
1338 2463 1404 2515 τὸ
1426 2463 1627 2531 ἔργον,
1656 2466 1687 2518 ὃ
1715 2480 1898 2534 προσ-

309 2547 610 2615 κέκλημαι
643 2548 888 2611 αὑτούς.
927 2548 989 2600 El.
1022 2550 1207 2603 τοίνυν
1244 2552 1581 2622 κεκληκότος
1612 2555 1779 2607 αὑτὸν
1816 2559 1897 2620 είς

311 2639 625 2709 ἀποστολὴν
680 2639 775 2692 τοῦ
839 2640 1160 2712 Πνεύματος
1214 2647 1368 2715 παρὰ
1419 2645 1595 2715 Ἰησοῦ
1657 2648 1897 2717 Χριστοῦ

310 2732 618 2802 κεκλῆσθαί
646 2749 802 2801 φησι,
839 2734 1081 2787 δείκνυσι
1127 2735 1317 2803 σαφῶς
1348 2737 1451 2791 οὐκ
1490 2739 1775 2810 ἀλλότριον
1797 2742 1898 2811 τῆς

308 2825 499 2887 οὐσίας
527 2823 622 2877 τοῦ
654 2822 783 2877 Υίοῦ
815 2825 876 2878 τὸ
905 2827 1132 2896 Πνεῦμα
1166 2829 1228 2880 τὸ
1260 2828 1438 2896 ἅγιον.

876 2917 971 2970 Ἐκ
1005 2918 1113 2985 τῆς
1136 2918 1347 2987 αὐτῆς.

384 3009 488 3074 Τίς
512 3009 621 3080 γὰρ
665 3006 834 3064 οἶδεν
865 3012 1193 3078 ἀνθρώπων
1222 3016 1275 3067 εί
1296 3014 1384 3082 μὴ
1418 3015 1485 3067 τὸ
1516 3018 1753 3087 πνεῦμα
1791 3021 1897 3076 τοῦ

306 3104 625 3172 ἀνθρώπου
650 3104 716 3158 τὸ
756 3105 828 3158 ἐν
855 3102 1050 3170 αὑτῷ;
1070 3104 1233 3159 Οὕτω
1262 3107 1360 3160 καὶ
1388 3109 1460 3162 τὰ
1486 3110 1594 3163 τοῦ
1617 3110 1767 3165 Θεοῦ
1793 3115 1894 3167 οὐ-

2015 630 2344 690 Testamenti
2372 648 2568 699 manet,
2600 656 2703 692 non
2741 644 3049 705 revelatum,
3080 644 3328 709 quoniam
3355 646 3407 694 in
3442 644 3588 694 Chri—

2009 740 2088 779 sto
2111 729 2419 785 destruimr.
2446 728 2550 784 Sed
2571 732 2639 784 ad
2679 732 2815 786 hunc
2846 751 3008 803 usque
3044 737 3180 788 diem
3232 735 3444 802 quando
3471 736 3573 801 legi

2012 829 2098 870 tur
2116 818 2313 887 Moses,
2349 822 2583 875 velamen
2617 840 2772 890 super
2796 841 2886 877 cor
2939 827 3168 893 ipsorum
3204 829 3429 893 positum
3503 834 3604 878 est.

2012 906 2111 961 Ubi
2144 926 2263 962 vero
2300 928 2357 964 se
2395 916 2743 967 converterint
2774 918 2842 967 ad
2873 915 3179 979 Dominum,
3214 915 3447 967 velamen
3504 932 3603 965 an-

2010 1000 2225 1068 feretttr.
2268 1001 2525 1056 Dominus
2557 1018 2733 1059 autent
2765 1006 3003 1073 Spiritus
3032 1018 3125 1060 est.
3154 1005 3254 1059 Ubi
3280 1018 3453 1058 autem
3480 1005 3601 1073 Spi-

2009 1092 2146 1142 ritus
2172 1090 2408 1157 Domini,
2460 1094 2533 1146 ibi
2563 1095 2775 1149 libertas
2811 1096 2850 1148 ¹.
2902 1096 2967 1149 Et
3005 1113 3217 1148 rursum
3256 1111 3270 1147 :
3330 1094 3442 1148 Nos
3502 1114 3597 1147 nn-

2010 1189 2110 1233 lem
2142 1197 2318 1234 omnes
2343 1184 2567 1235 revelata
2610 1186 2745 1254 faeie
2806 1185 3030 1252 gloriam
3093 1185 3303 1237 Domini
3363 1192 3600 1237 contem-

2006 1272 2210 1338 plantes
2270 1277 2553 1328 secundum
2631 1279 2867 1331 eamdem
2905 1279 3189 1348 imaginem
3242 1278 3601 1345 transforma-

2008 1382 2129 1419 mur
2150 1369 2214 1419 de
2235 1367 2403 1435 gloria
2432 1370 2483 1421 in
2514 1369 2759 1438 gloriam,
2798 1380 3053 1439 lmtqnmlt
3088 1388 3120 1423 a
3188 1369 3400 1423 Domini
3472 1368 3595 1437 Spi-

2010 1457 2117 1509 ritu
2148 1458 2189 1511 ¹.

2653 1640 2736 1694 Ea?
2758 1646 2959 1697 eadem.

2082 1731 2283 1787 Paulus
2311 1732 2375 1787 dc
2409 1748 2467 1788 se
2498 1734 2614 1804 ipso
2651 1737 2897 1791 scribens
2922 1737 2970 1789 in
3002 1728 3266 1806 principio
3288 1739 3543 1807 Epistula:
3577 1757 3591 1793 :

2016 1818 2236 1886 Paulus,
2279 1822 2473 1891 inquit,
2505 1826 2777 1884 apostolus
2805 1825 2931 1878 Jesn
2966 1825 3166 1881 Christi
3198 1828 3238 1880 ³.
3273 1829 3477 1897 Aperte
3510 1831 3598 1880 vi-

2008 1914 2103 1967 des
2125 1915 2209 1969 hic
2236 1915 2476 1982 Apostoli
2504 1932 2699 1969 nomen
2753 1929 2805 1970 et
2843 1934 3036 1971 manus
3068 1935 3098 1974 a
3132 1920 3382 1982 Christo,
3409 1932 3461 1973 et
3502 1936 3599 1986 per

2008 2003 2203 2058 Filium
2229 2019 2288 2059 se
2326 2005 2453 2060 illud
2474 2007 2989 2077 aﬂirmataccipere.
3016 2011 3074 2063 ln
3128 2012 3352 2065 Actibus
3404 2022 3587 2064 autem

2005 2100 2317 2147 sanctorum
2348 2094 2713 2162 apostolorum
2746 2096 2817 2149 ita
2878 2096 3140 2166 scriptum
3160 2107 3244 2151 est
3278 2117 3291 2153 :
3356 2097 3596 2165 Sacriﬁ-

2004 2184 2247 2235 cantibns
2268 2183 2378 2235 illis
2420 2182 2642 2238 Domino
2672 2195 2719 2237 et
2773 2185 3143 2256 jejrtnantibus
3186 2189 3323 2241 dixit
3371 2187 3597 2253 Spiritus

2003 2282 2216 2327 sanctus
2249 2289 2267 2327 :
2302 2274 2591 2344 Segregate
2622 2276 2750 2329 mihi
2804 2277 3031 2330 Paulum
3088 2288 3137 2333 et
3184 2278 3489 2332 Barnabam
3540 2279 3594 2331 in

2003 2380 2153 2431 opus,
2199 2366 2271 2417 ad
2302 2367 2440 2435 quod
2466 2368 2712 2421 advocavi
2743 2385 2827 2423 eos
2854 2370 2896 2422 ⁸.
2931 2370 2986 2424 Si
3014 2371 3178 2438 igitur
3212 2386 3335 2425 cum
3390 2385 3419 2423 a
3469 2369 3595 2437 Spi-

2003 2457 2107 2508 l'itll
2141 2466 2366 2512 vocatus
2389 2459 2478 2520 sit,
2505 2473 2533 2511 a
2562 2459 2781 2515 Christo
2805 2476 2865 2514 se
2891 2472 3144 2516 vocatum
3186 2464 3336 2523 dicit,
3364 2463 3589 2531 perspi-

2001 2561 2099 2599 CIH‘.
2130 2549 2463 2601 demonstrat
2489 2565 2591 2605 non
2625 2551 2946 2606 alicnnmah
2972 2554 3211 2607 essentia
3259 2554 3375 2610 Filii
3419 2553 3595 2620 Spiri-

2004 2647 2115 2691 tum
2151 2650 2431 2692 Sanctum.

2633 2907 2716 2960 Ex
2740 2907 2944 2961 eadem.

2071 2994 2201 3059 Quis
2228 2995 2370 3049 enim
2401 2996 2673 3049 hominum
2705 3001 2846 3050 novit
2893 3014 2954 3049 ea
2974 3012 3090 3064 qua'
3146 3005 3268 3048 sunt
3342 2977 3591 3059 hominis,

1999 3088 2105 3141 nisi
2129 3089 2344 3157 spiritus
2364 3090 2615 3152 hominis,
2649 3089 2741 3159 qui
2780 3090 2837 3142 in
2871 3090 2986 3154 ipso
3042 3090 3162 3142 est?
3233 3087 3322 3141 Sic
3370 3098 3416 3141 et
3474 3102 3592 3154 qua:

305 3194 435 3260 delc
456 3194 727 3261 Errath
744 3197 795 3247 el
815 3194 901 3263 μὴ
926 3194 990 3246 τὸ
1011 3195 1257 3264 Πνεῦμα
1276 3197 1382 3251 τοῦ
1406 3200 1576 3253 Θεοῦ.
1594 3200 1767 3270 Ἡμῖν
1787 3204 1894 3272 γὰρ

2000 3193 2121 3235 sunt
2173 3180 2288 3244 Dei,
2338 3197 2488 3234 nemo
2532 3184 2692 3247 novit,
2743 3182 2846 3234 nisi
2898 3181 3128 3249 Spiritus
3191 3182 3285 3234 Dei
3327 3182 3369 3233 ⁵.
3423 3179 3590 3234 Nobis

305 3284 715 3353 ἀπεκάλυψεν
738 3288 771 3339 ό
796 3286 941 3351 Θεὸς
960 3285 1058 3339 διὰ
1086 3286 1194 3340 τοῦ
1218 3289 1571 3357 Πνεύματος
1592 3295 1801 3348 αὑτοῦ.
1826 3295 1899 3349 Τὸ

308 3378 416 3445 γὰρ
440 3377 685 3446 Πνεῦμα
708 3377 906 3431 πάντα
929 3377 1169 3448 ἐρευνᾷ,
1196 3381 1296 3434 καὶ
1318 3380 1391 3434 τὰ
1408 3382 1573 3451 βάθη
1596 3386 1702 3440 τοῦ
1726 3387 1897 3441 Θεοῦ.

306 3472 370 3522 Εἰ
416 3470 481 3522 τὸ
535 3469 755 3540 πνεῦμα
785 3470 882 3523 τοῦ
941 3470 1235 3540 ἀνθρώπου
1265 3473 1366 3526 οὐκ
1408 3472 1467 3538 ἐξ
1499 3474 1898 3546 ἀποκαλύψεὼς

304 3580 451 3625 τινος
482 3561 625 3616 οἶδεν
652 3564 844 3633 ἐτέρου
869 3564 938 3616 τὰ
966 3565 1026 3618 ἐν
1047 3564 1219 3635 αὐτῷ,
1250 3565 1364 3620 ἀλλ’
1390 3564 1467 3628 ὡς
1489 3568 1741 3635 φυσικῶς
1801 3572 1898 3626 καὶ

309 3656 515 3725 κυρίως
530 3656 781 3726 ὑπάρχον
803 3655 974 3726 αὐτῷ,
992 3656 1166 3709 καὶτὸ
1199 3657 1427 3726 Πνεῦμα
1452 3659 1549 3711 τοῦ
1582 3660 1719 3713 Θεοῦ
1753 3662 1897 3715 οὕτω

244 3758 247 3767 ‘
308 3745 493 3798 πάντα
548 3745 770 3817 ἐρευνᾷ,
828 3747 926 3799 καὶ
994 3747 1256 3814 γινώσκει
1305 3748 1402 3800 καὶ
1468 3749 1538 3802 τὰ
1595 3750 1735 3821 βάοη
1799 3752 1894 3806 τοῦ

301 3838 443 3894 Θεοῦ
470 3855 486 3871 ·
549 3840 657 3908 ἄρα
708 3840 768 3893 ἒν
798 3839 916 3910 Θεῷ
940 3840 1035 3894 καὶ
1065 3839 1243 3909 Harp).
1276 3838 1334 3892 τὸ
1365 3840 1589 3912 Πνεῦμα
1610 3843 1671 3895 τὸ
1714 3846 1892 3913 ἅγιον,

304 3936 402 3986 καὶ
429 3932 535 4002 τῆς
567 3932 785 4000 φύσεως
809 3931 912 4001 τῆς
951 3931 1105 3995 θείας
1158 3931 1339 3998 ἔσται,
1371 3931 1627 4005 καθάπερ
1661 3936 1755 3989 καὶ
1791 3937 1893 4006 τῆς

302 4026 399 4079 τοῦ
431 4025 726 4097 ἀνθρώπου
750 4024 811 4077 τὸ
837 4024 1207 4094 ἀνθρώπινον.

855 4119 957 4172 Ἐκ
999 4118 1107 4185 τῆς
1146 4119 1355 4187 αὐτῆς.

385 4212 484 4265 Ἐκ
518 4210 655 4264 Θεοῦ
682 4209 742 4263 τὸ
794 4210 1029 4279 Πνεῦμα
1073 4210 1134 4262 τὸ
1169 4211 1329 4277 ἅγιον
1357 4207 1500 4265 εἷναί
1554 4230 1761 4284 φαμεν,
1793 4217 1892 4269 καὶ

302 4306 450 4359 οὕτω
490 4301 963 4370 πεπιστεύκαμεν.
1008 4299 1153 4355 Ἀλλ’
1184 4303 1234 4354 oi
1293 4303 1429 4372 πρὸς
1466 4304 1629 4374 μόνον
1658 4305 1719 4358 τὸ
1761 4306 1889 4359 δύσ..

304 4415 491 4468 φημον
548 4393 891 4464 ἑτοιμότατοι
956 4392 1049 4444 καὶ
1104 4392 1175 4445 τὰ
1240 4392 1378 4446 ἄλλα
1431 4396 1613 4449 πάντα
1654 4396 1719 4448 ἐκ
1750 4397 1887 4450 Θεοῦ

302 4487 561 4555 γενέσθαι
602 4485 759 4553 φασὶ,
796 4482 895 4535 τοῦ
934 4480 1153 4533 Παύλου
1209 4482 1521 4550 γράφοντος
1551 4498 1567 4515 ο
1597 4479 1704 4547 Εἷς
1744 4486 1888 4551 Θεὸς

303 4544 337 4629 ῦ
371 4544 707 4646 Πατὴρίέξ
733 4544 805 4625 οὗ
843 4570 915 4623 τὰ
959 4568 1177 4624 πάντα.
1380 4544 1702 4641 νομίζουσιν
1750 4544 1885 4628 ἅναξ
1919 4544 1965 4605 D

303 4669 533 4739 τρέπειν
584 4666 644 4719 τὸ
685 4667 751 4718 ἑκ
814 4664 918 4734 τῆς
956 4663 1149 4726 οὐσίας
1197 4662 1290 4716 τοῦ
1359 4665 1577 4736 Πατρὸς
1639 4666 1779 4720 εἶναι
1829 4667 1891 4720 τὸ

305 4759 557 4830 Πνεῦμα,
582 4757 671 4810 διὰ
695 4758 757 4811 τὸ
785 4755 1056 4826 φέρεσθαι
1083 4757 1180 4809 καὶ
1230 4756 1371 4809 κατὰ
1420 4757 1531 4808 τῶν
1564 4758 1892 4827 ποιημάτων

302 4855 364 4906 τὸ
390 4853 460 4917 ἐξ
489 4846 585 4916 οὗ,
620 4851 761 4919 ὅπερ
793 4850 885 4903 ἐπὶ
937 4848 1016 4919 τῷ
1053 4849 1334 4917 Πνεύματι
1371 4850 1630 4918 κείμενον
1670 4853 1735 4905 ἐκ
1783 4853 1885 4921 τῆς

302 4946 495 5006 οὐσίας
529 4941 698 4994 αὐτοῦ
743 4940 990 5010 φυσικῶς
1025 4940 1273 5009 ὑπάρχον
1323 4940 1693 4997 ἀποδεικνύει.
1741 4943 1889 4996 Ἀλλ’

302 5037 423 5087 ἔστι
454 5034 596 5103 πρὸς
637 5032 797 5085 τοῦτο
857 5031 1065 5098 λέγειν,
1127 5032 1212 5083 ὅτι
1266 5035 1361 5083 καὶ
1395 5032 1481 5099 ἐφ’
1517 5031 1633 5102 Υἱῷ
1679 5035 1885 5103 κυρίως

305 5130 409 5196 μὲν
445 5129 625 5180 κεῖται
650 5125 714 5175 τὸ
748 5123 876 5184 Υἱὸς
894 5124 1085 5194 ὄνομα,
1135 5124 1312 5175 κεῖται
1341 5123 1398 5175 δὲ
1429 5124 1521 5175 καὶ
1553 5125 1641 5176 ἐπ’
1668 5124 1885 5197 ἀνθρώ-

304 5238 425 5272 πων
476 5215 964 5288 καταχρηστικῶς,
1012 5217 1109 5268 καὶ⁹
1154 5215 1216 5267 οὐ
1247 5214 1425 5284 δήπου
1468 5214 1530 5267 τὸ
1557 5213 1707 5268 θέσει
1743 5219 1881 5281 τισὶ,

302 5311 403 5362 καὶ
436 5308 582 5361 κατὰ
612 5309 777 5378 χάριν
800 5304 1203 5375 προσκείμενον
1234 5305 1535 5375 ἀνατρέψει
1565 5306 1657 5359 τὸν
1688 5307 1883 5378 ἔχοντα

300 5398 573 5463 φυσικῶς.
611 5399 768 5454 Οὕτω
798 5400 893 5452 καὶ
927 5398 988 5452 τὸ
1016 5399 1085 5463 ἐξ
1120 5393 1194 5453 οὗ
1226 5398 1337 5451 τῶν
1376 5400 1701 5468 ποιημάτων
1753 5416 1888 5453 κατ-

297 5514 332 5565 η
377 5495 683 5565 ορούμενον
708 5493 807 5544 οὐκ
835 5491 1050 5545 ἐποίσει
1084 5492 1220 5561 πρὸς
1253 5490 1350 5560 τὴν
1380 5492 1588 5544 οἰκείαν
1614 5492 1887 5545 ταπείνω-

300 5588 385 5639 σίν
429 5602 490 5637 τε
523 5586 620 5637 καὶ
645 5584 1044 5654 ὀμοουσιότητα
1076 5583 1171 5636 τοῦ
1207 5583 1527 5652 Πνεῦματος
1558 5582 1619 5637 τὸ
1673 5582 1883 5654 ὑψηλόν

295 5700 355 5734 τε
392 5681 486 5732 καὶ
526 5678 727 5744 θεῖκδν,
776 5676 913 5730 ἀλλὰ
963 5677 1124 5746 μενεῖ
1180 5676 1281 5743 μὲν
1312 5674 1462 5745 αὐτῷ
1498 5674 1706 5744 κυρίως
1727 5673 1789 5727 τὸ
1806 5674 1877 5739 ἐξ

369 5819 385 5848 ¹
426 5814 471 5870 ll
508 5814 640 5870 Cor.
699 5831 782 5877 tn,
817 5815 1002 5874 ιι-ιτ.
1081 5818 1101 5848 ²
1130 5814 1265 5870 Ibid.
1330 5815 1415 5870 t5.

303 5889 324 5906 '
353 5889 369 5941 ι
420 5886 549 5943 Cor.
572 5901 690 5953 vut,
730 5886 785 5940 6.

1528 5815 1602 5869 ⁸1
1647 5814 1772 5871 Cor.
1818 5832 1854 5881 ι,
1900 5817 1953 5872 1.

2002 3275 2138 3327 enim
2196 3275 2439 3328 reuelauit
2501 3274 2637 3327 Dens
2690 3291 2783 3343 per
2831 3274 3091 3343 Spiritum
3136 3290 3311 3336 suum,
3356 3271 3590 3340 Spiritus

2003 3366 2138 3418 enim
2198 3368 2376 3418 omnia
2426 3376 2721 3428 scrutatur,
2774 3368 2933 3419 etiam
2981 3365 3246 3433 profunda
3299 3363 3391 3416 Dei
3430 3364 3473 3417 ⁸.
3535 3363 3591 3417 Si

2002 3456 2227 3524 spiritus
2282 3457 2517 3511 hominis
2577 3458 2794 3512 nomine
2839 3458 3199 3526 patefaciente
3261 3458 3432 3519 novit,
3469 3470 3591 3524 quae

2000 3557 2128 3601 sunt
2187 3550 2238 3600 in
2298 3549 2537 3611 homine,
2575 3564 2698 3602 cum
2739 3550 3009 3603 naturalis
3051 3550 3146 3611 sit,
3218 3557 3273 3603 et
3334 3548 3591 3617 proprius

2000 3638 2168 3703 ipsius
2192 3678 2209 3703 ,
2246 3649 2301 3693 et
2336 3639 2572 3707 Spiritus
2603 3640 2695 3694 Dei
2730 3641 2809 3695 sic
2833 3641 3015 3693 onmia
3045 3649 3347 3701 scrutatur,
3409 3649 3464 3691 et
3493 3655 3589 3690 ιη»-

2000 3730 2077 3784 vit
2104 3730 2267 3785 etiam
2301 3729 2569 3799 profunda
2596 3730 2711 3796 Dei,
2746 3731 2797 3785 iu
2852 3730 2963 3786 Deo
3015 3731 3268 3784 nimirum
3318 3741 3372 3783 et
3426 3728 3587 3783 Patre

1997 3830 2083 3877 est
2116 3821 2350 3891 Spiritus
2388 3832 2633 3889 sanctus;
2682 3832 2735 3877 et
2791 3832 3000 3877 natura:
3027 3823 3223 3877 divinae
3256 3830 3360 3883 est.
3395 3836 3583 3890 quem-

1996 3913 2292 3968 admodum
2325 3914 2566 3969 hominis
2605 3914 2832 3984 spiritus
2890 3925 2977 3970 est
3034 3920 3246 3968 natm-te
3311 3913 3582 3967 humanae.

2633 4114 2717 4167 Ea:
2754 4113 2962 4170 eadem.

2068 4209 2144 4263 Ex
2170 4209 2279 4264 Deo
2308 4207 2566 4278 Spiritum
2595 4217 2843 4261 sanctum
2879 4219 2998 4260 esse
3030 4205 3283 4266 dicimus,
3306 4213 3468 4271 atque
3513 4205 3583 4256 ita

1993 4300 2292 4358 credimus.
2325 4301 2396 4353 At
2421 4299 2508 4352 isti
2541 4298 2633 4367 qui
2667 4298 2733 4351 ad
2762 4297 3206 4351 calumniantium
3242 4306 3576 4350 tantorum»-

1993 4394 2060 4448 do
2084 4402 2209 4449 sunt
2244 4390 2599 4460 paratissimi,
2634 4390 2795 4445 etiam
2836 4390 2939 4442 alia
2957 4389 3136 4443 omnia
3168 4404 3235 4442 ex
3303 4390 3409 4441 Deo
3461 4402 3583 4442 esse

1992 4486 2196 4549 dicunt,
2227 4499 2351 4538 cum
2385 4483 2582 4537 Paulus
2608 4483 2817 4537 scribat
2856 4498 2870 4535 :
2912 4480 3057 4535 Unus
3089 4481 3226 4533 Deus
3283 4479 3471 4545 Pater,
3519 4498 3578 4531 ea

1991 4590 2094 4643 quo
2118 4572 2293 4625 omnia
2323 4572 2364 4626 ⁷.
2401 4571 2579 4639 Atque
2607 4570 2682 4623 ita
2714 4569 2946 4637 probare
2967 4584 3026 4623 se
3084 4578 3297 4637 putant,
3349 4585 3413 4623 ex
3477 4570 3581 4622 Pa-

1991 4666 2092 4719 tris
2124 4665 2361 4719 cssentia
2399 4678 2507 4716 non
2538 4677 2660 4717 esse
2694 4660 2957 4729 Spiritum
2974 4670 3242 4723 sanctum,
3300 4660 3441 4728 quod
3486 4662 3575 4713 illa

1990 4772 2092 4811 vox
2128 4771 2237 4810 :ea:
2290 4772 2416 4824 quo,
2475 4755 2541 4807 ad
2601 4767 2688 4807 res
2717 4753 2883 4806 etiam
2929 4758 3238 4820 procreatas
3289 4750 3577 4804 referatur.

1990 4850 2119 4915 Qua:
2150 4848 2365 4916 quidem
2396 4861 2495 4899 vox
2520 4861 2640 4900 cum
2662 4845 2729 4898 de
2753 4842 2959 4913 Spiritu
2991 4852 3182 4896 sancto
3207 4842 3429 4904 dicitur,
3452 4858 3576 4897 eum

1989 4958 2055 4997 ex
2080 4941 2249 5011 ipsius
2278 4940 2512 4994 essentia
2568 4952 2689 4992 esse
2746 4935 3009 4991 declarat.
3079 4933 3276 4989 Verum
3330 4935 3414 4989 sic
3458 4936 3575 4990 isti:

1994 5047 2279 5103 possumus
2305 5027 2650 5098 respondere,
2677 5027 2744 5081 de
2775 5025 2911 5081 Filio
2944 5026 3072 5079 item
3112 5027 3328 5094 proprie
3377 5041 3568 5079 nomen

1996 5126 2098 5179 hoc
2123 5122 2296 5178 Filius
2323 5121 2451 5184 dici,
2485 5120 2631 5190 quod
2668 5131 2848 5175 tamen
2885 5120 3179 5189 improprie
3219 5125 3287 5172 tle
3348 5121 3550 5174 homini

1993 5216 2268 5272 husetiam
2290 5214 2521 5269 dicatur.
2550 5211 2662 5268 Nec
2697 5213 2740 5266 si
2778 5226 3047 5267 concessu
3084 5221 3139 5266 et
3171 5214 3345 5283 gratia
3380 5214 3539 5280 aliqu.

1992 5311 2095 5364 bus
2149 5309 2444 5369 tribuatur,
2514 5317 2799 5374 propterea
2860 5306 3087 5371 tollitur,
3139 5307 3427 5375 quominus
3505 5305 3553 5358 si

1994 5401 2163 5468 ipsius
2186 5398 2448 5453 naturale.
2477 5396 2569 5452 Sic
2598 5399 2763 5452 etiam
2788 5398 2940 5465 illud,
2977 5413 3041 5451 ex
3065 5412 3193 5466 quo,
3232 5397 3359 5449 licet
3414 5395 3569 5447 rebus

1994 5507 2207 5562 quoque
2247 5491 2545 5561 procreatis
2577 5491 2905 5555 ascribatur,
2948 5490 3156 5545 idcirco
3193 5496 3369 5541 tamen
3400 5486 3524 5539 subl

1991 5585 2096 5639 mis
2123 5592 2177 5637 et
2208 5583 2388 5638 divina
2419 5580 2653 5647 Spiritus
2676 5581 2907 5649 dignitas
2932 5595 3037 5634 non
3069 5578 3335 5640 aufertur,
3371 5591 3469 5630 nec
3504 5591 3567 5629 ea

1995 5691 2054 5732 re
2084 5676 2166 5741 lit,
2195 5673 2490 5744 quominus
2549 5674 2623 5730 sit
2665 5671 2909 5743 ejusdem
2964 5670 3235 5727 essentia.
3287 5668 3392 5722 Sed
3442 5683 3564 5721 Cllln

2063 5816 2085 5847 ⁸
2115 5816 2237 5871 Act.
2276 5830 2398 5881 sui,
2439 5814 2475 5867 εὶ
2608 5814 2629 5845 ⁵
2664 5811 2679 5865 l
2717 5810 2844 5865 Cor.
2901 5824 2960 5878 tt,
3020 5810 3105 5863 11.
3217 5808 3240 5842 ⁸
3298 5807 3435 5862 Ibid.
3471 5805 3539 5862 10
