4082 6382
451 353 560 415 859

1695 344 2080 409 EUTIIYMII
2125 343 2484 404 thiABENl
2546 387 2550 390 .

3619 337 3722 399 860

451 466 553 535 ipsi
580 464 800 535 Spiritui
835 465 1046 533 proprie
1072 471 1333 532 congruat
1363 461 1500 516 illud
1530 475 1594 516 ex
1626 478 1751 530 quo,
1781 457 2037 527 quoniam

2172 475 2234 520 νυ,
2276 457 2366 508 διὰ
2401 456 2462 506 τὸ
2495 456 2557 506 ἐκ
2581 456 2680 523 τῆς
2715 452 2905 516 οὐσίας
2935 447 3078 506 εἶναι
3111 449 3208 505 τοῦ
3241 445 3478 519 Πατρός·
3527 447 3728 535 Χῳρή-

450 565 538 611 est
565 571 628 610 ex
658 555 830 608 Patris
849 554 1104 618 essentia,
1138 553 1368 608 refertur
1394 564 1569 607 tamen
1598 554 1760 606 etiam
1823 553 1888 602 ad
1949 563 2038 602 res

451 656 785 717 procreatas,
818 647 1072 713 quoniam
1103 661 1225 700 cum
1258 661 1366 698 non
1403 653 1606 710 essent,
1670 659 1737 698 ex
1791 642 1898 697 Deo
1944 643 2040 696 ba-

453 739 672 794 huerint
699 749 755 793 ut
782 739 910 805 sint,
955 753 1049 807 per
1088 737 1285 792 Filium
1322 738 1532 807 utique.

1077 829 1120 884 Ε
1125 847 1160 884 :t:
1197 829 1401 886 eadem.

519 921 746 976 Rursum
763 921 952 976 scribit
965 924 1030 976 ad
1045 921 1354 981 Corinthios
1371 923 1598 981 Paulus:
1627 919 2037 992 Nos,inquiens,

457 1030 638 1066 sumus
669 1015 920 1081 templum
970 1013 1067 1067 Dei
1103 1016 1344 1077 viventis,
1405 1003 1847 1085 qitentadntodum
1897 1014 2040 1066 dixit

456 1105 596 1158 Deus
636 1122 654 1158 :
690 1106 956 1171 Quoniam
975 1107 1278 1162 inltabitabo
1301 1109 1353 1161 in
1379 1108 1526 1175 ipsis,
1576 1118 1625 1161 et
1675 1107 2039 1171 inambulabo,

456 1207 504 1248 ιτ
533 1209 681 1251 erunt
715 1199 912 1252 mibiin
936 1199 1210 1269 populum,
1236 1210 1286 1253 et
1311 1218 1402 1269 ego
1430 1216 1519 1254 ero
1563 1201 1691 1266 ipsis
1718 1202 1772 1254 in
1798 1202 1963 1252 Deum
2001 1199 2042 1254 '.

458 1291 761 1345 l'tt'ursttm
815 1303 934 1360 post
980 1294 1091 1347 Ita-c
1133 1310 1146 1346 :
1199 1293 1376 1347 Nolite
1420 1295 1734 1346 contristare
1783 1292 2043 1360 Spiritum

457 1395 698 1435 sanctum
726 1383 817 1436 Dei
847 1370 1226 1438 inhabitantem
1272 1388 1325 1439 in
1363 1386 1505 1439 vobis
1535 1388 1576 1438 ί.
1639 1385 1705 1438 Ει
1772 1399 1988 1436 rursum
2027 1397 2043 1434 :

2150 563 2235 600 σει
2261 547 2316 599 δὲ
2350 547 2444 600 καὶ
2467 545 2554 598 ἐπ’
2581 547 2784 609 ἐκεῖνα,
2815 545 2904 600 διὰ
2939 545 3001 598 τὸ
3051 547 3118 599 ἐκ
3150 541 3286 598 Θεοῦ
3326 540 3464 611 πρὸς
3495 539 3559 592 τὸ
3585 533 3738 593 εἶναι

2149 639 2219 693 τὰ
2243 641 2344 692 οὐκ
2370 639 2500 692 ὄντα
2527 638 2754 709 δραμεῖν
2782 641 2850 691 δι’
2866 639 2997 693 Υίοῦ
3023 637 3294 708 δηλονότι.

2695 820 2790 872 Ἐκ
2831 818 2942 886 τῆς
2987 815 3197 886 αὐτῆς.

2231 911 2569 966 Ἐπιστέλλει
2617 915 2778 966 πάλιν
2820 911 3130 982 Κορινθίοις
3175 914 3201 964 ὁ
3241 907 3452 970 Παῦλος
3481 923 3496 940 ο
3530 907 3732 976 Ἡμεῖς

2150 1002 2260 1070 γὰρ
2289 1003 2435 1068 ναὸς
2459 1004 2607 1058 Θεοῦ
2633 1004 2822 1073 ἐσμεν
2843 1001 3083 1068 ζῶντος,
3112 1000 3307 1067 καθὼς
3329 997 3501 1054 εἶπεν
3527 1004 3558 1054 ὀ
3588 1001 3734 1064 Θεὸς

2151 1095 2241 1146 ὄτι
2280 1096 2608 1161 Ἐνοικήσω
2634 1097 2702 1149 ἐν
2729 1094 2955 1162 αὐτοῖς,
2986 1096 3086 1150 καὶ
3113 1092 3608 1164 ἐμπεριπατήσω,
3629 1093 3731 1146 καί

2150 1187 2398 1241 ἔσονταί
2455 1206 2559 1256 μοι
2619 1191 2706 1254 είς
2737 1190 2909 1250 ναὸν,
2940 1187 3104 1257 κάγὼ
3165 1187 3373 1253 αὐτοῖς
3397 1189 3614 1255 ἔσομαι
3647 1189 3737 1254 εις

2155 1280 2324 1333 Θεόν.
2345 1281 2454 1332 Καὶ
2473 1280 2656 1334 πάλιν·
2676 1279 2810 1334 Ἐπί
2838 1281 3074 1346 τούτοις
3085 1278 3172 1348 μὴ
3190 1279 3442 1346 λυπεῖτε
3457 1279 3523 1333 τὸ
3550 1279 3740 1332 Πνεῦν

2149 1389 2234 1442 μα
2255 1371 2319 1425 τὸ
2341 1372 2510 1442 ἅγιον
2526 1373 2629 1426 τοῦ
2657 1371 2807 1428 Θεοῦ
2829 1371 2896 1425 τὸ
2915 1372 3196 1425 ἐνοικοῦν
3218 1371 3383 1441 ὑμῖν.
3415 1372 3523 1426 Καὶ
3545 1371 3732 1426 πάλινο

460 1473 519 1527 Si
547 1477 665 1540 quis
696 1477 940 1540 teinplum
972 1477 1060 1531 Dei
1079 1480 1701 1546 corrumpit,corrumpet
1726 1477 1863 1528 [tunc
1887 1475 2044 1529 Dens.

2172 1466 2228 1518 El
2255 1483 2344 1530 τις
2374 1465 2482 1518 τὸν
2517 1465 2670 1519 ναὸν
2700 1465 2808 1518 τοῦ
2821 1464 2970 1519 Θεοῦ
3000 1463 3248 1533 φθείρει,
3283 1463 3495 1532 φθερεῖ
3520 1463 3740 1518 τοῦτον

462 1561 731 1629 Templum
757 1565 894 1617 enim
925 1564 1019 1617 Dei
1043 1577 1286 1618 sanctum
1325 1575 1421 1629 est,
1451 1564 1590 1634 quod
1614 1565 1740 1618 estis
1789 1579 1877 1618 vos
1908 1563 1950 1617 ⁸.
1988 1563 2046 1617 Si

2172 1559 2189 1610 5
2217 1557 2385 1623 Θεός.
2420 1557 2488 1610 '0
2515 1557 2625 1627 γὰρ
2653 1558 2802 1624 ναὸς
2827 1557 2936 1612 τοῦ
2964 1557 3115 1612 Θεοῦ
3163 1559 3333 1627 ἅγιός
3360 1560 3554 1624 ἐστιν,
3601 1559 3743 1611 οἵτι-

461 1653 627 1721 igitur
650 1654 1358 1724 Spiritumaccipientes,et
1409 1657 1666 1724 templum
1707 1663 1760 1710 et
1811 1655 2050 1710 domici-

2172 1641 2261 1714 νές
2294 1648 2437 1702 ἐστε
2462 1649 2656 1717 ὑμεῖς.
2696 1650 2913 1704 Οὐκοῦν
2983 1653 3033 1705 τί
3071 1651 3133 1705 τὸ
3197 1651 3424 1721 Πνεῦμα
3457 1649 3740 1713 λαὸόντες,

463 1745 476 1798 I
508 1763 597 1798 um
629 1745 720 1802 Dei
757 1747 1118 1811 declarantur,
1143 1749 1340 1818 quippe
1365 1750 1459 1818 qui
1489 1748 1658 1802 Deum
1689 1749 1953 1803 habemus
1993 1750 2046 1803 itt

2172 1744 2254 1798 ιαὶ
2283 1745 2411 1808 ναὸς
2443 1747 2541 1798 καὶ
2598 1744 2751 1811 οἶκος
2809 1745 2906 1799 τοῦ
2970 1746 3110 1800 Θεοῦ
3171 1745 3614 1818 χρηματίζομεν.
3665 1745 3743 1808 ὡς

471 1836 628 1890 nobis
659 1837 788 1904 ipsis
827 1840 1217 1893 inhabitantem
1255 1851 1308 1894 et
1333 1840 1780 1907 inambulantem,
1810 1851 1867 1892 ut
1915 1841 2050 1897 scri-

2172 1836 2286 1889 θεὸν
2319 1837 2536 1908 ἔχοντες
2598 1841 2657 1891 ὲν
2710 1840 2899 1903 αὐτοῖς
2959 1837 3220 1893 οἰκοῦντα
3273 1839 3372 1892 καὶ
3424 1840 3746 1908 ἐμπεριπα-

463 1940 611 1993 ptum
637 1939 739 1994 est,
776 1931 1049 1999 quomodo
1085 1947 1190 1984 non
1224 1941 1307 1984 est
1338 1931 1479 1986 Deus
1525 1932 1761 2000 Spiritus
1793 1945 2044 2000 sanctus,

2172 1928 2368 1990 τοῦντκ,
2403 1932 2590 1993 καθὼς
2619 1932 2962 2000 γέγραπται,
2994 1932 3113 1994 πῶς
3134 1933 3195 1984 οὐ
3251 1932 3386 1993 Θεὸς
3414 1931 3474 1984 τὸ
3510 1929 3745 2000 Πνεῦμα

461 2021 622 2073 «tiam
654 2020 698 2075 si
721 2021 911 2085 nolint,
933 2021 1022 2089 qui
1052 2032 1239 2074 contra
1271 2021 1562 2074 sentiunt?

2172 2020 2216 2074 :b
2243 2020 2421 2090 ᾶγιον,
2455 2021 2558 2076 κᾶν
2587 2023 2662 2094 μὴ
2684 2023 2945 2092 βούληται
2975 2027 3002 2076 ὁ
3032 2024 3100 2076 δι’
3128 2024 3417 2090 ὲναντίαςς

854 2113 939 2166 Ea.
968 2111 1212 2178 Epistola
1262 2114 1331 2165 ad
1368 2113 1656 2167 Romanos.

2347 2114 2442 2165 Ἐκ
2466 2111 2573 2180 τῆς
2601 2113 2754 2182 πρὸς
2794 2114 3126 2183 Ῥωμαίους
3169 2113 3563 2183 Ἐπιστολῆς.

539 2201 742 2258 Scribit
775 2204 1094 2272 quihusdam
1117 2202 1319 2259 Paulus
1364 2215 1512 2258 recte
1576 2205 1867 2259 admodum
1917 2217 2049 2258 sen-

2241 2203 2585 2258 Ἐπιστέλλει
2610 2203 2756 2256 τισὶν
2791 2205 2818 2256 ὁ
2850 2203 3085 2267 Παῦλος,
3117 2204 3214 2258 καὶ
3249 2205 3398 2273 μάλα
3427 2205 3493 2274 δὴ
3529 2202 3752 2274 φρονῶν

465 2294 604 2348 tiens
629 2303 683 2348 et
712 2294 937 2362 loquens
969 2311 984 2349 :
1023 2295 1329 2364 Quicunque
1358 2293 1563 2361 Spiritu
1596 2295 1687 2349 Dei
1719 2304 1971 2366 aguntur,
2003 2291 2057 2346 lti

2172 2312 2218 2349 ta
2247 2297 2343 2350 καὶ
2369 2296 2545 2363 λέγων
2571 2294 2746 2367 ὀρθῶς
2781 2310 2794 2325 ⁸
2822 2296 2993 2350 Ὅσοι
3024 2297 3133 2366 γὰρ
3163 2295 3234 2350 ἐν
3262 2297 3563 2366 Πνεύματι
3599 2294 3750 2349 Θεοῦ

464 2397 585 2439 sunt
616 2387 718 2455 ﬁlii
736 2387 854 2440 Dei.
895 2385 1018 2440 Non
1059 2389 1196 2441 enim
1229 2391 1504 2457 accepistis
1548 2391 1792 2456 spiritum
1833 2392 2060 2446 seri-itu-

2172 2389 2433 2460 ἄγονται,
2464 2384 2636 2443 οὗτοί
2665 2390 2827 2441 εἰσιν
2871 2389 2992 2442 υίοί
3023 2390 3196 2443 Θεοῦ.
3250 2390 3332 2442 Οὐ
3362 2390 3470 2458 γὰρ
3509 2387 3753 2442 ἐλάϐετε

466 2483 531 2533 iis
565 2483 755 2533 iterum
784 2483 837 2534 in
865 2482 1126 2546 timorem,
1163 2483 1253 2535 sed
1289 2482 1563 2548 accepistis
1587 2482 1848 2547 Spiritum
1893 2486 2060 2552 adop-

2172 2481 2402 2550 πνεῦμα
2425 2479 2709 2545 δουλείας
2731 2483 2819 2544 εἰς
2839 2481 3049 2548 φόϐον,
3074 2480 3210 2534 ἀλλ’
3235 2479 3480 2534 ἐλάϐετε
3510 2480 3756 2547 Πνεῦμα

466 2573 645 2632 tionis,
683 2574 737 2625 in
761 2589 864 2641 quo
895 2574 1192 2626 clamamus
1223 2589 1242 2626 :
1301 2573 1448 2626 Abba
1483 2574 1648 2627 Pater
1675 2574 1720 2628 ⁸.
1779 2577 1838 2630 Si
1894 2577 2061 2643 igitur

2172 2577 2498 2642 υἱοθεσίας,
2527 2575 2596 2628 ἐν
2617 2569 2665 2643 ᾧ
2690 2573 3002 2643 κράζομεν,
3017 2573 3196 2628 Ἀϐὄᾶ.
3223 2577 3254 2627 ό
3286 2571 3507 2640 Πατήρ.
3541 2572 3756 2626 Οὐκοῦν

469 2664 706 2733 Spiritus
741 2678 963 2720 sanctus
980 2681 1074 2720 eos
1109 2667 1198 2719 Dei
1237 2668 1376 2721 ﬁlios
1415 2682 1536 2720 esse
1586 2669 1947 2732 demonstrat,
2009 2671 2060 2722 in

2172 2671 2215 2723 εί
2242 2669 2302 2721 τὸ
2333 2668 2563 2737 Πνεῦμα
2597 2667 2658 2720 τὸ
2690 2667 2850 2733 ἅγιον
2896 2666 3049 2728 υἱοὺς
3078 2665 3429 2720 ἀποδεικνύει
3460 2664 3598 2719 Θεοῦ
3629 2665 3757 2728 τοὺς

476 2754 676 2823 quibus
713 2757 1006 2818 inhabitat,
1042 2766 1095 2810 et
1127 2757 1324 2811 lelﬂiB
1349 2767 1552 2810 natur-:2
1581 2759 1875 2826 participes
1908 2758 2060 2824 facit,

2172 2763 2226 2812 ἐν
2255 2753 2334 2821 οἷς
2362 2758 2635 2821 κατοικεῖ,
2676 2757 2769 2809 καὶ
2820 2755 2970 2819 Θείας
3036 2755 3334 2825 ἐργάζεται
3370 2755 3587 2824 φύσεως
3643 2775 3761 2810 κοι-

469 2849 626 2912 :uleo,
660 2848 836 2916 utqui
884 2858 1170 2916 pr0pterea
1215 2849 1490 2918 conjuncti
1552 2856 1677 2901 sunt
1733 2849 1843 2902 Deo
1899 2865 2065 2919 super

2172 2852 2394 2915 νωνοῦς,
2439 2850 2516 2911 ὡς
2566 2848 2827 2902 ἐντεῦθεν
2869 2847 3181 2918 ἡνωμένους
3231 2850 3309 2914 si)
3385 2847 3526 2916 ὑπὲρ
3574 2848 3757 2901 πάντα

470 2955 664 2993 omnes
696 2940 1000 3005 exsistenti,
1027 2956 1149 2994 cum
1177 2940 1369 2994 ﬁducia
1393 2941 1630 2995 clament
1656 2957 1671 2993 :
1709 2940 1859 2994 Abba
1884 2941 2065 3008 Pater,

472 3049 577 3088 non
609 3034 751 3086 inter
771 3048 984 3098 servos,
1018 3049 1193 3103 neque
1221 3035 1360 3087 inter
1390 3051 1478 3090 res
1523 3045 1837 3103 procreatas
1887 3037 2062 3090 collo-

471 3124 678 3177 candus
706 3133 824 3189 est,
847 3126 942 3180 sed
970 3125 1044 3180 illi
1079 3125 1259 3194 potius
1292 3125 1488 3180 divinae
1517 3127 1782 3180 essentia:
1833 3128 2069 3197 dignitas

475 3215 783 3278 trzburutla,
815 3230 940 3269 cum
969 3226 1024 3272 et
1053 3232 1122 3270 ex
1159 3216 1276 3284 ipsa
1315 3217 1410 3280 sit,
1463 3228 1517 3270 et
1564 3217 1634 3269 ab
1681 3217 1797 3286 ipsa
1857 3219 2066 3275 sanctis

473 3321 570 3373 per
597 3305 791 3360 Filium
821 3307 1148 3377 praebeatur,
1184 3316 1346 3377 atque
1378 3310 1449 3362 ita
1487 3309 1622 3364 deos
1676 3309 1841 3364 faciat
1893 3319 1948 3366 et
1999 3310 2065 3364 ti-

475 3401 578 3455 !ios
611 3400 702 3454 Dei
738 3401 854 3456 illos
876 3402 930 3456 in
973 3402 1170 3470 quibus
1195 3411 1301 3458 est.

901 3491 987 3546 Ea:
1012 3495 1226 3548 Actibus
1263 3496 1646 3564 apostolorum.

552 3583 804 3654 Princeps
833 3587 1237 3655 apostolorum,
1286 3588 1371 3641 cui
1424 3589 1664 3640 divinum
1726 3589 2067 3660 mysterium,

478 3691 534 3732 ut
565 3681 825 3734 Servatur
852 3681 948 3743 ait,
984 3696 1086 3733 non
1103 3696 1248 3742 caro,
1286 3689 1334 3734 et
1357 3683 1577 3750 sanguis
1629 3682 1899 3746 reuelauit,
1977 3683 2068 3735 sed

481 3774 665 3838 Pater,
693 3774 855 3842 quiin
895 3773 1038 3826 cretis
1059 3784 1134 3826 est
1162 3773 1209 3837 ⁵,
1262 3774 1527 3827 Ananiam
1595 3774 1910 3830 all'ereutetn
1952 3775 2065 3844 agri

478 3867 734 3932 pretium,
765 3881 830 3920 ex
857 3882 966 3936 quo
989 3875 1197 3934 partem
1228 3866 1331 3920 sibi
1388 3876 1719 3932 reservarat,
1785 3868 1870 3922 sic
1937 3867 2073 3920 allo.

477 3959 661 4025 quitur
690 3975 703 4012 :
731 3957 964 4024 Auania,
994 3975 1090 4012 cur
1120 3958 1347 4027 implevit
1381 3956 1614 4012 Satanas
1667 3975 1758 4013 cor
1790 3968 1959 4025 tuum,
2014 3967 2072 4011 ut

479 4053 776 4105 tuentireris
795 4051 1022 4120 Spiritui
1039 4061 1246 4114 sancto.
1267 4061 1316 4105 et
1335 4053 1574 4120 auferres
1597 4069 1661 4106 ex
1673 4054 1840 4122 pretio
1864 4053 1978 4121 agri
2011 4054 2073 4106 ’ἲ

485 4146 560 4195 Ac
595 4141 795 4197 deinde
812 4143 1036 4212 subjicit
1069 4159 1083 4195 :
1129 4141 1254 4197 Non
1278 4161 1331 4198 es
1361 4146 1610 4198 mentitus
1662 4145 1963 4200 hominibus
1981 4147 2072 4200 sed

485 4234 594 4288 Deo
625 4235 667 4289 ⁷.
703 4234 888 4304 Itaque
919 4236 966 4289 si
989 4235 1216 4306 Spiritui
1247 4248 1439 4292 sancto
1475 4239 1759 4305 mentiens,
1790 4238 1900 4293 Deo
1923 4254 2075 4293 uten-

487 4326 641 4390 titur,
664 4327 805 4380 Deus
841 4328 1097 4383 nimirum
1124 4338 1210 4383 est
1237 4328 1474 4399 Spiritus
1496 4341 1740 4396 sanctus,
1771 4339 1824 4384 et
1861 4331 1914 4385 in
1957 4327 2070 4384 Deo

485 4420 839 4475 naturaliter.

1019 4627 1104 4678 Ex
1147 4625 1330 4678 eodem
1377 4624 1537 4678 libro.

554 4719 684 4785 Qum
717 4733 781 4772 ex
817 4717 1126 4772 Scrvatoris
1198 4717 1372 4770 nostri
1430 4717 1670 4771 adventu
1740 4717 2080 4786 promulgata

2170 2946 2284 2998 ὖντι
2307 2943 2428 3013 Θεῷ
2445 2943 2582 3014 μετὰ
2600 2941 2914 3014 παρρησίας
2931 2940 3190 3011 ἁναόοᾷν,
3219 2959 3237 2993 ι
3261 2941 3437 2994 Ἀὁὸᾶ
3457 2943 3484 2993 ὁ
3509 2941 3716 3011 Πατὴρ,
3732 2959 3753 2992 s

2174 3040 2275 3091 οὐκ
2311 3039 2366 3090 ὲν
2393 3037 2628 3100 δούλοις,
2684 3036 2807 3088 οὐδὲ
2854 3036 2912 3088 ὲν
2963 3035 3078 3096 τοῖς
3117 3035 3390 3102 ποιήμασι
3446 3033 3758 3099 τετάξεται,

2175 3130 2398 3198 φορέσει
2449 3126 2506 3179 δὲ
2549 3126 2751 3195 μᾶλλον
2814 3125 3063 3195 φυσικῶς
3093 3125 3156 3178 τὸ
3201 3125 3305 3194 τῆς
3358 3125 3513 3187 θείας
3568 3127 3760 3190 οὐσίας

2174 3221 2397 3289 ἀξίωμα
2433 3217 2494 3285 ἐξ
2525 3218 2698 3284 αὐτῆς
2730 3234 2787 3270 τε
2823 3217 3098 3288 ὑπάρχον,
3151 3217 3246 3270 καὶ
3276 3216 3410 3286 παρ’
3436 3217 3609 3287 αὐτῆς
3641 3217 3757 3279 τοῖς

2171 3314 2348 3383 ἁγίοις
2376 3313 2444 3366 δι’
2480 3312 2612 3366 Υἱοῦ
2635 3310 3071 3383 χορηγούμενον,
3117 3311 3206 3364 διά
3239 3327 3301 3364 τε
3353 3309 3517 3364 τοῦτο
3545 3309 3764 3364 θεοποιο

2169 3408 2284 3475 οῦν,
2319 3407 2415 3461 καὶ
2445 3406 2524 3468 είς
2556 3407 2782 3477 υίότητα
2811 3405 3012 3459 καλοῦν
3041 3406 3100 3458 ἑν
3138 3399 3220 3467 οἷς
3248 3404 3318 3458 ἂν
3348 3403 3583 3472 γένοιτο.

2393 3502 2496 3556 Ἐκ
2526 3499 2644 3553 τῶν
2686 3498 2973 3567 Πράξεων
3001 3497 3122 3553 τῶν
3149 3497 3540 3553 ἀποστόλων.

2241 3592 2300 3646 '0
2320 3591 2429 3644 τῶν
2452 3591 2769 3645 ἀποστόλων
2789 3590 3088 3660 πρόκριτος
3111 3582 3154 3656 ᾧ
3172 3588 3233 3642 τὸ
3263 3589 3412 3643 θεῖον
3437 3587 3767 3659 μυστήριον,

2171 3685 2316 3741 καθά
2332 3702 2499 3756 φησιν
2518 3685 2545 3736 ὁ
2563 3683 2775 3754 Σωτὴρ,
2794 3683 2952 3752 σὰρξ
2963 3722 2977 3746 ,
3009 3681 3110 3736 καί
3130 3677 3274 3751 αἷμα
3313 3683 3427 3735 οὐκ
3463 3679 3772 3735 ἀπεκάλυ-

2170 3783 2310 3849 ψεν.
2343 3778 2480 3832 ἀλλ’
2510 3779 2542 3830 ό
2561 3776 2766 3844 Πατὴρ
2790 3778 2823 3829 ό
2866 3775 2937 3828 ἐν
2962 3773 3087 3840 τοῖς
3115 3772 3416 3841 οὐρανοῖς,
3440 3771 3591 3840 λέγει
3626 3773 3768 3841 πρὸς

2185 3870 2464 3935 Ἁνανίαν,
2487 3869 2837 3938 προσάγοντα
2855 3865 2956 3934 μὲν
2973 3865 3072 3935 τὴν
3087 3863 3183 3917 τοῦ
3197 3864 3404 3935 χωρίου
3425 3864 3616 3934 τιμὴν,
3638 3864 3773 3917 ἁπο-

2173 3966 2573 4033 νοσφισάμενον
2595 3961 2653 4014 δέ
2675 3978 2727 4013 τι
2755 3959 2924 4029 μέρος
2941 3957 3038 4013 ἀπ’
3065 3957 3242 4026 αὐτῆς
3265 3972 3278 3986 ⁸
3315 3959 3584 4023 Ἀνανία,
3609 3957 3773 4011 διατι

2172 4056 2533 4124 ἐπλήρωσεν
2561 4057 2592 4107 d
2619 4049 2892 4116 Σατανᾶς
2917 4051 3034 4118 τὴν
3064 4049 3319 4118 καρδίαν
3365 4064 3482 4104 σου
3538 4051 3777 4117 ψεύσαο

2175 4149 2316 4201 σθαι
2342 4145 2409 4201 τὸ
2442 4144 2687 4212 Πνεῦμα
2735 4140 2801 4196 τὸ
2824 4141 3020 4211 ἅγιον,
3074 4142 3174 4195 καί
3203 4141 3625 4210 νοσφίσασθαι
3648 4138 3774 4193 ἀπὸ

2173 4238 2285 4306 τῆς
2311 4237 2487 4306 τιμῆς
2517 4253 2625 4290 του
2649 4235 2868 4303 χωρίου
2889 4250 2910 4300 ;
2938 4229 3070 4286 Εἶτα
3131 4234 3396 4287 συνάπτει
3427 4231 3642 4293 τούτοις
3676 4233 3769 4298 τὸ,

2179 4334 2300 4386 Οὐκ
2325 4331 2569 4399 ἐψεύσω
2589 4326 2950 4395 ἀνθρώποις,
3007 4325 3171 4380 ἀλλὰ
3197 4323 3278 4389 τῷ
3331 4324 3477 4390 Θεῷ.
3557 4321 3774 4376 Οὐκοῦν

2178 4427 2227 4478 εί
2261 4425 2290 4478 ὁ
2323 4423 2401 4494 τῷ
2421 4421 2561 4491 ἁγίῳ
2594 4419 2879 4488 Πνεύματι
2909 4417 3270 4488 ψευδόμενος,
3302 4417 3382 4486 τῷ
3432 4413 3554 4486 Θεῷ
3579 4414 3778 4484 ψεύδε-

2107 4502 2152 4558 Ῑ)
2183 4536 2298 4586 ται,
2327 4517 2462 4580 Θεὸς
2494 4517 2605 4585 ἄρα
2628 4514 2689 4569 τὸ
2719 4512 2972 4582 Πνεῦμα.
3013 4512 3110 4565 καὶ
3146 4513 3204 4564 ὲν
3231 4509 3355 4580 Θεῷ
3391 4509 3664 4578 φυσικῶς.

2729 4603 2837 4656 Ἐκ
2863 4601 2984 4658 τῶν
3013 4599 3237 4656 αὐτῶν.

2257 4703 2340 4755 Τὰ
2362 4705 2424 4754 ἐκ
2447 4699 2547 4768 τῆς
2567 4695 2662 4749 τοῦ
2693 4695 2948 4765 Σωτῆρος
2979 4694 3139 4766 ἡμῶν
3163 4693 3465 4764 ἐπιδημίας
3489 4691 3778 4760 εὐαγγελιο

487 4823 614 4867 sunt
649 4814 808 4874 bona,
849 4827 911 4866 ea
949 4813 1180 4878 quodam
1215 4810 1411 4864 inloco
1468 4809 1539 4863 de
1595 4810 1788 4864 oribus
1831 4811 1946 4864 suis
2008 4809 2065 4864 lo

2184 4795 2416 4863 ζὸμενος
2443 4789 2628 4857 ἀγαθά
2649 4788 2785 4858 φησί
2803 4804 2909 4840 που
2936 4789 2964 4841 ὁ
2988 4786 3121 4850 Θεὸς
3144 4789 3276 4855 περὶ
3301 4786 3409 4839 τῶν
3433 4785 3632 4839 ἑαυτοῦ
3656 4801 3776 4836 ποι-

489 4919 661 4972 qnens
690 4902 830 4954 Deus
889 4913 962 4955 tta
987 4911 1383 4955 commemorat
1409 4915 1422 4951 :
1460 4899 1736 4954 Suscitubo
1760 4899 1870 4953 illis
1893 4909 2079 4967 pasto-

490 5010 572 5045 res
593 4992 877 5047 secundum
907 5008 998 5046 cor
1026 4999 1221 5058 meum,
1249 5004 1296 5045 et
1351 5003 1566 5056 poscent
1633 5008 1742 5055 eos,
1810 4999 2080 5057 pascentes

492 5102 610 5137 cum
643 5085 860 5137 scientia
884 5084 926 5138 ⁸.
949 5084 1145 5138 Paulus
1187 5099 1366 5141 autem
1391 5086 1638 5138 veritatis
1689 5100 1866 5153 prter-0
1897 5085 2081 5138 seniu-

496 5194 582 5230 l't‘S
621 5178 972 5246 Ephesiorum
1010 5178 1292 5247 alloquens
1326 5193 1340 5228 :
1379 5178 1663 5238 Attendite,
1695 5177 1892 5245 inquit,
1937 5175 2082 5228 vobis

491 5272 644 5335 ipsis.
673 5279 720 5323 et
756 5271 993 5324 universo
1017 5273 1183 5340 gregi,
1217 5273 1271 5324 in
1305 5287 1406 5332 quo
1447 5287 1534 5324 vos
1594 5267 1828 5337 Spiritus
1870 5276 2082 5320 sanctus

491 5363 664 5429 posuit
691 5363 958 5432 episcopos
983 5363 1028 5417 θ.
1060 5361 1290 5430 Quando
1322 5362 1483 5429 igitur
1532 5375 1652 5428 qua:
1685 5373 1742 5411 se
1804 5359 2076 5412 facturum

495 5454 770 5523 pollicitus
802 5465 888 5510 est
911 5455 1072 5516 Deus,
1109 5469 1235 5509 cum
1267 5462 1532 5523 pmestate
1573 5451 1808 5521 Spiritus
1844 5451 2079 5519 perlicit,

495 5558 547 5597 et
582 5556 823 5614 pastores
849 5545 1157 5612 constituit,
1216 5553 1276 5599 ut
1331 5545 1383 5599 in
1434 5545 1712 5614 pr0phetis
1758 5543 2083 5613 promissum

499 5651 600 5704 εει,
629 5643 694 5693 ah
721 5638 958 5695 essentia
1009 5639 1194 5694 divina
1239 5653 1346 5693 non
1395 5647 1480 5694 est
1525 5638 1752 5703 alienus,
1811 5637 1904 5691 sed
1969 5646 2088 5689 tan-

1783 5751 1998 5808 alCor.
2045 5750 2253 5812 “1,16,
2295 5745 2376 5798 l7.

1331 5822 1352 5853 ⁸
1382 5822 1584 5878 Jerem.
1613 5840 1774 5890 niti,
1805 5824 1858 5878 4.
1937 5827 1956 5857 ⁸
1990 5825 2111 5880 Act.
2136 5837 2228 5885 xx,
2261 5817 2352 5869 ‘18.

575 5751 590 5779 ⁸
623 5749 641 5801 l
669 5750 795 5803 Cor.
832 5765 909 5814 νι,
945 5751 1028 5804 16.
1133 5753 1153 5784 ¹
1197 5751 1394 5818 Ephcs.
1439 5769 1515 5816 tv,
1585 5752 1674 5807 δυ.

507 5817 666 5872 'Act.
705 5834 757 5882 γ,
813 5818 869 5870 5.
945 5823 962 5853 ⁷
1012 5820 1151 5876 Ibid.
1200 5823 1254 5878 4,

2192 4888 2384 4958 μνέων,
2408 4885 2490 4937 ὅτι
2531 4879 2879 4947 Ἀναστήσω
2915 4877 3122 4944 αὐτοῖς
3149 4877 3440 4948 ποιμένας
3479 4876 3634 4930 κατὰ
3668 4874 3776 4940 τὴν

2188 4977 2444 5045 καρδίαν
2467 4992 2586 5045 μου
2609 4974 2707 5028 καί
2740 4970 3147 5040 ποιμανοῦσιν
3177 4969 3331 5023 αὐτὰ
3359 4969 3782 5037 ποιμαίνοντες

2184 5071 2314 5144 μετ’
2334 5067 2698 5136 ἐπιστήμης.
2722 5063 2932 5127 Παῦλος
2949 5063 3007 5116 δὲ
3027 5064 3055 5131 ᾧ
3076 5062 3175 5130 τῆς
3197 5061 3451 5130 ἀληθείας
3472 5059 3648 5130 κῆρυξ
3669 5060 3784 5119 τοῖς

2206 5161 2473 5232 Ἐφεσίων
2497 5156 2897 5230 πρεσϐυτέροις
2922 5154 3291 5226 προσομιλῶν,
3314 5151 3668 5220 Προσέχετε,
3689 5167 3788 5219 φη·

2190 5260 2296 5323 σὶν,
2328 5253 2586 5319 ἑαυτοῖς,
2618 5251 2718 5305 καί
2749 5249 2930 5304 παντὶ
2969 5248 3050 5314 τῷ
3077 5247 3353 5318 ποιμνίῳ,
3372 5246 3442 5299 ὲν
3467 5238 3516 5313 ᾧ
3537 5241 3691 5312 ὑμᾶς
3717 5241 3786 5295 τὸ

2185 5348 2430 5416 Πνεῦμα
2445 5345 2512 5398 τὸ
2530 5344 2702 5412 ἅγιον
2716 5341 2884 5396 ἔθετο
2896 5338 3432 5405 ἐπισκόπους.”οτε
3443 5336 3624 5389 τοίνυν
3635 5334 3785 5402 ᾇπερ

2190 5437 2460 5511 ὑπέσχετο
2476 5439 2608 5510 δρᾷν
2622 5442 2649 5492 ὁ
2665 5436 2797 5497 Θεὸς
2817 5435 2938 5505 μετ’
2955 5434 3224 5500 ἐξουσίας,
3243 5431 3305 5484 τὸ
3322 5430 3546 5498 Πνεῦμα
3565 5426 3788 5496 πληροῖ,
3819 5449 3832 5468 ι

2194 5537 2292 5589 καὶ
2318 5533 2586 5603 ποιμένας
2617 5529 2826 5600 ἐγείρει
2858 5531 3003 5582 κατὰ
3041 5527 3142 5598 τὴν
3182 5527 3240 5578 ὲν
3274 5523 3586 5594 προφήταις
3611 5521 3791 5586 ἑπαγ-

2195 5628 2409 5698 γελίαν,
2436 5625 2537 5678 οὐκ
2566 5623 2849 5690 ἀλλότριον
2890 5619 3001 5690 ἄρα
3028 5617 3127 5688 τῆς
3172 5615 3323 5677 θείας
3378 5613 3568 5674 οὐσίας
3610 5609 3785 5671 ἐστὶν,

2492 5745 2510 5774 ’⁸
2565 5742 2718 5795 Rutn.
2765 5753 2882 5805 vni,
2936 5736 3023 5803 Η,
3058 5735 3148 5792 ιδ.
3254 5735 3274 5766 ⁸
3313 5729 3502 5784 Matth.
3553 5744 3664 5792 xvz,
3698 5722 3781 5779 l7.
