4082 6430
276 400 377 464 861

1263 405 1641 466 PANOPLIA
1680 406 2140 468 DOGMATICA.
2176 432 2243 443 -
2283 410 2427 468 'l'l'l‘.
2473 411 2607 472 ΧΗ.

3469 362 3589 480 8⁸ἶ2Δ

275 512 402 565 ἀλλ’
431 512 509 577 ὡς
536 511 794 583 ἐνέργεια
831 513 1043 585 φυσική
1073 530 1132 567 τε
1167 514 1261 567 καὶ
1287 515 1586 595 ,οὐσιὼδηᾳ
1641 517 1736 569 καὶ
1780 517 1862 568 ἐνο

1975 533 2136 586 quam
2170 520 2249 572 vis
2282 521 2566 587 naturalis,
2591 534 2645 577 et
2668 538 2733 577 ex
2769 526 3012 580 esstintia
3067 536 3346 592 constans,
3408 540 3573 597 atque

279 603 593 668 υπὸστατος
617 605 679 670 ἐξ
710 605 884 675 αὐτῆς
914 605 1205 676 προϊοῦσα,
1242 608 1335 661 καὶ
1360 609 1418 660 ἐν
1441 610 1578 677 αὐτῇ
1607 608 1869 679 μένουσα,

277 698 465 751 πάντα
497 699 793 770 ἐργάζεται
818 700 889 753 τὰ
932 698 1028 753 τοῦ
1057 698 1217 754 Θεοῦ.

826 793 929 847 Ἐκ
969 792 1090 846 τῶν
1114 794 1334 850 αὐτῶν.

366 883 681 952 Ἀθηναίοις
715 886 743 938 6
772 885 985 948 Παῦλος
1019 885 1088 938 τὰ
1112 886 1251 957 πρὸς
1280 886 1565 940 εὐσέϐειαν
1621 887 1872 956 διαλεγό-

284 994 471 1044 μενος,
525 976 618 1029 καὶ
652 976 742 1029 τὸν
797 978 970 1047 ἀληθῆ
1018 981 1376 1047 καταγγέλων
1425 981 1557 1033 Θεὸν
1606 980 1869 1049 ἔφασκεν,

277 1070 360 1121 ὅτι
415 1068 518 1122 Ἐν
556 1067 718 1134 αὐτῷ
752 1067 961 1139 ζῶμεν,
996 1072 1094 1125 καὶ
1151 1074 1494 1141 κινούμεθα,
1527 1073 1625 1126 καί
1658 1072 1869 1142 ἐσμέν.

292 1162 351 1213 Ὀ
368 1163 425 1214 δέ
457 1179 521 1223 γε
553 1161 761 1230 Κύριος
794 1163 954 1231 ἡμῶν
985 1164 1192 1232 Ἰησοῦς
1218 1164 1453 1236 Χριστὸς
1488 1166 1588 1236 τὴν
1613 1166 1873 1234 τοιαύτην

279 1255 568 1324 ἐνέργειαν
615 1256 717 1326 τὴν
760 1257 1063 1327 γενομένην
1095 1259 1248 1325 παρὰ
1294 1257 1389 1309 τοῦ
1419 1258 1557 1311 Θεοῦ
1590 1258 1669 1329 τῷ
1727 1261 1873 1329 ἁγίῳ

277 1350 563 1417 Πνεῦματι
597 1348 917 1421 περιτίθησι
958 1350 1135 1418 λέγων
1165 1368 1179 1382 ·
1226 1351 1296 1403 Τὸ
1355 1350 1602 1419 Πνεῦμά
1641 1352 1773 1405 ἐστι
1805 1350 1873 1405 τὸ

278 1442 628 1502 ζωοποιοῦν.
663 1442 796 1506 Θεὸς
846 1445 955 1515 ἄρα
1003 1446 1065 1497 τὸ
1100 1441 1327 1511 Πνεῦμα
1376 1443 1437 1495 τὸ
1473 1445 1532 1497 ὲν
1560 1437 1605 1512 ᾧ
1662 1445 1871 1513 ζῶμεν,

278 1536 378 1588 καὶ
427 1536 751 1606 κινούμεθα,
787 1538 884 1590 καὶ
918 1536 1109 1606 ἐσμὲν,
1166 1538 1310 1590 κατὰ
1360 1536 1461 1607 τὴν
1495 1538 1591 1590 τοῦ
1654 1538 1872 1591 Παύλου

279 1628 489 1695 φωνὴν,
523 1630 617 1680 καὶ
646 1628 744 1697 τὴν
778 1628 873 1680 τοῦ
908 1627 1163 1697 Σωτῆρος
1195 1630 1353 1698 ἡμῶν
1391 1630 1729 1702 μαρτυρίαν.

793 1722 895 1774 Ἐκ
935 1721 1055 1774 τῶν
1085 1720 1373 1790 Ψαλμῶν.

352 1813 522 1881 Λέγει
558 1814 907 1883 nonid/aii.)th
960 1816 989 1868 6
1043 1817 1320 1887 μακάριος
1375 1815 1561 1879 Δαδὶδ,
1610 1815 1706 1867 καὶ
1749 1817 1876 1877 τοὺς

279 1904 477 1970 λόγους
517 1906 820 1959 ἀνατείνων
868 1907 1008 1977 πρὸς
1052 1906 1186 1959 Θεόν
1219 1924 1233 1939 ο
1266 1907 1390 1960 11οῦ
1428 1905 1704 1974 πορευθῶ
1752 1906 1871 1960 ἀπὸ

278 1997 388 2051 τοῦ
416 1997 767 2067 Πνεῦματός
794 2014 935 2061 σου,
975 1999 1075 2054 καί
1107 1999 1227 2054 ἀπὸ
1266 2000 1372 2053 τοῦ
1400 1998 1729 2068 προσώπου
1754 2014 1873 2052 σου

278 2089 399 2148 ποῦ
438 2091 649 2159 eam;
706 2092 849 2144 Ἐὰν
895 2091 1097 2145 ἀναϐῶ
1151 2095 1238 2155 εἰς
1292 2093 1399 2144 τὸν
1445 2092 1730 2159 οὐρανὸν,
1780 2091 1863 2145 σὺ

277 2181 493 2235 excisi.
537 2184 673 2237 Ἐὰν
691 2184 927 2237 καταϐῶ
971 2187 1058 2248 εὶς
1086 2184 1194 2237 τὸν
1225 2184 1400 2252 ᾅδην,
1451 2184 1647 2250 πάρει.
1720 2184 1865 2237 Ἐὰν

278 2275 639 2344 ἁιάλάὅοιμι
691 2277 798 2343 τὰς
842 2277 1140 2351 πτέρυγάς
1157 2297 1277 2347 μου
1330 2280 1462 2331 κατ’
1499 2279 1737 2345 ὄρθρον,
1773 2278 1871 2331 καὶ

278 2372 735 2436 κατασκηνώσει)
755 2374 841 2437 εις
861 2373 934 2425 τὰ
957 2370 1326 2439 ἕσχαταλτῆς
1375 2371 1719 2437 θαλάσσης.
1760 2371 1874 2428 Καὶ

278 2462 391 2528 τὰρ
414 2462 544 2514 ἐκεῖ
566 2464 603 2527 ἡ
629 2464 761 2531 χείρ
793 2480 910 2518 σου
931 2464 1223 2532 ὁδηγήσει
1247 2481 1347 2532 με,
1389 2465 1488 2517 καὶ
1524 2464 1766 2527 καθέξει
1795 2482 1873 2533 με

277 2557 314 2620 ἡ
336 2555 509 2616 δεξιά
532 2573 671 2610 σου.
706 2556 835 2609 Ὅτε
863 2558 1045 2610 τοίνυν
1083 2558 1145 2611 τὸ
1178 2557 1401 2627 Πνεῦμα
1432 2557 1529 2610 καὶ
1577 2558 1872 2619 πρόσωπον

278 2644 640 2696 ἀποκαλείται
693 2645 790 2697 τοῦ
844 2647 1079 2715 Πατρὸς,
1119 2647 1193 2711 ὼς
1252 2646 1589 2712 ὲξεικονίζον
1620 2647 1709 2699 διὰ
1766 2647 1871 2715 τῆς

279 2737 629 2806 Θεοπρεποῦς
657 2740 937 2810 ἐνεργείας
966 2740 1067 2809 τὴν
1102 2740 1161 2803 ἐξ
1191 2736 1258 2812 ἦς
1288 2743 1436 2793 ἐστιν
1466 2740 1681 2805 οὐσίαν,
1734 2741 1869 2792 ἀπο-

279 2831 441 2883 καλεῖ
476 2830 541 2902 δὴ
596 2834 691 2886 καὶ
742 2836 901 2904 χεῖρα
971 2835 1059 2887 διὰ
1108 2834 1206 2905 τὴν
1261 2834 1683 2903 ἐνυπάρχουσαν
1718 2831 1869 2901 αὑτῷ

277 2924 624 2995 παντουργόν
646 2925 901 2993 δύναμιν,
927 2929 1043 2990 πῶς
1076 2928 1177 2980 οὐκ
1210 2927 1274 2981 ἂν
1304 2928 1392 2995 εἴη
1426 2927 1581 2991 Θεὸς,
1628 2926 1721 2979 καὶ
1745 2925 1867 2978 κατ’

275 3016 471 3070 οὐσίαν
500 3017 578 3087 τῷ
619 3019 796 3091 Πατρὶ
838 3025 1216 3090 συνημμένον,
1256 3020 1315 3083 ἐξ
1345 3020 1515 3073 αὑτοῦ
1561 3037 1620 3073 τε
1655 3018 1739 3086 ὃν,
1772 3020 1866 3072 καὶ

274 3109 335 3162 ἐν
357 3109 512 3179 αῦτῷ
533 3127 548 3177 ;
585 3111 776 3180 ὥσπερ
809 3111 903 3168 οὖν
921 3114 1017 3166 καὶ
1040 3114 1072 3183 ἡ
1094 3113 1215 3183 χεὶρ
1233 3112 1329 3166 τοῦ
1366 3114 1717 3184 ἀνθρωπείου
1754 3113 1867 3166 σώ-

276 3219 452 3271 ματος
510 3205 572 3257 οὐ
617 3206 977 3276 κεχώρισται,
1023 3206 1233 3261 δέδεται
1265 3208 1322 3261 δὲ
1354 3208 1557 3278 μᾶλλον
1585 3210 1642 3261 ἐν
1692 3208 1865 3277 αὐτῷ,
1895 3211 1938 3272 C

272 3298 369 3349 καὶ
397 3299 696 3370 ἐρρίζωται
727 3300 999 3369 φυσικῶς.

658 3395 759 3448 Ἐκ
790 3395 902 3462 τῆς
940 3396 1092 3464 πρὸς
1121 3398 1496 3463 Κορινθίους.

356 3486 699 3539 Ἐπιστέλλει
725 3490 752 3539 6
773 3488 980 3552 Παῦλος
1010 3489 1235 3542 τοιῶσδε
1256 3509 1267 3520 ·
1302 3489 1576 3557 Γνωρίζω
1599 3490 1668 3542 δὲ
1696 3489 1861 3557 ὑμῖν,

277 3576 367 3629 ὅτι
383 3578 582 3644 οὐδεὶς
596 3578 667 3631 ἐν
685 3581 986 3649 Πνεύματι
1012 3583 1161 3636 Θεοῦ
1184 3583 1393 3636 λαλῶν
1411 3582 1576 3652 λέγει
1592 3583 1865 3652 ἀνάθεμα

289 3668 551 3735 Ἰησοῦν.
581 3672 712 3733 Καὶ,
760 3672 973 3739 Οὐδεὶς
1010 3672 1261 3728 δύναται
1284 3674 1478 3729 εἰπεῖν
1509 3678 1728 3743 Κύριον
1756 3678 1861 3743 Ἰη-

270 3761 451 3829 σοῦν,
473 3767 525 3818 ει
538 3763 625 3832 μὴ
657 3765 1043 3835 ἐνΠνεύματι
1082 3768 1246 3837 ἁγίῳ.
1280 3767 1552 3837 Πρόδηλον
1594 3764 1708 3835 οὖν,
1738 3770 1865 3821 ὅτιὸ

270 3855 522 3927 μετέχων
549 3856 644 3909 τοῦ
670 3858 830 3925 ἁγίου
853 3858 990 3912 Πνεύ
1000 3877 1170 3928 ματος
1195 3856 1335 3912 οἶδεν
1354 3860 1483 3912 ὄντα
1510 3860 1713 3930 Κύριον
1751 3863 1860 3931 ’1η-

269 3947 646 4019 σοῦν.”Ωσπερ
662 3950 711 4001 οἱ
738 3950 956 4017 μέλιτος
980 3950 1419 4020 ἀπογευσάμενοι
1438 3951 1525 4003 διὰ
1548 3952 1649 4020 τῆς
1672 3952 1733 4017 ἐξ
1764 3953 1863 4004 αὑ-

266 4039 367 4091 τοῦ
392 4040 680 4108 ποιότητος
708 4040 936 4101 οἴδασιν,
962 4043 1043 4093 ὅτι
1072 4041 1247 4108 γλυκὺ
1274 4044 1334 4093 τὸ
1369 4042 1518 4111 μέλι,
1545 4043 1691 4096 οὕτω
1714 4046 1808 4098 καὶ
1832 4045 1861 4096 6

265 4128 362 4181 τοῦ
396 4128 718 4197 Πνεύματος
744 4130 997 4199 μέτοχος.
1033 4129 1251 4182 Οὐκοῦν
1287 4131 1353 4182 ἐκ
1404 4132 1506 4200 τῆς
1537 4130 1730 4192 οὐσίας
1762 4131 1858 4183 τοῦ

268 4220 403 4273 Υξοῦ
436 4219 500 4273 τὸ
536 4221 768 4297 Πνεῦμα
820 4222 1047 4291 ποιότης
1076 4240 1182 4285 τις,
1223 4221 1311 4274 ἵνα
1357 4222 1532 4286 οὕτως
1590 4224 1859 4292 εἴπωμεν,

264 4315 516 4384 ὑπάρχον
544 4313 639 4367 τοῦ
673 4312 1025 4383 κυριεύοντος
1056 4314 1487 4370 ἁπάντωνθεοῦ.
1510 4316 1575 4370 Εἰ
1597 4317 1654 4370 δὲ
1675 4318 1858 4384 τοῦτο,

262 4408 397 4471 Θεὸς
439 4411 569 4479 ἄρα,
602 4408 698 4462 καὶ
738 4407 801 4460 οὐ
833 4409 1085 4479 γενητὸν,
1128 4408 1321 4480 ὥσπερ
1364 4412 1478 4472 τοῖς
1526 4411 1860 4481 ἐτεροδὸξοις

263 4504 430 4557 δοκεῖ.

1978 612 2298 675 subsistens,
2334 626 2389 669 et
2420 629 2486 668 cx
2515 615 2629 683 ipsa
2645 618 2993 685 provenieus,
3015 634 3071 674 et
3104 621 3158 674 in
3207 622 3319 689 ipsa
3347 639 3572 679 manens

1977 703 2161 757 omnia
2186 705 2334 772 facit,
2360 720 2479 774 qua:
2509 706 2601 758 Dei
2629 718 2776 762 sunt.

2513 796 2598 851 Ex
2635 800 2816 853 eodem
2878 800 3034 856 libro.

2046 885 2250 943 Paulus
2317 889 2382 942 ad
2442 891 2805 945 Athenienses
2856 895 2920 947 de
2968 895 3229 965 religione
3274 902 3435 953 verba
3490 900 3570 952 fa-

1976 983 2129 1037 ciens
2163 999 2178 1038 :
2215 980 2478 1046 Quoniam
2522 984 2732 1052 inipso,
2762 985 2958 1054 inquit,
2987 989 3227 1054 vivimus,
3282 1000 3332 1044 et
3394 1009 3569 1045 move-

1978 1092 2119 1137 mur,
2154 1085 2199 1127 et
2232 1091 2414 1128 sumus
2441 1074 2479 1126 '.
2512 1074 2585 1129 At
2612 1075 2871 1131 Dominus
2896 1091 3083 1134 noster
3108 1080 3268 1137 Jesns
3320 1084 3567 1137 Cltristus

1977 1168 2118 1220 hanc
2146 1167 2279 1229 vim,
2317 1182 2436 1234 quae
2474 1168 2629 1222 nobis
2671 1185 2700 1222 a
2764 1170 3021 1237 Deo,esl,
3065 1175 3288 1228 ascribit
3342 1176 3566 1243 Spiritui

1976 1268 2217 1313 sancto:
2284 1258 2541 1324 Spiritus,
2602 1260 2879 1331 inquiens,
2930 1274 3048 1332 est,
3100 1268 3187 1336 qui
3244 1269 3472 1338 viviﬁcat
3522 1272 3565 1324 ³.

1977 1352 2120 1406 Deus
2149 1367 2281 1422 ergo
2312 1352 2550 1420 Spiritus
2581 1354 2690 1419 ille,
2726 1356 2907 1426 infquo
2949 1358 3205 1423 vivimus,
3260 1377 3564 1423 movemur.

1976 1457 2030 1500 et
2049 1463 2261 1524 sumus,
2301 1457 2361 1501 ut
2418 1447 2624 1504 Paulus
2653 1450 2806 1516 dicit,
2845 1460 2903 1506 et
2941 1450 3205 1508 Servatur
3247 1463 3432 1509 noster
3488 1466 3568 1511 te-

1975 1551 2167 1596 Statur.

2590 1728 2674 1782 Ea:
2700 1727 2957 1784 Psalmis.

2049 1821 2266 1875 Cant-ns
2290 1823 2525 1890 quodam
2546 1821 2666 1877 loco
2693 1823 2885 1878 beatus
2910 1823 3099 1889 David,
3128 1826 3400 1897 verbaque
3461 1843 3559 1883 sua

1980 1914 2045 1965 ad
2086 1913 2252 1966 Deum
2287 1912 2528 1982 dirigens
2561 1913 2739 1978 :Quo,
2775 1914 2972 1981 inquit,
2998 1916 3084 1968 ibo
3132 1915 3405 1985 alSpiritu
3454 1926 3567 1981 tuo,

1978 2016 2025 2058 et
2049 2022 2150 2076 quo
2177 2023 2207 2059 a
2235 2006 2369 2075 facie
2394 2016 2482 2061 tua
2502 2007 2705 2075 fugiam
2728 2007 2753 2059 .9
2784 2007 2843 2060 Si
2866 2009 3148 2062 ascendero
3169 2009 3223 2062 in
3254 2012 3463 2071 emtum,
3511 2019 3567 2061 tu

1979 2097 2095 2151 illic
2125 2115 2201 2151 cs.
2239 2096 2294 2151 Si
2326 2098 2646 2151 descendero
2675 2100 2727 2151 in
2744 2098 3033 2164 infernum,
3067 2100 3215 2153 ades.
3242 2098 3301 2152 Si
3334 2115 3571 2168 sumpse-

1978 2202 2035 2239 το
2060 2204 2257 2255 pennas
2284 2204 2424 2240 meas
2447 2187 2705 2249 diluculo,
2742 2198 2788 2240 et
2814 2186 3129 2241 habitaueru
3188 2190 3243 2241 in
3314 2188 3568 2241 extremis

1977 2278 2161 2329 utaris.
2192 2276 2395 2330 Etenim
2425 2276 2551 2329 illuc
2590 2294 2779 2330 manus
2814 2287 2903 2330 tua
2935 2278 3156 2330 deducet
3194 2288 3359 2341 me,et
3415 2288 3567 2329 tene-

1977 2370 2047 2421 bit
2089 2373 2310 2423 dextera
2336 2378 2427 2421 tua
2455 2369 2498 2422 ³.
2560 2369 2694 2422 Cum
2747 2369 2912 2437 igitur
2952 2367 3221 2437 Spiritum
3275 2376 3327 2423 et
3370 2367 3564 2421 {aciem

1976 2458 2151 2513 Patris
2180 2463 2445 2523 nominet,
2483 2470 2740 2529 tanquam
2766 2462 3168 2528 exprimentem
3205 2473 3298 2527 per
3325 2459 3563 2513 divinam

1975 2553 2245 2607 actionem
2284 2554 2597 2619 essentiam,
2624 2570 2687 2608 ex
2717 2568 2820 2621 qua
2841 2561 2941 2616 est,
2967 2553 3213 2605 nominet
3239 2552 3400 2605 etiam
3445 2566 3564 2604 ma-

1978 2664 2103 2699 num
2136 2658 2565 2715 propter,.reruut
2623 2646 2864 2701 omnium
2932 2646 3285 2710 eﬂ'ectricem,
3328 2660 3447 2713 qua:
3508 2644 3561 2697 in

1978 2742 2096 2809 ipso
2116 2750 2218 2805 est,
2247 2748 2586 2808 potestatem,
2629 2739 2901 2807 quomodo
2934 2737 3073 2790 Deus
3094 2753 3201 2790 non
3222 2746 3325 2797 cst,
3351 2746 3405 2791 et
3455 2737 3561 2787 Pa-

1979 2835 2046 2888 tri
2079 2850 2175 2904 per
2211 2834 2507 2889 essentiam
2552 2831 2872 2901 coniunctus
2893 2872 2908 2897 ,
2938 2846 3060 2885 cum
3083 2830 3367 2899 etexipso,
3400 2838 3457 2882 ct
3514 2831 3567 2881 in

1974 2919 2204 2996 ipsolsit,
2237 2925 2760 2995 quemadtnodutnet
2791 2939 2986 2977 manus
3025 2924 3093 2976 ab
3157 2923 3392 2976 humano
3446 2937 3570 2974 ειη·-

1975 3035 2103 3087 pore
2134 3033 2240 3071 uou
2264 3029 2348 3072 est
2371 3017 2759 3086 sejuncta,sed
2790 3016 2978 3084 inipso
3028 3016 3208 3085 potius
3259 3016 3458 3081 vincta,
3509 3025 3570 3068 et

1976 3111 2292 3166 naturaliter
2323 3107 2597 3164 inluni-ret?

2368 3399 2449 3453 Ea:
2473 3398 2715 3465 Epistula
2734 3396 2803 3450 ad
2831 3395 3156 3458 Corinthios.

2052 3494 2249 3548 Scribit
2278 3492 2476 3545 Paulus
2508 3494 2572 3544 ad
2589 3494 2730 3545 ltunc
2758 3492 2974 3544 tnodum
2997 3504 3010 3541 :
3037 3488 3235 3543 Notum
3257 3488 3399 3557 facio
3419 3486 3564 3541 vobis

1969 3591 2105 3658 (ριοιι
2145 3605 2291 3642 nemo
2313 3587 2367 3638 in
2409 3586 2615 3653 Spiritu
2647 3584 2738 3637 Dei
2803 3584 3016 3652 loquens
3075 3583 3206 3635 dicit
3281 3580 3560 3634 anathema

1969 3685 2172 3736 Jrsnm.
2212 3683 2275 3735 Et
2298 3697 2316 3733 :
2344 3678 2514 3733 Nemo
2537 3687 2704 3745 potest
2728 3678 2900 3730 dicere
2917 3676 3196 3729 Dominum
3221 3673 3429 3736 Jesum,
3456 3671 3559 3725 nisi

1968 3779 2023 3829 in
2072 3776 2281 3841 Spiritu
2314 3773 2560 3825 sancto".
2597 3772 2807 3836 Quibus
2859 3787 2924 3824 ex
2957 3770 3135 3823 verbis
3198 3767 3354 3821 facile
3415 3781 3551 3819 con-

1968 3877 2096 3927 stat,
2125 3880 2272 3927 eum,
2306 3864 2397 3931 qui
2464 3863 2734 3932 particeps
2773 3861 2845 3914 sit
2900 3860 3135 3927 Spiritus
3174 3859 3368 3922 sancti,
3402 3872 3562 3910 nosse

1970 3957 2256 4011 Dominum
2290 3955 2498 4022 Jesnm;
2530 3956 2619 4023 qui
2656 3962 2837 4008 autem
2867 3953 3041 4008 sancti
3072 3950 3310 4018 Spiritus
3364 3965 3560 4015 expers

1967 4052 2058 4114 sit,
2091 4065 2211 4103 cum
2244 4050 2516 4117 ignorare.
2558 4048 2843 4115 Quomodo
2901 4046 3086 4114 igitur,
3131 4046 3222 4113 qui
3291 4043 3555 4111 Spiritum

1966 4149 2256 4195 assecutus
2286 4149 2392 4205 est,
2435 4141 2586 4195 novit
2618 4138 2904 4193 Dominum
2942 4152 3064 4192 esse
3090 4135 3313 4190 Jesutu?
3348 4135 3557 4201 Queru-

1965 4235 2257 4289 admodum
2310 4234 2402 4302 qui
2471 4233 2577 4288 tnel
2620 4235 3000 4303 degustarunt,
3058 4238 3279 4297 propter
3323 4227 3557 4296 qualita-

1966 4337 2074 4382 tem
2114 4328 2308 4395 ipsius,
2339 4325 2812 4395 cognoscuntmel
2866 4339 2989 4379 esse
3044 4321 3226 4385 dulce,
3273 4322 3354 4376 sic
3394 4320 3556 4374 etiam

1966 4422 2057 4486 qui
2095 4417 2643 4488 Spiritusparticipes
2676 4418 2801 4473 facti
2833 4426 2982 4473 sunt.
3020 4414 3100 4470 Ex
3165 4413 3403 4468 essentia
3453 4412 3559 4480 igi-

1970 4510 2197 4564 turFilii
2240 4510 2477 4578 Spiritus
2516 4510 2753 4578 qualitas
2786 4509 3058 4578 quaedam,
3122 4516 3180 4561 ttt
3228 4507 3300 4559 ita
3356 4505 3557 4566 dicam,

265 4602 480 4657 exsistit
508 4601 624 4666 Dei,
661 4601 753 4672 qui
780 4602 1034 4658 omnibus
1074 4603 1405 4658 dominatur.
1444 4605 1598 4673 Quod
1656 4607 1698 4660 si
1762 4608 1833 4659 ita
1875 4616 1982 4668 est,
2022 4606 2160 4659 Deus
2185 4612 2291 4669 est,
2347 4613 2654 4656 nouantem
2691 4601 2970 4667 tactus,ut
3018 4596 3558 4656 alitersentientibns

264 4698 504 4751 videtur.

819 4790 929 4846 Ἐκ
955 4792 1064 4860 τῆς
1094 4792 1310 4860 αὐτῆς.

337 4886 452 4949 Τὰς
489 4886 599 4939 τῶν
632 4886 795 4939 Θείων
828 4886 1192 4955 χαρισμάτων
1226 4886 1489 4957 διανομὰς
1519 4887 1548 4940 6
1582 4886 1854 4957 μακάριος

266 4980 482 5044 Παῦλος
507 4983 573 5050 τῇ
592 4979 689 5032 τοῦ
728 4979 888 5047 ἁγίου
933 4978 1254 5048 Πνεῦματος
1287 4980 1566 5040 ἀνατιθεὶς
1598 4981 1855 5051 ἐνεργείᾳ

268 5075 474 5145 γράφει
495 5074 682 5127 πάλινο
715 5066 783 5144 ’ᾮ
812 5073 930 5140 μὲν
961 5072 1059 5125 διὰ
1090 5072 1198 5125 τοῦ
1231 5074 1582 5141 Πνεύματος
1621 5073 1855 5127 δίδοται

264 5171 452 5236 λόγος
475 5166 718 5233 σοφίας,
742 5158 790 5231 ᾧ
819 5164 887 5217 δὲ
905 5165 1092 5233 λόγος
1116 5165 1393 5232 γνώσεως
1426 5163 1580 5217 κατὰ
1606 5165 1674 5218 τὸ
1706 5166 1852 5219 αὐτὸ

266 5260 534 5329 Πνεῦμα,
560 5257 729 5321 ἄλλῳ
759 5256 827 5309 δὲ
868 5257 1076 5320 πίστις
1112 5256 1182 5309 ἐν
1209 5254 1289 5320 τῷ
1332 5255 1493 5320 αὐτῷ
1532 5258 1854 5324 Πνεύματι·

265 5352 436 5416 ἄλλῳ
457 5349 528 5403 δὲ
559 5347 900 5417 χαρίσματα
931 5346 1195 5414 ἰαμάτων
1211 5346 1282 5399 ἐν
1299 5344 1379 5410 τῷ
1414 5347 1506 5399 ἐνὶ
1532 5349 1854 5416 Πνεύματι·

264 5447 436 5511 ἄλλῳ
466 5442 535 5495 δὲ
556 5442 702 5509 γένη
730 5439 1057 5511 γλωσσῶν.
1083 5437 1278 5493 Ταῦτα
1315 5438 1385 5491 δὲ
1397 5439 1599 5493 πάντα
1627 5440 1866 5510 ἐνεργεῖ

264 5539 332 5591 τὸ
360 5537 433 5591 ἐν
464 5534 563 5589 καὶ
593 5533 662 5587 τὸ
682 5533 829 5588 αὐτὸ
854 5531 1120 5602 Πνεῦμα,
1162 5530 1434 5600 διαιροῦν
1462 5531 1582 5599 Idle:
1597 5532 1859 5599 ἑκάστῳ,

270 5632 472 5695 καθὼς
496 5628 817 5693 βούλεται.
859 5624 1003 5679 Ἀλλ’
1032 5624 1213 5691 εἰδὼς,
1247 5626 1331 5679 ὅτι
1368 5627 1431 5678 τὸ
1456 5624 1686 5695 Πνεῦμα
1720 5626 1858 5689 Θεός

263 5728 434 5783 ἐστιν,
452 5725 506 5773 ὲν
533 5723 598 5791 τῇ
626 5720 763 5789 αὐτῇ
780 5719 943 5771 πάλιν
959 5716 1254 5789 Ἐπιστολῇ
1280 5736 1446 5789 φησιν
1466 5718 1720 5785 ’Καὶοῦς
1736 5719 1852 5789 μὲν

338 5906 350 5932 ¹
385 5906 508 5958 Act.
564 5919 694 5969 xm,
734 5903 824 5957 28.
905 5907 923 5935 ’
949 5903 1108 5959 Juan.
1145 5916 1218 5969 Vt,
1250 5901 1337 5958 (ii.
1418 5905 1434 5934 ³
1470 5903 1614 5959 Ps;d.
1677 5917 1866 5956 ομιτς]

1984 5900 2135 5956 ἹαΙΟ.
2215 5900 2234 5929 ⁵
2289 5898 2305 5953 Ι
2346 5898 2468 5955 Cur.
2504 5914 2602 5966 xu,
2634 5899 2685 5952 3.

2610 4789 2689 4843 Ex
2708 4789 2910 4845 eadem.

2038 4891 2351 4944 Divinorum
2389 4904 2678 4942 munerum
2716 4884 3136 4940 distributiones
3182 4883 3378 4935 beatus
3410 4879 3554 4934 Pau-

1922 5024 1923 5027 η
1966 4985 2050 5037 Ius
2077 4983 2250 5036 sancti
2277 4982 2514 5050 Spiritus
2542 4980 2825 5034 ascribcns
2857 4977 3057 5032 actioni
3093 4992 3107 5027 :
3164 4974 3312 5038 Alii,
3355 4973 3553 5043 inquit,

1961 5092 2052 5143 per
2075 5073 2332 5142 Spiritum
2367 5075 2526 5126 datur
2549 5087 2720 5127 s-rmo
2753 5071 3049 5139 sapientiae,
3081 5069 3177 5122 alii
3201 5077 3380 5121 autem
3435 5083 3553 5121 ser-

1964 5184 2047 5220 mo
2073 5169 2303 5221 scientiae
2336 5166 2624 5220 secundum
2664 5164 2903 5218 eumdem
2927 5160 3184 5226 Spiritum
3213 5175 3232 5223 ;
3263 5160 3356 5213 alii
3418 5158 3551 5227 ﬁdes

1959 5259 2014 5311 in
2043 5261 2222 5312 eodem
2249 5257 2484 5325 Spiritu;
2518 5256 2611 5311 alii
2644 5257 2826 5328 gratia
2850 5255 3143 5308 sanitatum
3188 5254 3244 5306 in
3279 5269 3383 5306 uno
3432 5251 3551 5318 Spi-

1958 5351 2061 5403 ritu
2088 5370 2106 5416 ;
2143 5352 2239 5405 alii
2270 5367 2461 5421 genera
2491 5352 2819 5419 linguarum.
2858 5346 2990 5403 Hazc
3011 5357 3187 5401 autem
3215 5347 3395 5398 omnia
3423 5356 3549 5409 ope-

1957 5454 2114 5496 ratur
2168 5459 2304 5496 unus
2340 5452 2497 5511 atque
2525 5443 2663 5496 idem
2719 5441 2975 5513 Spiritus,
3010 5441 3243 5495 dividens
3266 5436 3546 5506 sigillatim

1956 5538 2266 5607 unicuique,
2296 5544 2454 5604 prout
2489 5534 2599 5591 uult
2625 5536 2671 5592 ⁸.
2705 5536 2850 5591 Idem
2876 5533 3174 5604 Apostolus
3202 5545 3328 5586 cum
3374 5527 3545 5583 sciret

1958 5630 2219 5695 Spiritum
2252 5643 2376 5685 esse
2412 5627 2604 5695 Deum,
2646 5632 2698 5683 in
2740 5630 2928 5684 eadem
2968 5624 3210 5697 Epistula
3252 5640 3267 5676 :
3302 5622 3371 5677 Et
3408 5621 3544 5674 alios

1957 5721 2189 5789 quidem,
2230 5719 2425 5788 inquit,
2473 5719 2681 5789 Deusiin
2715 5718 2956 5772 Ecclesia
2986 5713 3277 5777 constituit,
3316 5714 3542 5781 primum

2785 5896 2805 5927 '
2836 5895 2972 5953 ibid.
3017 5897 3159 5957 8-H.
