  <div class='ocr_page' id='page_1' title='image "/cluster/home/n/w/nwhite01/storage/ocr_20150623/130:no.3/coo.31924054870351/441.png"; bbox 0 0 4082 6378; ppageno 0'>
   <div class='ocr_carea' id='block_1_1' title="bbox 505 382 615 448">
    <p class='ocr_par' dir='ltr' id='par_1_1' title="bbox 505 382 615 448">
     <span class='ocr_line' id='line_1_1' title="bbox 505 382 615 448; baseline 0.009 -1"><span class='ocrx_word' id='word_1_1' title='bbox 505 382 615 448; x_wconf 81' lang='lat'><strong>863</strong></span> 
     </span>
    </p>
   </div>
   <div class='ocr_carea' id='block_1_2' title="bbox 1737 387 2550 450">
    <p class='ocr_par' dir='ltr' id='par_1_2' title="bbox 1737 387 2550 450">
     <span class='ocr_line' id='line_1_2' title="bbox 1737 387 2550 450; baseline -0.001 0"><span class='ocrx_word' id='word_1_2' title='bbox 1737 387 2125 450; x_wconf 81' lang='lat' dir='ltr'><strong>EUTHYMII</strong></span> <span class='ocrx_word' id='word_1_3' title='bbox 2165 387 2550 449; x_wconf 81' lang='lat' dir='ltr'><strong>ZIGABENI.</strong></span> 
     </span>
    </p>
   </div>
   <div class='ocr_carea' id='block_1_3' title="bbox 2346 141 2374 177">
    <p class='ocr_par' dir='ltr' id='par_1_3' title="bbox 2346 141 2374 177">
     <span class='ocr_line' id='line_1_3' title="bbox 2346 141 2374 177; baseline 0 0"><span class='ocrx_word' id='word_1_4' title='bbox 2346 141 2374 177; x_wconf 68' lang='grc' dir='ltr'><em>Ι</em></span> 
     </span>
    </p>
   </div>
   <div class='ocr_carea' id='block_1_4' title="bbox 3681 383 3790 446">
    <p class='ocr_par' dir='ltr' id='par_1_4' title="bbox 3681 383 3790 446">
     <span class='ocr_line' id='line_1_4' title="bbox 3681 383 3790 446; baseline 0 -2"><span class='ocrx_word' id='word_1_5' title='bbox 3681 383 3790 446; x_wconf 66' lang='lat' dir='ltr'><strong>8M</strong></span> 
     </span>
    </p>
   </div>
   <div class='ocr_carea' id='block_1_5' title="bbox 508 491 2107 566">
    <p class='ocr_par' dir='ltr' id='par_1_5' title="bbox 508 497 2095 566">
     <span class='ocr_line' id='line_1_5' title="bbox 508 497 2095 566; baseline 0.004 -20"><span class='ocrx_word' id='word_1_6' title='bbox 508 497 795 564; x_wconf 76' lang='lat' dir='ltr'><strong>apostolos,</strong></span> <span class='ocrx_word' id='word_1_7' title='bbox 835 497 1022 552; x_wconf 82' lang='lat' dir='ltr'><strong>deinde</strong></span> <span class='ocrx_word' id='word_1_8' title='bbox 1049 499 1351 566; x_wconf 77' lang='lat' dir='ltr'><strong>prophetas,</strong></span> <span class='ocrx_word' id='word_1_9' title='bbox 1391 500 1544 553; x_wconf 85' lang='lat' dir='ltr'><strong>tertio</strong></span> <span class='ocrx_word' id='word_1_10' title='bbox 1593 501 1860 565; x_wconf 73' lang='lat' dir='ltr'><strong>doctores,</strong></span> <span class='ocrx_word' id='word_1_11' title='bbox 1906 500 2095 553; x_wconf 82' lang='lat' dir='ltr'><strong>deinde</strong></span> 
     </span>
    </p>
   </div>
   <div class='ocr_carea' id='block_1_6' title="bbox 2212 491 3788 566">
    <p class='ocr_par' dir='ltr' id='par_1_6' title="bbox 2212 491 3788 564">
     <span class='ocr_line' id='line_1_6' title="bbox 2212 491 3788 564; baseline -0.003 -14"><span class='ocrx_word' id='word_1_12' title='bbox 2212 498 2368 552; x_wconf 70' lang='grc' dir='ltr'>ἔθετο</span> <span class='ocrx_word' id='word_1_13' title='bbox 2398 499 2430 550; x_wconf 86' lang='grc' dir='ltr'><em>ὁ</em></span> <span class='ocrx_word' id='word_1_14' title='bbox 2453 497 2601 564; x_wconf 82' lang='grc' dir='ltr'><strong>Θεὸς</strong></span> <span class='ocrx_word' id='word_1_15' title='bbox 2635 495 2705 549; x_wconf 81' lang='grc' dir='ltr'><strong>ἐν</strong></span> <span class='ocrx_word' id='word_1_16' title='bbox 2739 493 2812 564; x_wconf 78' lang='grc' dir='ltr'><strong>τῇ</strong></span> <span class='ocrx_word' id='word_1_17' title='bbox 2857 493 3193 561; x_wconf 71' lang='grc' dir='ltr'>Ἐκκλησία</span> <span class='ocrx_word' id='word_1_18' title='bbox 3220 491 3460 560; x_wconf 83' lang='grc' dir='ltr'>πρῶτον</span> <span class='ocrx_word' id='word_1_19' title='bbox 3520 493 3788 547; x_wconf 82' lang='grc' dir='ltr'><strong>ἀποστό-</strong></span> 
     </span>
    </p>
   </div>
   <div class='ocr_carea' id='block_1_7' title="bbox 507 586 2094 661">
    <p class='ocr_par' dir='ltr' id='par_1_7' title="bbox 507 586 2094 661">
     <span class='ocr_line' id='line_1_7' title="bbox 507 586 2094 661; baseline 0.001 -20"><span class='ocrx_word' id='word_1_20' title='bbox 507 586 747 654; x_wconf 77' lang='lat' dir='ltr'><strong>tn&#39;rtutes,</strong></span> <span class='ocrx_word' id='word_1_21' title='bbox 805 600 984 653; x_wconf 75' lang='lat' dir='ltr'><strong>postea</strong></span> <span class='ocrx_word' id='word_1_22' title='bbox 1041 592 1242 660; x_wconf 78' lang='lat' dir='ltr'><strong>gratias</strong></span> <span class='ocrx_word' id='word_1_23' title='bbox 1285 593 1639 658; x_wconf 76' lang='lat' dir='ltr'><strong>curationum,</strong></span> <span class='ocrx_word' id='word_1_24' title='bbox 1699 591 2094 661; x_wconf 78' lang='lat' dir='ltr'><strong>opitulationes,</strong></span> 
     </span>
    </p>
   </div>
   <div class='ocr_carea' id='block_1_8' title="bbox 509 681 2098 754">
    <p class='ocr_par' dir='ltr' id='par_1_8' title="bbox 509 681 2098 754">
     <span class='ocr_line' id='line_1_8' title="bbox 509 681 2098 754; baseline 0 -18"><span class='ocrx_word' id='word_1_25' title='bbox 509 681 934 752; x_wconf 77' lang='lat' dir='ltr'><strong>gubernatioues,</strong></span> <span class='ocrx_word' id='word_1_26' title='bbox 962 699 1154 749; x_wconf 83' lang='lat' dir='ltr'><strong>genera</strong></span> <span class='ocrx_word' id='word_1_27' title='bbox 1208 683 1513 754; x_wconf 79' lang='lat' dir='ltr'><strong>linguarum</strong></span> <span class='ocrx_word' id='word_1_28' title='bbox 1558 686 1598 740; x_wconf 78' lang='grc'><strong>⁸.</strong></span> <span class='ocrx_word' id='word_1_29' title='bbox 1635 685 1772 751; x_wconf 82' lang='lat' dir='ltr'><strong>Quid</strong></span> <span class='ocrx_word' id='word_1_30' title='bbox 1806 684 1972 754; x_wconf 81' lang='lat' dir='ltr'><strong>igitur</strong></span> <span class='ocrx_word' id='word_1_31' title='bbox 1994 685 2098 737; x_wconf 80' lang='lat' dir='ltr'><strong>du-</strong></span> 
     </span>
    </p>
   </div>
   <div class='ocr_carea' id='block_1_9' title="bbox 509 775 2098 845">
    <p class='ocr_par' dir='ltr' id='par_1_9' title="bbox 509 775 2098 845">
     <span class='ocr_line' id='line_1_9' title="bbox 509 775 2098 845; baseline -0.001 -17"><span class='ocrx_word' id='word_1_32' title='bbox 509 775 704 839; x_wconf 80' lang='lat' dir='ltr'><strong>bitant,</strong></span> <span class='ocrx_word' id='word_1_33' title='bbox 736 790 805 827; x_wconf 90' lang='lat' dir='ltr'><strong>an</strong></span> <span class='ocrx_word' id='word_1_34' title='bbox 837 775 1077 841; x_wconf 87' lang='lat' dir='ltr'><strong>Spiritus</strong></span> <span class='ocrx_word' id='word_1_35' title='bbox 1113 775 1186 829; x_wconf 77' lang='lat' dir='ltr'><strong>sit</strong></span> <span class='ocrx_word' id='word_1_36' title='bbox 1224 777 1364 829; x_wconf 89' lang='lat' dir='ltr'><strong>Deus</strong></span> <span class='ocrx_word' id='word_1_37' title='bbox 1393 791 1490 845; x_wconf 91' lang='lat' dir='ltr'><strong>per</strong></span> <span class='ocrx_word' id='word_1_38' title='bbox 1509 777 1828 842; x_wconf 74' lang='lat' dir='ltr'><strong>essentiam,</strong></span> <span class='ocrx_word' id='word_1_39' title='bbox 1857 778 1948 845; x_wconf 86' lang='lat' dir='ltr'><strong>qui</strong></span> <span class='ocrx_word' id='word_1_40' title='bbox 2005 789 2098 830; x_wconf 80' lang='lat' dir='ltr'><strong>so-</strong></span> 
     </span>
    </p>
   </div>
   <div class='ocr_carea' id='block_1_10' title="bbox 509 866 2097 938">
    <p class='ocr_par' dir='ltr' id='par_1_10' title="bbox 509 866 2097 938">
     <span class='ocr_line' id='line_1_10' title="bbox 509 866 2097 938; baseline -0.003 -18"><span class='ocrx_word' id='word_1_41' title='bbox 509 867 619 920; x_wconf 91' lang='lat' dir='ltr'><strong>lum</strong></span> <span class='ocrx_word' id='word_1_42' title='bbox 655 867 720 918; x_wconf 88' lang='lat' dir='ltr'><strong>ad</strong></span> <span class='ocrx_word' id='word_1_43' title='bbox 749 866 1194 920; x_wconf 60' lang='lat' dir='ltr'><strong>calumniantium</strong></span> <span class='ocrx_word' id='word_1_44' title='bbox 1247 875 1371 922; x_wconf 91' lang='lat' dir='ltr'><strong>sunt</strong></span> <span class='ocrx_word' id='word_1_45' title='bbox 1404 867 1757 938; x_wconf 90' lang='lat' dir='ltr'><strong>paratissimi,</strong></span> <span class='ocrx_word' id='word_1_46' title='bbox 1789 881 1911 920; x_wconf 90' lang='lat' dir='ltr'><strong>cum</strong></span> <span class='ocrx_word' id='word_1_47' title='bbox 1949 866 2097 917; x_wconf 84' lang='lat' dir='ltr'><strong>Pau-</strong></span> 
     </span>
    </p>
   </div>
   <div class='ocr_carea' id='block_1_11' title="bbox 507 957 2086 1029">
    <p class='ocr_par' dir='ltr' id='par_1_11' title="bbox 507 957 2086 1029">
     <span class='ocr_line' id='line_1_11' title="bbox 507 957 2086 1029; baseline -0.001 -19"><span class='ocrx_word' id='word_1_48' title='bbox 507 959 592 1011; x_wconf 90' lang='lat' dir='ltr'><strong>lus</strong></span> <span class='ocrx_word' id='word_1_49' title='bbox 627 959 968 1026; x_wconf 85' lang='lat' dir='ltr'><strong>apertissime</strong></span> <span class='ocrx_word' id='word_1_50' title='bbox 996 958 1163 1022; x_wconf 81' lang='lat' dir='ltr'><strong>dicat,</strong></span> <span class='ocrx_word' id='word_1_51' title='bbox 1203 957 1467 1028; x_wconf 85' lang='lat' dir='ltr'><strong>Spiritum</strong></span> <span class='ocrx_word' id='word_1_52' title='bbox 1494 974 1616 1014; x_wconf 89' lang='lat' dir='ltr'><strong>esse</strong></span> <span class='ocrx_word' id='word_1_53' title='bbox 1653 960 1743 1029; x_wconf 86' lang='lat' dir='ltr'><strong>qui</strong></span> <span class='ocrx_word' id='word_1_54' title='bbox 1785 959 2086 1026; x_wconf 77' lang='lat' dir='ltr'><strong>gratiarum</strong></span> 
     </span>
    </p>
   </div>
   <div class='ocr_carea' id='block_1_12' title="bbox 507 1049 2098 1118">
    <p class='ocr_par' dir='ltr' id='par_1_12' title="bbox 507 1049 2098 1118">
     <span class='ocr_line' id='line_1_12' title="bbox 507 1049 2098 1118; baseline 0.003 -19"><span class='ocrx_word' id='word_1_55' title='bbox 507 1064 708 1117; x_wconf 80' lang='lat' dir='ltr'><strong>genera</strong></span> <span class='ocrx_word' id='word_1_56' title='bbox 741 1049 968 1116; x_wconf 79' lang='lat' dir='ltr'><strong>dividat,</strong></span> <span class='ocrx_word' id='word_1_57' title='bbox 1000 1051 1458 1118; x_wconf 86' lang='lat' dir='ltr'><strong>quemadmodum</strong></span> <span class='ocrx_word' id='word_1_58' title='bbox 1501 1054 1651 1116; x_wconf 83' lang='lat' dir='ltr'><strong>vult,</strong></span> <span class='ocrx_word' id='word_1_59' title='bbox 1712 1051 1911 1105; x_wconf 90' lang='lat' dir='ltr'><strong>deinde</strong></span> <span class='ocrx_word' id='word_1_60' title='bbox 1969 1064 2098 1103; x_wconf 80' lang='lat' dir='ltr'><strong>vero</strong></span> 
     </span>
    </p>
   </div>
   <div class='ocr_carea' id='block_1_13' title="bbox 505 1141 2102 1213">
    <p class='ocr_par' dir='ltr' id='par_1_13' title="bbox 505 1141 2102 1213">
     <span class='ocr_line' id='line_1_13' title="bbox 505 1141 2102 1213; baseline 0.001 -19"><span class='ocrx_word' id='word_1_61' title='bbox 505 1141 764 1210; x_wconf 74' lang='lat' dir='ltr'><strong>subjiciat</strong></span> <span class='ocrx_word' id='word_1_62' title='bbox 791 1141 958 1196; x_wconf 90' lang='lat' dir='ltr'><strong>Deum</strong></span> <span class='ocrx_word' id='word_1_63' title='bbox 991 1158 1136 1207; x_wconf 83' lang='lat' dir='ltr'><strong>esse,</strong></span> <span class='ocrx_word' id='word_1_64' title='bbox 1163 1145 1252 1213; x_wconf 86' lang='lat' dir='ltr'><strong>qui</strong></span> <span class='ocrx_word' id='word_1_65' title='bbox 1288 1147 1340 1198; x_wconf 83' lang='lat' dir='ltr'><strong>in</strong></span> <span class='ocrx_word' id='word_1_66' title='bbox 1381 1145 1634 1199; x_wconf 88' lang='lat' dir='ltr'><strong>ecclesiis</strong></span> <span class='ocrx_word' id='word_1_67' title='bbox 1667 1146 1784 1199; x_wconf 63' lang='lat' dir='ltr'><strong>hac</strong></span> <span class='ocrx_word' id='word_1_68' title='bbox 1811 1144 1926 1212; x_wconf 84' lang='lat' dir='ltr'><strong>ipsa</strong></span> <span class='ocrx_word' id='word_1_69' title='bbox 1983 1143 2102 1196; x_wconf 87' lang='lat' dir='ltr'><strong>dis-</strong></span> 
     </span>
    </p>
   </div>
   <div class='ocr_carea' id='block_1_14' title="bbox 512 1232 2099 1306">
    <p class='ocr_par' dir='ltr' id='par_1_14' title="bbox 512 1232 2099 1306">
     <span class='ocr_line' id='line_1_14' title="bbox 512 1232 2099 1306; baseline 0 -20"><span class='ocrx_word' id='word_1_70' title='bbox 512 1235 753 1288; x_wconf 86' lang='lat' dir='ltr'><strong>tribuat?</strong></span> <span class='ocrx_word' id='word_1_71' title='bbox 784 1232 975 1289; x_wconf 85' lang='lat' dir='ltr'><strong>Nonne</strong></span> <span class='ocrx_word' id='word_1_72' title='bbox 1003 1245 1186 1289; x_wconf 89' lang='lat' dir='ltr'><strong>autem</strong></span> <span class='ocrx_word' id='word_1_73' title='bbox 1211 1238 1506 1291; x_wconf 85' lang='lat' dir='ltr'><strong>absurdum</strong></span> <span class='ocrx_word' id='word_1_74' title='bbox 1549 1245 1652 1301; x_wconf 86' lang='lat' dir='ltr'><strong>est,</strong></span> <span class='ocrx_word' id='word_1_75' title='bbox 1679 1251 1772 1290; x_wconf 89' lang='lat' dir='ltr'><strong>eos</strong></span> <span class='ocrx_word' id='word_1_76' title='bbox 1827 1237 1918 1306; x_wconf 88' lang='lat' dir='ltr'><strong>qui</strong></span> <span class='ocrx_word' id='word_1_77' title='bbox 1951 1245 2099 1289; x_wconf 89' lang='lat' dir='ltr'><strong>recte</strong></span> 
     </span>
    </p>
   </div>
   <div class='ocr_carea' id='block_1_15' title="bbox 507 1325 2092 1392">
    <p class='ocr_par' dir='ltr' id='par_1_15' title="bbox 507 1325 2092 1392">
     <span class='ocr_line' id='line_1_15' title="bbox 507 1325 2092 1392; baseline 0.002 -17"><span class='ocrx_word' id='word_1_78' title='bbox 507 1326 698 1380; x_wconf 64' lang='lat' dir='ltr'><strong>volunt</strong></span> <span class='ocrx_word' id='word_1_79' title='bbox 718 1327 942 1392; x_wconf 89' lang='lat' dir='ltr'><strong>sentire,</strong></span> <span class='ocrx_word' id='word_1_80' title='bbox 980 1341 1084 1380; x_wconf 90' lang='lat' dir='ltr'><strong>non</strong></span> <span class='ocrx_word' id='word_1_81' title='bbox 1115 1327 1264 1380; x_wconf 86' lang='lat' dir='ltr'><strong>Pauli</strong></span> <span class='ocrx_word' id='word_1_82' title='bbox 1289 1329 1496 1392; x_wconf 82' lang='lat' dir='ltr'><strong>verbis,</strong></span> <span class='ocrx_word' id='word_1_83' title='bbox 1524 1329 1618 1384; x_wconf 89' lang='lat' dir='ltr'><strong>sed</strong></span> <span class='ocrx_word' id='word_1_84' title='bbox 1641 1327 1826 1383; x_wconf 86' lang='lat' dir='ltr'><strong>stultis</strong></span> <span class='ocrx_word' id='word_1_85' title='bbox 1857 1325 2092 1380; x_wconf 90' lang='lat' dir='ltr'><strong>aliorum</strong></span> 
     </span>
    </p>
   </div>
   <div class='ocr_carea' id='block_1_16' title="bbox 507 1417 2096 1492">
    <p class='ocr_par' dir='ltr' id='par_1_16' title="bbox 507 1417 2096 1492">
     <span class='ocr_line' id='line_1_16' title="bbox 507 1417 2096 1492; baseline -0.001 -20"><span class='ocrx_word' id='word_1_86' title='bbox 507 1417 672 1472; x_wconf 86' lang='lat' dir='ltr'><strong>dictis</strong></span> <span class='ocrx_word' id='word_1_87' title='bbox 706 1420 990 1474; x_wconf 85' lang='lat' dir='ltr'><strong>attendere</strong></span> <span class='ocrx_word' id='word_1_88' title='bbox 1011 1419 1188 1476; x_wconf 84' lang='lat' dir='ltr'><strong>&#39;lDeus</strong></span> <span class='ocrx_word' id='word_1_89' title='bbox 1211 1436 1342 1492; x_wconf 72' lang='lat' dir='ltr'><strong>ergo</strong></span> <span class='ocrx_word' id='word_1_90' title='bbox 1376 1419 1611 1492; x_wconf 83' lang='lat' dir='ltr'><strong>Spiritus</strong></span> <span class='ocrx_word' id='word_1_91' title='bbox 1631 1430 1734 1488; x_wconf 86' lang='lat' dir='ltr'><strong>est,</strong></span> <span class='ocrx_word' id='word_1_92' title='bbox 1766 1421 1891 1476; x_wconf 89' lang='lat' dir='ltr'><strong>licet</strong></span> <span class='ocrx_word' id='word_1_93' title='bbox 1911 1434 2096 1472; x_wconf 84' lang='lat' dir='ltr'><strong>amen-</strong></span> 
     </span>
    </p>
   </div>
   <div class='ocr_carea' id='block_1_17' title="bbox 513 1509 1100 1568">
    <p class='ocr_par' dir='ltr' id='par_1_17' title="bbox 513 1509 1100 1568">
     <span class='ocr_line' id='line_1_17' title="bbox 513 1509 1100 1568; baseline 0.01 -6"><span class='ocrx_word' id='word_1_94' title='bbox 513 1521 596 1566; x_wconf 89' lang='lat' dir='ltr'><strong>tes</strong></span> <span class='ocrx_word' id='word_1_95' title='bbox 629 1509 878 1568; x_wconf 86' lang='lat' dir='ltr'><strong>homines</strong></span> <span class='ocrx_word' id='word_1_96' title='bbox 905 1512 1100 1568; x_wconf 90' lang='lat' dir='ltr'><strong>nolint.</strong></span> 
     </span>
    </p>
   </div>
   <div class='ocr_carea' id='block_1_18' title="bbox 1152 1783 1457 1840">
    <p class='ocr_par' dir='ltr' id='par_1_18' title="bbox 1152 1783 1457 1840">
     <span class='ocr_line' id='line_1_18' title="bbox 1152 1783 1457 1840; baseline 0.01 -3"><span class='ocrx_word' id='word_1_97' title='bbox 1152 1783 1239 1838; x_wconf 77' lang='lat' dir='ltr'><strong>Ex</strong></span> <span class='ocrx_word' id='word_1_98' title='bbox 1256 1786 1457 1840; x_wconf 72' lang='lat' dir='ltr'><strong>eadem.</strong></span> 
     </span>
    </p>
   </div>
   <div class='ocr_carea' id='block_1_19' title="bbox 580 1874 2098 1948">
    <p class='ocr_par' dir='ltr' id='par_1_19' title="bbox 580 1874 2098 1948">
     <span class='ocr_line' id='line_1_19' title="bbox 580 1874 2098 1948; baseline 0.003 -20"><span class='ocrx_word' id='word_1_99' title='bbox 580 1874 780 1929; x_wconf 86' lang='lat' dir='ltr'><strong>Scribit</strong></span> <span class='ocrx_word' id='word_1_100' title='bbox 805 1890 996 1931; x_wconf 88' lang='lat' dir='ltr'><strong>rursus</strong></span> <span class='ocrx_word' id='word_1_101' title='bbox 1033 1876 1174 1930; x_wconf 91' lang='lat' dir='ltr'><strong>idem</strong></span> <span class='ocrx_word' id='word_1_102' title='bbox 1198 1879 1489 1946; x_wconf 72' lang='lat' dir='ltr'><strong>Aposwlus</strong></span> <span class='ocrx_word' id='word_1_103' title='bbox 1519 1895 1535 1936; x_wconf 85' lang='lat'><strong>:</strong></span> <span class='ocrx_word' id='word_1_104' title='bbox 1572 1876 1632 1931; x_wconf 91' lang='lat' dir='ltr'><strong>Si</strong></span> <span class='ocrx_word' id='word_1_105' title='bbox 1673 1893 1788 1942; x_wconf 75' lang='lat' dir='ltr'><strong>nos,</strong></span> <span class='ocrx_word' id='word_1_106' title='bbox 1823 1877 2098 1948; x_wconf 83' lang='lat' dir='ltr'><strong>inquiens,</strong></span> 
     </span>
    </p>
   </div>
   <div class='ocr_carea' id='block_1_20' title="bbox 508 1967 2106 2040">
    <p class='ocr_par' dir='ltr' id='par_1_20' title="bbox 508 1967 2106 2040">
     <span class='ocr_line' id='line_1_20' title="bbox 508 1967 2106 2040; baseline 0.002 -20"><span class='ocrx_word' id='word_1_107' title='bbox 508 1967 650 2020; x_wconf 71' lang='lat' dir='ltr'><strong>vobis</strong></span> <span class='ocrx_word' id='word_1_108' title='bbox 677 1968 976 2034; x_wconf 72' lang='lat' dir='ltr'><strong>spiritualia</strong></span> <span class='ocrx_word' id='word_1_109' title='bbox 1011 1968 1410 2032; x_wconf 80' lang='lat' dir='ltr'><strong>seminavimus,</strong></span> <span class='ocrx_word' id='word_1_110' title='bbox 1442 1987 1694 2040; x_wconf 77' lang='lat' dir='ltr'><strong>magnum</strong></span> <span class='ocrx_word' id='word_1_111' title='bbox 1740 1979 1840 2034; x_wconf 78' lang='lat' dir='ltr'><strong>est,</strong></span> <span class='ocrx_word' id='word_1_112' title='bbox 1871 1973 1916 2024; x_wconf 73' lang='lat' dir='ltr'><strong>si</strong></span> <span class='ocrx_word' id='word_1_113' title='bbox 1977 1987 2106 2023; x_wconf 86' lang='lat' dir='ltr'><strong>car-</strong></span> 
     </span>
    </p>
   </div>
   <div class='ocr_carea' id='block_1_21' title="bbox 507 2058 2103 2134">
    <p class='ocr_par' dir='ltr' id='par_1_21' title="bbox 507 2058 2103 2134">
     <span class='ocr_line' id='line_1_21' title="bbox 507 2058 2103 2134; baseline 0.004 -24"><span class='ocrx_word' id='word_1_114' title='bbox 507 2058 656 2113; x_wconf 66' lang='lat' dir='ltr'><strong>nalia</strong></span> <span class='ocrx_word' id='word_1_115' title='bbox 687 2069 859 2114; x_wconf 71' lang='lat' dir='ltr'><strong>uestra</strong></span> <span class='ocrx_word' id='word_1_116' title='bbox 880 2069 1140 2114; x_wconf 76' lang='lat' dir='ltr'><strong>metamus</strong></span> <span class='ocrx_word' id='word_1_117' title='bbox 1174 2063 1195 2093; x_wconf 77' lang='lat'>&#39;</span> <span class='ocrx_word' id='word_1_118' title='bbox 1228 2061 1575 2130; x_wconf 84' lang='lat' dir='ltr'><strong>?spiritualia</strong></span> <span class='ocrx_word' id='word_1_119' title='bbox 1623 2064 1878 2116; x_wconf 90' lang='lat' dir='ltr'><strong>nimirum</strong></span> <span class='ocrx_word' id='word_1_120' title='bbox 1911 2063 2103 2134; x_wconf 83' lang='lat' dir='ltr'><strong>appel-</strong></span> 
     </span>
    </p>
   </div>
   <div class='ocr_carea' id='block_1_22' title="bbox 507 2149 2102 2221">
    <p class='ocr_par' dir='ltr' id='par_1_22' title="bbox 507 2149 2102 2221">
     <span class='ocr_line' id='line_1_22' title="bbox 507 2149 2102 2221; baseline 0.003 -19"><span class='ocrx_word' id='word_1_121' title='bbox 507 2150 581 2202; x_wconf 81' lang='lat' dir='ltr'><strong>lat</strong></span> <span class='ocrx_word' id='word_1_122' title='bbox 608 2149 814 2214; x_wconf 80' lang='lat' dir='ltr'><strong>divina,</strong></span> <span class='ocrx_word' id='word_1_123' title='bbox 838 2151 980 2204; x_wconf 83' lang='lat' dir='ltr'><strong>sicut</strong></span> <span class='ocrx_word' id='word_1_124' title='bbox 1009 2151 1268 2205; x_wconf 82' lang='lat' dir='ltr'><strong>carnalia.</strong></span> <span class='ocrx_word' id='word_1_125' title='bbox 1306 2167 1426 2218; x_wconf 67' lang='lat' dir='ltr'><strong>qua“:</strong></span> <span class='ocrx_word' id='word_1_126' title='bbox 1457 2153 1523 2204; x_wconf 86' lang='lat' dir='ltr'><strong>ad</strong></span> <span class='ocrx_word' id='word_1_127' title='bbox 1549 2167 1768 2206; x_wconf 84' lang='lat' dir='ltr'><strong>carnem</strong></span> <span class='ocrx_word' id='word_1_128' title='bbox 1799 2153 2102 2221; x_wconf 88' lang='lat' dir='ltr'><strong>pertinent.</strong></span> 
     </span>
    </p>
   </div>
   <div class='ocr_carea' id='block_1_23' title="bbox 509 2240 2106 2314">
    <p class='ocr_par' dir='ltr' id='par_1_23' title="bbox 509 2240 2106 2314">
     <span class='ocr_line' id='line_1_23' title="bbox 509 2240 2106 2314; baseline 0.004 -20"><span class='ocrx_word' id='word_1_129' title='bbox 509 2240 876 2307; x_wconf 84' lang='lat' dir='ltr'><strong>Quamobrem</strong></span> <span class='ocrx_word' id='word_1_130' title='bbox 904 2243 951 2297; x_wconf 89' lang='lat' dir='ltr'><strong>si</strong></span> <span class='ocrx_word' id='word_1_131' title='bbox 977 2242 1184 2309; x_wconf 80' lang='lat' dir='ltr'><strong>divina,</strong></span> <span class='ocrx_word' id='word_1_132' title='bbox 1230 2245 1330 2298; x_wconf 92' lang='lat' dir='ltr'><strong>hoc</strong></span> <span class='ocrx_word' id='word_1_133' title='bbox 1360 2253 1461 2303; x_wconf 87' lang='lat' dir='ltr'><strong>e-t.</strong></span> <span class='ocrx_word' id='word_1_134' title='bbox 1500 2245 1592 2299; x_wconf 92' lang='lat' dir='ltr'><strong>Dei</strong></span> <span class='ocrx_word' id='word_1_135' title='bbox 1639 2247 1898 2314; x_wconf 86' lang='lat' dir='ltr'><strong>mysteria</strong></span> <span class='ocrx_word' id='word_1_136' title='bbox 1956 2257 2106 2301; x_wconf 82' lang='lat' dir='ltr'><strong>recte</strong></span> 
     </span>
    </p>
   </div>
   <div class='ocr_carea' id='block_1_24' title="bbox 512 2331 2103 2404">
    <p class='ocr_par' dir='ltr' id='par_1_24' title="bbox 512 2331 2103 2404">
     <span class='ocr_line' id='line_1_24' title="bbox 512 2331 2103 2404; baseline 0.004 -22"><span class='ocrx_word' id='word_1_137' title='bbox 512 2331 808 2399; x_wconf 79' lang='lat' dir='ltr'><strong>appellavit</strong></span> <span class='ocrx_word' id='word_1_138' title='bbox 845 2331 1179 2400; x_wconf 85' lang='lat' dir='ltr'><strong>spiritualia,</strong></span> <span class='ocrx_word' id='word_1_139' title='bbox 1217 2333 1357 2387; x_wconf 62' lang='lat' dir='ltr'><strong>Drus</strong></span> <span class='ocrx_word' id='word_1_140' title='bbox 1412 2333 1659 2404; x_wconf 81' lang='lat' dir='ltr'><strong>profecto</strong></span> <span class='ocrx_word' id='word_1_141' title='bbox 1708 2333 1947 2403; x_wconf 83' lang='lat' dir='ltr'><strong>Spiritus</strong></span> <span class='ocrx_word' id='word_1_142' title='bbox 1999 2344 2103 2403; x_wconf 89' lang='lat' dir='ltr'><strong>est,</strong></span> 
     </span>
    </p>
   </div>
   <div class='ocr_carea' id='block_1_25' title="bbox 506 2422 1561 2494">
    <p class='ocr_par' dir='ltr' id='par_1_25' title="bbox 506 2422 1561 2494">
     <span class='ocr_line' id='line_1_25' title="bbox 506 2422 1561 2494; baseline 0.005 -17"><span class='ocrx_word' id='word_1_143' title='bbox 506 2422 665 2493; x_wconf 78' lang='lat' dir='ltr'><strong>cujus</strong></span> <span class='ocrx_word' id='word_1_144' title='bbox 700 2425 956 2494; x_wconf 84' lang='lat' dir='ltr'><strong>mysteria</strong></span> <span class='ocrx_word' id='word_1_145' title='bbox 981 2425 1194 2480; x_wconf 77' lang='lat' dir='ltr'><strong>vocavit</strong></span> <span class='ocrx_word' id='word_1_146' title='bbox 1221 2425 1561 2493; x_wconf 83' lang='lat' dir='ltr'><strong>spiritualia.</strong></span> 
     </span>
    </p>
   </div>
   <div class='ocr_carea' id='block_1_26' title="bbox 975 2605 1638 2678">
    <p class='ocr_par' dir='ltr' id='par_1_26' title="bbox 975 2605 1638 2678">
     <span class='ocr_line' id='line_1_26' title="bbox 975 2605 1638 2678; baseline 0.009 -19"><span class='ocrx_word' id='word_1_147' title='bbox 975 2605 1062 2660; x_wconf 74' lang='lat' dir='ltr'><strong>Ea:</strong></span> <span class='ocrx_word' id='word_1_148' title='bbox 1081 2607 1309 2662; x_wconf 74' lang='lat' dir='ltr'><strong>Joannis</strong></span> <span class='ocrx_word' id='word_1_149' title='bbox 1329 2607 1638 2678; x_wconf 80' lang='lat' dir='ltr'><strong>Evangelia.</strong></span> 
     </span>
    </p>
   </div>
   <div class='ocr_carea' id='block_1_27' title="bbox 579 2697 2110 2771">
    <p class='ocr_par' dir='ltr' id='par_1_27' title="bbox 579 2697 2110 2771">
     <span class='ocr_line' id='line_1_27' title="bbox 579 2697 2110 2771; baseline 0.008 -23"><span class='ocrx_word' id='word_1_150' title='bbox 579 2698 825 2764; x_wconf 76' lang='lat' dir='ltr'><strong>Quodam</strong></span> <span class='ocrx_word' id='word_1_151' title='bbox 853 2697 974 2753; x_wconf 91' lang='lat' dir='ltr'><strong>loco</strong></span> <span class='ocrx_word' id='word_1_152' title='bbox 1009 2700 1075 2753; x_wconf 87' lang='lat' dir='ltr'><strong>de</strong></span> <span class='ocrx_word' id='word_1_153' title='bbox 1101 2700 1284 2769; x_wconf 85' lang='lat' dir='ltr'><strong>seipso</strong></span> <span class='ocrx_word' id='word_1_154' title='bbox 1324 2699 1626 2768; x_wconf 84' lang='lat' dir='ltr'><strong>loquensin</strong></span> <span class='ocrx_word' id='word_1_155' title='bbox 1649 2703 1958 2771; x_wconf 72' lang='lat' dir='ltr'><strong>Evangelii:</strong></span> <span class='ocrx_word' id='word_1_156' title='bbox 1987 2704 2110 2760; x_wconf 89' lang='lat' dir='ltr'><strong>Ser-</strong></span> 
     </span>
    </p>
   </div>
   <div class='ocr_carea' id='block_1_28' title="bbox 511 2786 2107 2858">
    <p class='ocr_par' dir='ltr' id='par_1_28' title="bbox 511 2786 2107 2858">
     <span class='ocr_line' id='line_1_28' title="bbox 511 2786 2107 2858; baseline 0.004 -16"><span class='ocrx_word' id='word_1_157' title='bbox 511 2802 664 2843; x_wconf 76' lang='lat' dir='ltr'><strong>vator</strong></span> <span class='ocrx_word' id='word_1_158' title='bbox 701 2806 714 2842; x_wconf 95' lang='lat'><strong>:</strong></span> <span class='ocrx_word' id='word_1_159' title='bbox 784 2786 918 2858; x_wconf 85' lang='lat' dir='ltr'><strong>Ego,</strong></span> <span class='ocrx_word' id='word_1_160' title='bbox 961 2789 1159 2857; x_wconf 89' lang='lat' dir='ltr'><strong>inquit,</strong></span> <span class='ocrx_word' id='word_1_161' title='bbox 1203 2807 1319 2844; x_wconf 73' lang='lat' dir='ltr'><strong>sum</strong></span> <span class='ocrx_word' id='word_1_162' title='bbox 1367 2793 1562 2846; x_wconf 73' lang='lat' dir='ltr'><strong>ueritas</strong></span> <span class='ocrx_word' id='word_1_163' title='bbox 1598 2793 1640 2850; x_wconf 89' lang='grc'><strong>³.</strong></span> <span class='ocrx_word' id='word_1_164' title='bbox 1675 2793 1872 2850; x_wconf 81' lang='lat' dir='ltr'><strong>Beatus</strong></span> <span class='ocrx_word' id='word_1_165' title='bbox 1925 2805 2107 2850; x_wconf 90' lang='lat' dir='ltr'><strong>autem</strong></span> 
     </span>
    </p>
   </div>
   <div class='ocr_carea' id='block_1_29' title="bbox 509 2878 2108 2958">
    <p class='ocr_par' dir='ltr' id='par_1_29' title="bbox 509 2878 2108 2958">
     <span class='ocr_line' id='line_1_29' title="bbox 509 2878 2108 2958; baseline 0.007 -26"><span class='ocrx_word' id='word_1_166' title='bbox 509 2880 772 2946; x_wconf 82' lang='lat' dir='ltr'><strong>Joannes,</strong></span> <span class='ocrx_word' id='word_1_167' title='bbox 807 2893 874 2934; x_wconf 78' lang='lat' dir='ltr'><strong>ex</strong></span> <span class='ocrx_word' id='word_1_168' title='bbox 921 2878 1104 2933; x_wconf 88' lang='lat' dir='ltr'><strong>Patris</strong></span> <span class='ocrx_word' id='word_1_169' title='bbox 1166 2883 1400 2936; x_wconf 63' lang='lat' dir='ltr'><strong>esst-mia</strong></span> <span class='ocrx_word' id='word_1_170' title='bbox 1451 2895 1615 2953; x_wconf 89' lang='lat' dir='ltr'><strong>atque</strong></span> <span class='ocrx_word' id='word_1_171' title='bbox 1668 2885 1788 2941; x_wconf 81' lang='lat' dir='ltr'><strong>Filii</strong></span> <span class='ocrx_word' id='word_1_172' title='bbox 1847 2887 2108 2958; x_wconf 89' lang='lat' dir='ltr'><strong>Spiritmn</strong></span> 
     </span>
    </p>
   </div>
   <div class='ocr_carea' id='block_1_30' title="bbox 510 2969 2110 3049">
    <p class='ocr_par' dir='ltr' id='par_1_30' title="bbox 510 2969 2110 3049">
     <span class='ocr_line' id='line_1_30' title="bbox 510 2969 2110 3049; baseline 0.007 -27"><span class='ocrx_word' id='word_1_173' title='bbox 510 2987 634 3024; x_wconf 75' lang='lat' dir='ltr'><strong>esse</strong></span> <span class='ocrx_word' id='word_1_174' title='bbox 657 2972 1060 3037; x_wconf 83' lang='lat' dir='ltr'><strong>demonstrans,</strong></span> <span class='ocrx_word' id='word_1_175' title='bbox 1093 2969 1373 3040; x_wconf 83' lang='lat' dir='ltr'><strong>Spiritum,</strong></span> <span class='ocrx_word' id='word_1_176' title='bbox 1415 2973 1614 3043; x_wconf 82' lang='lat' dir='ltr'><strong>inquit,</strong></span> <span class='ocrx_word' id='word_1_177' title='bbox 1646 2978 1912 3044; x_wconf 76' lang='lat' dir='ltr'><strong>veritatis,</strong></span> <span class='ocrx_word' id='word_1_178' title='bbox 1945 2995 2037 3049; x_wconf 82' lang='lat' dir='ltr'><strong>qut</strong></span> <span class='ocrx_word' id='word_1_179' title='bbox 2077 2997 2110 3033; x_wconf 94' lang='lat' dir='ltr'><strong>a</strong></span> 
     </span>
    </p>
   </div>
   <div class='ocr_carea' id='block_1_31' title="bbox 515 3062 2112 3138">
    <p class='ocr_par' dir='ltr' id='par_1_31' title="bbox 515 3062 2112 3138">
     <span class='ocr_line' id='line_1_31' title="bbox 515 3062 2112 3138; baseline 0.008 -23"><span class='ocrx_word' id='word_1_180' title='bbox 515 3063 679 3118; x_wconf 73' lang='grc' dir='ltr'>Ιάινε</span> <span class='ocrx_word' id='word_1_181' title='bbox 704 3064 938 3131; x_wconf 79' lang='lat' dir='ltr'><strong>procedit</strong></span> <span class='ocrx_word' id='word_1_182' title='bbox 965 3065 1006 3119; x_wconf 76' lang='grc'><strong><em>⁵.</em></strong></span> <span class='ocrx_word' id='word_1_183' title='bbox 1034 3062 1092 3118; x_wconf 84' lang='grc' dir='ltr'>1η</span> <span class='ocrx_word' id='word_1_184' title='bbox 1151 3063 1392 3136; x_wconf 87' lang='lat' dir='ltr'><strong>Epistola</strong></span> <span class='ocrx_word' id='word_1_185' title='bbox 1431 3077 1614 3124; x_wconf 88' lang='lat' dir='ltr'><strong>autem</strong></span> <span class='ocrx_word' id='word_1_186' title='bbox 1657 3087 1671 3124; x_wconf 91' lang='lat'><strong>:</strong></span> <span class='ocrx_word' id='word_1_187' title='bbox 1726 3069 1981 3138; x_wconf 76' lang='lat' dir='ltr'><strong>Spiritus,</strong></span> <span class='ocrx_word' id='word_1_188' title='bbox 2025 3073 2112 3127; x_wconf 82' lang='lat' dir='ltr'><strong>in-</strong></span> 
     </span>
    </p>
   </div>
   <div class='ocr_carea' id='block_1_32' title="bbox 2199 584 3788 657">
    <p class='ocr_par' dir='ltr' id='par_1_32' title="bbox 2199 584 3788 657">
     <span class='ocr_line' id='line_1_32' title="bbox 2199 584 3788 657; baseline -0.004 -14"><span class='ocrx_word' id='word_1_189' title='bbox 2199 592 2375 655; x_wconf 75' lang='grc' dir='ltr'>λους,</span> <span class='ocrx_word' id='word_1_190' title='bbox 2402 589 2690 657; x_wconf 82' lang='grc' dir='ltr'>δεύτερον</span> <span class='ocrx_word' id='word_1_191' title='bbox 2717 587 3053 656; x_wconf 71' lang='grc' dir='ltr'>προφήτας,</span> <span class='ocrx_word' id='word_1_192' title='bbox 3107 586 3312 654; x_wconf 83' lang='grc' dir='ltr'>τρίτον</span> <span class='ocrx_word' id='word_1_193' title='bbox 3349 584 3788 650; x_wconf 65' lang='grc' dir='ltr'><strong>διδασκάλους,</strong></span> 
     </span>
    </p>
   </div>
   <div class='ocr_carea' id='block_1_33' title="bbox 2199 673 3790 748">
    <p class='ocr_par' dir='ltr' id='par_1_33' title="bbox 2199 673 3790 748">
     <span class='ocr_line' id='line_1_33' title="bbox 2199 673 3790 748; baseline -0.004 -14"><span class='ocrx_word' id='word_1_194' title='bbox 2199 675 2328 737; x_wconf 77' lang='grc' dir='ltr'>εἶτα</span> <span class='ocrx_word' id='word_1_195' title='bbox 2359 679 2670 748; x_wconf 78' lang='grc' dir='ltr'>δυνάμεις,</span> <span class='ocrx_word' id='word_1_196' title='bbox 2699 676 2909 731; x_wconf 79' lang='grc' dir='ltr'>ἔπειτα</span> <span class='ocrx_word' id='word_1_197' title='bbox 2932 676 3276 745; x_wconf 78' lang='grc' dir='ltr'><strong>χαρίσματα</strong></span> <span class='ocrx_word' id='word_1_198' title='bbox 3297 673 3584 744; x_wconf 82' lang='grc' dir='ltr'>ίαμάτων,</span> <span class='ocrx_word' id='word_1_199' title='bbox 3623 677 3790 729; x_wconf 76' lang='grc' dir='ltr'><strong>ἀντι-</strong></span> 
     </span>
    </p>
   </div>
   <div class='ocr_carea' id='block_1_34' title="bbox 2199 767 3791 843">
    <p class='ocr_par' dir='ltr' id='par_1_34' title="bbox 2199 767 3791 843">
     <span class='ocr_line' id='line_1_34' title="bbox 2199 767 3791 843; baseline -0.005 -15"><span class='ocrx_word' id='word_1_200' title='bbox 2199 772 2445 842; x_wconf 71' lang='grc' dir='ltr'>λήψεις,</span> <span class='ocrx_word' id='word_1_201' title='bbox 2475 775 2898 843; x_wconf 76' lang='grc' dir='ltr'>κυϐερνήσεις,</span> <span class='ocrx_word' id='word_1_202' title='bbox 2929 773 3075 840; x_wconf 82' lang='grc' dir='ltr'><strong>τένη</strong></span> <span class='ocrx_word' id='word_1_203' title='bbox 3123 767 3440 838; x_wconf 70' lang='grc' dir='ltr'>γλωσσῶν.</span> <span class='ocrx_word' id='word_1_204' title='bbox 3477 770 3546 822; x_wconf 86' lang='grc' dir='ltr'>Τί</span> <span class='ocrx_word' id='word_1_205' title='bbox 3605 768 3791 822; x_wconf 79' lang='grc' dir='ltr'><strong>τοίνυν</strong></span> 
     </span>
    </p>
   </div>
   <div class='ocr_carea' id='block_1_35' title="bbox 2199 863 3789 936">
    <p class='ocr_par' dir='ltr' id='par_1_35' title="bbox 2199 863 3789 936">
     <span class='ocr_line' id='line_1_35' title="bbox 2199 863 3789 936; baseline -0.004 -16"><span class='ocrx_word' id='word_1_206' title='bbox 2199 866 2662 936; x_wconf 77' lang='grc' dir='ltr'>ἀμφιϐάλλουσιν,</span> <span class='ocrx_word' id='word_1_207' title='bbox 2714 869 2765 920; x_wconf 89' lang='grc' dir='ltr'><strong>εί</strong></span> <span class='ocrx_word' id='word_1_208' title='bbox 2828 865 2964 929; x_wconf 79' lang='grc' dir='ltr'>Θεὸς</span> <span class='ocrx_word' id='word_1_209' title='bbox 3018 864 3082 916; x_wconf 59' lang='lat' dir='ltr'><strong>re</strong></span> <span class='ocrx_word' id='word_1_210' title='bbox 3119 863 3348 933; x_wconf 84' lang='grc' dir='ltr'><strong>Πνεῦμα</strong></span> <span class='ocrx_word' id='word_1_211' title='bbox 3389 864 3632 933; x_wconf 78' lang='grc' dir='ltr'><strong>ὑπάρχει</strong></span> <span class='ocrx_word' id='word_1_212' title='bbox 3664 864 3789 915; x_wconf 81' lang='grc' dir='ltr'>κατ’</span> 
     </span>
    </p>
   </div>
   <div class='ocr_carea' id='block_1_36' title="bbox 2200 941 3785 1030">
    <p class='ocr_par' dir='ltr' id='par_1_36' title="bbox 2200 941 3785 1030">
     <span class='ocr_line' id='line_1_36' title="bbox 2200 941 3785 1030; baseline -0.004 -18"><span class='ocrx_word' id='word_1_213' title='bbox 2200 960 2412 1027; x_wconf 83' lang='grc' dir='ltr'>οὐσίαν,</span> <span class='ocrx_word' id='word_1_214' title='bbox 2451 963 2498 1014; x_wconf 87' lang='grc' dir='ltr'><strong>οί</strong></span> <span class='ocrx_word' id='word_1_215' title='bbox 2534 960 2674 1030; x_wconf 81' lang='grc' dir='ltr'>πρὸς</span> <span class='ocrx_word' id='word_1_216' title='bbox 2738 959 2900 1030; x_wconf 90' lang='grc' dir='ltr'>μόνον</span> <span class='ocrx_word' id='word_1_217' title='bbox 2944 957 3007 1011; x_wconf 79' lang='grc' dir='ltr'><strong>τὸ</strong></span> <span class='ocrx_word' id='word_1_218' title='bbox 3047 941 3364 1028; x_wconf 74' lang='grc' dir='ltr'>δυσφημεῖν</span> <span class='ocrx_word' id='word_1_219' title='bbox 3418 957 3785 1024; x_wconf 71' lang='grc' dir='ltr'><strong>ἑτοιμότατοι,</strong></span> 
     </span>
    </p>
   </div>
   <div class='ocr_carea' id='block_1_37' title="bbox 2201 1047 3791 1122">
    <p class='ocr_par' dir='ltr' id='par_1_37' title="bbox 2201 1047 3791 1122">
     <span class='ocr_line' id='line_1_37' title="bbox 2201 1047 3791 1122; baseline -0.005 -14"><span class='ocrx_word' id='word_1_220' title='bbox 2201 1053 2420 1108; x_wconf 82' lang='grc' dir='ltr'>Παύλου</span> <span class='ocrx_word' id='word_1_221' title='bbox 2455 1054 2776 1122; x_wconf 82' lang='grc' dir='ltr'>σαφέστατα</span> <span class='ocrx_word' id='word_1_222' title='bbox 2827 1049 3134 1111; x_wconf 83' lang='grc' dir='ltr'>διειπόντος</span> <span class='ocrx_word' id='word_1_223' title='bbox 3192 1049 3314 1119; x_wconf 84' lang='grc' dir='ltr'>μὲν,</span> <span class='ocrx_word' id='word_1_224' title='bbox 3358 1050 3436 1112; x_wconf 85' lang='grc' dir='ltr'>ὡς</span> <span class='ocrx_word' id='word_1_225' title='bbox 3465 1049 3525 1102; x_wconf 84' lang='grc' dir='ltr'><strong>τὸ</strong></span> <span class='ocrx_word' id='word_1_226' title='bbox 3557 1047 3791 1118; x_wconf 84' lang='grc' dir='ltr'><strong>Πνεῦμά</strong></span> 
     </span>
    </p>
   </div>
   <div class='ocr_carea' id='block_1_38' title="bbox 2201 1140 3787 1217">
    <p class='ocr_par' dir='ltr' id='par_1_38' title="bbox 2201 1140 3787 1217">
     <span class='ocr_line' id='line_1_38' title="bbox 2201 1140 3787 1217; baseline -0.005 -17"><span class='ocrx_word' id='word_1_227' title='bbox 2201 1147 2320 1200; x_wconf 76' lang='grc' dir='ltr'>ἐστι</span> <span class='ocrx_word' id='word_1_228' title='bbox 2353 1146 2415 1199; x_wconf 75' lang='grc' dir='ltr'><strong>τὸ</strong></span> <span class='ocrx_word' id='word_1_229' title='bbox 2445 1145 2720 1217; x_wconf 74' lang='grc' dir='ltr'>διαιροῦν,</span> <span class='ocrx_word' id='word_1_230' title='bbox 2756 1142 2943 1207; x_wconf 80' lang='grc' dir='ltr'>καθὼς</span> <span class='ocrx_word' id='word_1_231' title='bbox 2971 1142 3040 1196; x_wconf 79' lang='grc' dir='ltr'>ἂν</span> <span class='ocrx_word' id='word_1_232' title='bbox 3085 1141 3220 1196; x_wconf 74' lang='grc' dir='ltr'>αὐτὸ</span> <span class='ocrx_word' id='word_1_233' title='bbox 3253 1141 3538 1214; x_wconf 87' lang='grc' dir='ltr'>βούληται,</span> <span class='ocrx_word' id='word_1_234' title='bbox 3574 1140 3645 1194; x_wconf 82' lang='grc' dir='ltr'><strong>τὰ</strong></span> <span class='ocrx_word' id='word_1_235' title='bbox 3674 1141 3787 1192; x_wconf 86' lang='grc' dir='ltr'>τῶν</span> 
     </span>
    </p>
   </div>
   <div class='ocr_carea' id='block_1_39' title="bbox 2201 1233 3791 1310">
    <p class='ocr_par' dir='ltr' id='par_1_39' title="bbox 2201 1233 3791 1310">
     <span class='ocr_line' id='line_1_39' title="bbox 2201 1233 3791 1310; baseline -0.003 -19"><span class='ocrx_word' id='word_1_236' title='bbox 2201 1239 2562 1310; x_wconf 82' lang='grc' dir='ltr'><strong>χαρισμάτων</strong></span> <span class='ocrx_word' id='word_1_237' title='bbox 2591 1237 2731 1308; x_wconf 86' lang='grc' dir='ltr'>εῐδη,</span> <span class='ocrx_word' id='word_1_238' title='bbox 2791 1233 2914 1290; x_wconf 73' lang='grc' dir='ltr'>εἶτα</span> <span class='ocrx_word' id='word_1_239' title='bbox 2949 1235 3117 1291; x_wconf 83' lang='grc' dir='ltr'>πάλιν</span> <span class='ocrx_word' id='word_1_240' title='bbox 3145 1235 3283 1289; x_wconf 85' lang='grc' dir='ltr'><strong>Θεὸν</strong></span> <span class='ocrx_word' id='word_1_241' title='bbox 3311 1233 3452 1290; x_wconf 72' lang='grc' dir='ltr'>εῖναι</span> <span class='ocrx_word' id='word_1_242' title='bbox 3485 1234 3791 1304; x_wconf 80' lang='grc' dir='ltr'>φάσκοντος</span> 
     </span>
    </p>
   </div>
   <div class='ocr_carea' id='block_1_40' title="bbox 2201 1328 3794 1400">
    <p class='ocr_par' dir='ltr' id='par_1_40' title="bbox 2201 1328 3794 1400">
     <span class='ocr_line' id='line_1_40' title="bbox 2201 1328 3794 1400; baseline -0.004 -15"><span class='ocrx_word' id='word_1_243' title='bbox 2201 1333 2294 1385; x_wconf 79' lang='grc' dir='ltr'><strong>τὸν</strong></span> <span class='ocrx_word' id='word_1_244' title='bbox 2331 1332 2390 1385; x_wconf 81' lang='grc' dir='ltr'><strong>ὲν</strong></span> <span class='ocrx_word' id='word_1_245' title='bbox 2419 1334 2541 1394; x_wconf 84' lang='grc' dir='ltr'>ταῖς</span> <span class='ocrx_word' id='word_1_246' title='bbox 2571 1331 2897 1400; x_wconf 74' lang='grc' dir='ltr'><strong>ἐκκλησίαις</strong></span> <span class='ocrx_word' id='word_1_247' title='bbox 2925 1330 2995 1383; x_wconf 84' lang='grc' dir='ltr'><strong>τὰ</strong></span> <span class='ocrx_word' id='word_1_248' title='bbox 3027 1329 3262 1384; x_wconf 88' lang='grc' dir='ltr'>τοιαῦτα</span> <span class='ocrx_word' id='word_1_249' title='bbox 3296 1328 3644 1400; x_wconf 77' lang='grc' dir='ltr'><strong>χορηγοῦντα</strong></span> <span class='ocrx_word' id='word_1_250' title='bbox 3675 1328 3794 1390; x_wconf 89' lang='grc' dir='ltr'>τοῖς</span> 
     </span>
    </p>
   </div>
   <div class='ocr_carea' id='block_1_41' title="bbox 2201 1419 3788 1494">
    <p class='ocr_par' dir='ltr' id='par_1_41' title="bbox 2201 1419 3788 1494">
     <span class='ocr_line' id='line_1_41' title="bbox 2201 1419 3788 1494; baseline -0.003 -17"><span class='ocrx_word' id='word_1_251' title='bbox 2201 1425 2410 1494; x_wconf 84' lang='grc' dir='ltr'>ἀγίοις;</span> <span class='ocrx_word' id='word_1_252' title='bbox 2454 1424 2578 1485; x_wconf 78' lang='grc' dir='ltr'><strong>Πῶς</strong></span> <span class='ocrx_word' id='word_1_253' title='bbox 2611 1423 2668 1476; x_wconf 78' lang='grc' dir='ltr'><strong>δὲ</strong></span> <span class='ocrx_word' id='word_1_254' title='bbox 2707 1423 2808 1476; x_wconf 77' lang='grc' dir='ltr'><strong>οὐκ</strong></span> <span class='ocrx_word' id='word_1_255' title='bbox 2836 1423 3044 1476; x_wconf 80' lang='grc' dir='ltr'>ἄτοπον</span> <span class='ocrx_word' id='word_1_256' title='bbox 3084 1423 3215 1486; x_wconf 77' lang='grc' dir='ltr'>τοῦς</span> <span class='ocrx_word' id='word_1_257' title='bbox 3270 1420 3450 1490; x_wconf 78' lang='grc' dir='ltr'>ὀρθῶς</span> <span class='ocrx_word' id='word_1_258' title='bbox 3495 1419 3788 1482; x_wconf 72' lang='grc' dir='ltr'>ἐθέλοντας</span> 
     </span>
    </p>
   </div>
   <div class='ocr_carea' id='block_1_42' title="bbox 2201 1512 3794 1585">
    <p class='ocr_par' dir='ltr' id='par_1_42' title="bbox 2201 1512 3794 1585">
     <span class='ocr_line' id='line_1_42' title="bbox 2201 1512 3794 1585; baseline -0.004 -16"><span class='ocrx_word' id='word_1_259' title='bbox 2201 1517 2428 1585; x_wconf 82' lang='grc' dir='ltr'>φρονεῖν</span> <span class='ocrx_word' id='word_1_260' title='bbox 2483 1515 2561 1585; x_wconf 82' lang='grc' dir='ltr'><strong>μὴ</strong></span> <span class='ocrx_word' id='word_1_261' title='bbox 2619 1516 2739 1576; x_wconf 81' lang='grc' dir='ltr'>ταῖς</span> <span class='ocrx_word' id='word_1_262' title='bbox 2773 1514 2872 1567; x_wconf 90' lang='grc' dir='ltr'><strong>τοῦ</strong></span> <span class='ocrx_word' id='word_1_263' title='bbox 2925 1513 3145 1567; x_wconf 80' lang='grc' dir='ltr'><strong>Παύλου</strong></span> <span class='ocrx_word' id='word_1_264' title='bbox 3199 1515 3430 1583; x_wconf 83' lang='grc' dir='ltr'>φωναῖς.</span> <span class='ocrx_word' id='word_1_265' title='bbox 3488 1512 3628 1566; x_wconf 74' lang='grc' dir='ltr'>ἀλλὰ</span> <span class='ocrx_word' id='word_1_266' title='bbox 3669 1514 3794 1573; x_wconf 84' lang='grc' dir='ltr'>ταῖς</span> 
     </span>
    </p>
   </div>
   <div class='ocr_carea' id='block_1_43' title="bbox 2201 1601 3792 1680">
    <p class='ocr_par' dir='ltr' id='par_1_43' title="bbox 2201 1601 3792 1680">
     <span class='ocr_line' id='line_1_43' title="bbox 2201 1601 3792 1680; baseline -0.004 -16"><span class='ocrx_word' id='word_1_267' title='bbox 2201 1608 2379 1664; x_wconf 75' lang='grc' dir='ltr'>ἄλλων</span> <span class='ocrx_word' id='word_1_268' title='bbox 2414 1608 2708 1680; x_wconf 79' lang='grc' dir='ltr'>προσέχειν</span> <span class='ocrx_word' id='word_1_269' title='bbox 2739 1607 3025 1669; x_wconf 83' lang='grc' dir='ltr'>ἀϐουλίαις</span> <span class='ocrx_word' id='word_1_270' title='bbox 3054 1623 3070 1673; x_wconf 90' lang='lat'><strong>;</strong></span> <span class='ocrx_word' id='word_1_271' title='bbox 3097 1605 3234 1670; x_wconf 71' lang='grc' dir='ltr'>Θεὸς</span> <span class='ocrx_word' id='word_1_272' title='bbox 3285 1601 3380 1660; x_wconf 80' lang='grc' dir='ltr'><strong>οὖν</strong></span> <span class='ocrx_word' id='word_1_273' title='bbox 3436 1608 3498 1658; x_wconf 82' lang='grc' dir='ltr'>τὸ</span> <span class='ocrx_word' id='word_1_274' title='bbox 3538 1601 3792 1673; x_wconf 78' lang='grc' dir='ltr'><strong>Πνεῦμα,</strong></span> 
     </span>
    </p>
   </div>
   <div class='ocr_carea' id='block_1_44' title="bbox 2203 1697 3119 1770">
    <p class='ocr_par' dir='ltr' id='par_1_44' title="bbox 2203 1697 3119 1770">
     <span class='ocr_line' id='line_1_44' title="bbox 2203 1697 3119 1770; baseline -0.001 -17"><span class='ocrx_word' id='word_1_275' title='bbox 2203 1698 2307 1753; x_wconf 74' lang='grc' dir='ltr'><strong>κᾶν</strong></span> <span class='ocrx_word' id='word_1_276' title='bbox 2334 1697 2388 1752; x_wconf 79' lang='grc' dir='ltr'><strong>οἱ</strong></span> <span class='ocrx_word' id='word_1_277' title='bbox 2414 1699 2647 1769; x_wconf 81' lang='grc' dir='ltr'><strong>ἀμαθεῖς</strong></span> <span class='ocrx_word' id='word_1_278' title='bbox 2685 1698 2762 1770; x_wconf 84' lang='grc' dir='ltr'><strong>μὴ</strong></span> <span class='ocrx_word' id='word_1_279' title='bbox 2794 1698 3119 1768; x_wconf 86' lang='grc' dir='ltr'>βούλωνται.</span> 
     </span>
    </p>
   </div>
   <div class='ocr_carea' id='block_1_45' title="bbox 2751 1787 3255 1856">
    <p class='ocr_par' dir='ltr' id='par_1_45' title="bbox 2751 1787 3255 1856">
     <span class='ocr_line' id='line_1_45' title="bbox 2751 1787 3255 1856; baseline -0.006 -12"><span class='ocrx_word' id='word_1_280' title='bbox 2751 1791 2852 1844; x_wconf 84' lang='grc' dir='ltr'>Ἐκ</span> <span class='ocrx_word' id='word_1_281' title='bbox 2894 1787 3004 1856; x_wconf 83' lang='grc' dir='ltr'><strong>τῆς</strong></span> <span class='ocrx_word' id='word_1_282' title='bbox 3041 1787 3255 1856; x_wconf 83' lang='grc' dir='ltr'>αὐτῆς.</span> 
     </span>
    </p>
   </div>
   <div class='ocr_carea' id='block_1_46' title="bbox 2289 1877 3800 1948">
    <p class='ocr_par' dir='ltr' id='par_1_46' title="bbox 2289 1877 3800 1948">
     <span class='ocr_line' id='line_1_46' title="bbox 2289 1877 3800 1948; baseline -0.003 -11"><span class='ocrx_word' id='word_1_283' title='bbox 2289 1883 2628 1938; x_wconf 82' lang='grc' dir='ltr'>Ἐπιστέλλει</span> <span class='ocrx_word' id='word_1_284' title='bbox 2654 1877 2818 1936; x_wconf 76' lang='grc' dir='ltr'>πᾶλιν</span> <span class='ocrx_word' id='word_1_285' title='bbox 2842 1884 2870 1935; x_wconf 87' lang='grc' dir='ltr'>ὁ</span> <span class='ocrx_word' id='word_1_286' title='bbox 2901 1881 3116 1942; x_wconf 81' lang='grc' dir='ltr'>ιιαῦλός</span> <span class='ocrx_word' id='word_1_287' title='bbox 3145 1897 3290 1932; x_wconf 89' lang='grc' dir='ltr'>τισιν</span> <span class='ocrx_word' id='word_1_288' title='bbox 3312 1895 3326 1909; x_wconf 78' lang='grc'><strong><em>⁸</em></strong></span> <span class='ocrx_word' id='word_1_289' title='bbox 3360 1880 3427 1934; x_wconf 82' lang='lat' dir='ltr'><strong>EI</strong></span> <span class='ocrx_word' id='word_1_290' title='bbox 3451 1878 3623 1946; x_wconf 73' lang='grc' dir='ltr'>ἡμεῖς</span> <span class='ocrx_word' id='word_1_291' title='bbox 3652 1878 3800 1948; x_wconf 71' lang='grc' dir='ltr'>ὑμῖν</span> 
     </span>
    </p>
   </div>
   <div class='ocr_carea' id='block_1_47' title="bbox 2203 1967 3798 2044">
    <p class='ocr_par' dir='ltr' id='par_1_47' title="bbox 2203 1967 3798 2044">
     <span class='ocr_line' id='line_1_47' title="bbox 2203 1967 3798 2044; baseline -0.004 -15"><span class='ocrx_word' id='word_1_292' title='bbox 2203 1975 2277 2029; x_wconf 84' lang='grc' dir='ltr'><strong>τὰ</strong></span> <span class='ocrx_word' id='word_1_293' title='bbox 2307 1972 2687 2044; x_wconf 80' lang='grc' dir='ltr'>πνευματικὰ</span> <span class='ocrx_word' id='word_1_294' title='bbox 2710 1973 3098 2040; x_wconf 71' lang='grc' dir='ltr'>ἐσπείραμεν,</span> <span class='ocrx_word' id='word_1_295' title='bbox 3143 1970 3300 2038; x_wconf 78' lang='grc' dir='ltr'>μέγα</span> <span class='ocrx_word' id='word_1_296' title='bbox 3331 1971 3381 2023; x_wconf 80' lang='grc' dir='ltr'>εἰ</span> <span class='ocrx_word' id='word_1_297' title='bbox 3411 1967 3582 2036; x_wconf 80' lang='grc' dir='ltr'>ἡμεῖς</span> <span class='ocrx_word' id='word_1_298' title='bbox 3624 1967 3798 2038; x_wconf 81' lang='grc' dir='ltr'><strong>ὑμῶν</strong></span> 
     </span>
    </p>
   </div>
   <div class='ocr_carea' id='block_1_48' title="bbox 2204 2052 3799 2134">
    <p class='ocr_par' dir='ltr' id='par_1_48' title="bbox 2204 2052 3799 2134">
     <span class='ocr_line' id='line_1_48' title="bbox 2204 2052 3799 2134; baseline -0.005 -15"><span class='ocrx_word' id='word_1_299' title='bbox 2204 2065 2278 2119; x_wconf 84' lang='grc' dir='ltr'><strong>τὰ</strong></span> <span class='ocrx_word' id='word_1_300' title='bbox 2295 2065 2556 2134; x_wconf 83' lang='grc' dir='ltr'><strong>σαρκικὰ</strong></span> <span class='ocrx_word' id='word_1_301' title='bbox 2587 2064 2954 2132; x_wconf 83' lang='grc' dir='ltr'>θερίσομεν;</span> <span class='ocrx_word' id='word_1_302' title='bbox 2980 2060 3124 2115; x_wconf 81' lang='grc' dir='ltr'>Ἀλλ’</span> <span class='ocrx_word' id='word_1_303' title='bbox 3152 2060 3270 2112; x_wconf 75' lang='grc' dir='ltr'>ἔστι</span> <span class='ocrx_word' id='word_1_304' title='bbox 3301 2052 3481 2129; x_wconf 64' lang='grc' dir='ltr'>δῆλον,</span> <span class='ocrx_word' id='word_1_305' title='bbox 3514 2060 3598 2112; x_wconf 82' lang='grc' dir='ltr'><strong>ὃτι</strong></span> <span class='ocrx_word' id='word_1_306' title='bbox 3629 2077 3799 2112; x_wconf 80' lang='grc' dir='ltr'>πνευ-</span> 
     </span>
    </p>
   </div>
   <div class='ocr_carea' id='block_1_49' title="bbox 2210 2146 3800 2228">
    <p class='ocr_par' dir='ltr' id='par_1_49' title="bbox 2210 2146 3800 2228">
     <span class='ocr_line' id='line_1_49' title="bbox 2210 2146 3800 2228; baseline -0.004 -18"><span class='ocrx_word' id='word_1_307' title='bbox 2210 2157 2423 2228; x_wconf 77' lang='grc' dir='ltr'>ματικὰ</span> <span class='ocrx_word' id='word_1_308' title='bbox 2458 2157 2532 2210; x_wconf 82' lang='grc' dir='ltr'>τὰ</span> <span class='ocrx_word' id='word_1_309' title='bbox 2559 2156 2680 2209; x_wconf 85' lang='grc' dir='ltr'>Θεῖα</span> <span class='ocrx_word' id='word_1_310' title='bbox 2725 2154 2904 2208; x_wconf 85' lang='grc' dir='ltr'>πάντα</span> <span class='ocrx_word' id='word_1_311' title='bbox 2932 2150 3077 2207; x_wconf 77' lang='grc' dir='ltr'>εἷναί</span> <span class='ocrx_word' id='word_1_312' title='bbox 3120 2170 3312 2223; x_wconf 86' lang='grc' dir='ltr'>φησιν,</span> <span class='ocrx_word' id='word_1_313' title='bbox 3345 2150 3538 2222; x_wconf 85' lang='grc' dir='ltr'>ὥσπερ</span> <span class='ocrx_word' id='word_1_314' title='bbox 3561 2146 3658 2204; x_wconf 84' lang='grc' dir='ltr'><strong>οὖν</strong></span> <span class='ocrx_word' id='word_1_315' title='bbox 3699 2153 3800 2204; x_wconf 72' lang='grc' dir='ltr'>καὶ</span> 
     </span>
    </p>
   </div>
   <div class='ocr_carea' id='block_1_50' title="bbox 2205 2243 3802 2320">
    <p class='ocr_par' dir='ltr' id='par_1_50' title="bbox 2205 2243 3802 2320">
     <span class='ocr_line' id='line_1_50' title="bbox 2205 2243 3802 2320; baseline -0.004 -17"><span class='ocrx_word' id='word_1_316' title='bbox 2205 2251 2275 2304; x_wconf 85' lang='grc' dir='ltr'>τὰ</span> <span class='ocrx_word' id='word_1_317' title='bbox 2319 2248 2567 2320; x_wconf 82' lang='grc' dir='ltr'><strong>σαρκικὰ</strong></span> <span class='ocrx_word' id='word_1_318' title='bbox 2613 2247 2685 2301; x_wconf 81' lang='grc' dir='ltr'>τὰ</span> <span class='ocrx_word' id='word_1_319' title='bbox 2727 2247 2831 2316; x_wconf 76' lang='grc' dir='ltr'>τῆς</span> <span class='ocrx_word' id='word_1_320' title='bbox 2877 2245 3102 2316; x_wconf 84' lang='grc' dir='ltr'>σαρκός.</span> <span class='ocrx_word' id='word_1_321' title='bbox 3170 2245 3234 2298; x_wconf 81' lang='lat' dir='ltr'><strong>Ei</strong></span> <span class='ocrx_word' id='word_1_322' title='bbox 3287 2244 3471 2298; x_wconf 82' lang='grc' dir='ltr'>τοίνυν</span> <span class='ocrx_word' id='word_1_323' title='bbox 3524 2244 3594 2298; x_wconf 78' lang='grc' dir='ltr'><strong>τὰ</strong></span> <span class='ocrx_word' id='word_1_324' title='bbox 3651 2243 3802 2308; x_wconf 83' lang='grc' dir='ltr'>θεῖα,</span> 
     </span>
    </p>
   </div>
   <div class='ocr_carea' id='block_1_51' title="bbox 2207 2337 3804 2412">
    <p class='ocr_par' dir='ltr' id='par_1_51' title="bbox 2207 2337 3804 2412">
     <span class='ocr_line' id='line_1_51' title="bbox 2207 2337 3804 2412; baseline -0.004 -16"><span class='ocrx_word' id='word_1_325' title='bbox 2207 2344 2462 2396; x_wconf 80' lang='grc' dir='ltr'><strong>τουτέστι</strong></span> <span class='ocrx_word' id='word_1_326' title='bbox 2503 2341 2574 2394; x_wconf 74' lang='grc' dir='ltr'>τὰ</span> <span class='ocrx_word' id='word_1_327' title='bbox 2631 2340 2766 2412; x_wconf 75' lang='grc' dir='ltr'>περὶ</span> <span class='ocrx_word' id='word_1_328' title='bbox 2801 2339 2940 2393; x_wconf 91' lang='grc' dir='ltr'>Θεοῦ</span> <span class='ocrx_word' id='word_1_329' title='bbox 3001 2338 3304 2409; x_wconf 76' lang='grc' dir='ltr'><strong>μυστήρια,</strong></span> <span class='ocrx_word' id='word_1_330' title='bbox 3343 2337 3528 2401; x_wconf 82' lang='grc' dir='ltr'>καλῶς</span> <span class='ocrx_word' id='word_1_331' title='bbox 3557 2337 3622 2407; x_wconf 80' lang='grc' dir='ltr'><strong>δὴ</strong></span> <span class='ocrx_word' id='word_1_332' title='bbox 3651 2337 3804 2406; x_wconf 86' lang='grc' dir='ltr'>μάλα</span> 
     </span>
    </p>
   </div>
   <div class='ocr_carea' id='block_1_52' title="bbox 2209 2428 3804 2503">
    <p class='ocr_par' dir='ltr' id='par_1_52' title="bbox 2209 2428 3804 2503">
     <span class='ocr_line' id='line_1_52' title="bbox 2209 2428 3804 2503; baseline -0.004 -16"><span class='ocrx_word' id='word_1_333' title='bbox 2209 2435 2380 2487; x_wconf 84' lang='grc' dir='ltr'>ποιῶν</span> <span class='ocrx_word' id='word_1_334' title='bbox 2435 2431 2792 2503; x_wconf 78' lang='grc' dir='ltr'>ἀποκέκληκε</span> <span class='ocrx_word' id='word_1_335' title='bbox 2855 2429 3233 2500; x_wconf 76' lang='grc' dir='ltr'>πνευματικὰ,</span> <span class='ocrx_word' id='word_1_336' title='bbox 3298 2428 3434 2490; x_wconf 69' lang='grc' dir='ltr'>Θεὸς</span> <span class='ocrx_word' id='word_1_337' title='bbox 3473 2429 3540 2482; x_wconf 83' lang='grc' dir='ltr'>ἂν</span> <span class='ocrx_word' id='word_1_338' title='bbox 3601 2429 3690 2498; x_wconf 82' lang='grc' dir='ltr'><strong>εῖη</strong></span> <span class='ocrx_word' id='word_1_339' title='bbox 3738 2429 3804 2482; x_wconf 84' lang='grc' dir='ltr'><strong>τὸ</strong></span> 
     </span>
    </p>
   </div>
   <div class='ocr_carea' id='block_1_53' title="bbox 2208 2518 3800 2596">
    <p class='ocr_par' dir='ltr' id='par_1_53' title="bbox 2208 2518 3800 2596">
     <span class='ocr_line' id='line_1_53' title="bbox 2208 2518 3800 2596; baseline -0.003 -17"><span class='ocrx_word' id='word_1_340' title='bbox 2208 2525 2461 2596; x_wconf 82' lang='grc' dir='ltr'>Πνεῦμα,</span> <span class='ocrx_word' id='word_1_341' title='bbox 2518 2518 2581 2578; x_wconf 77' lang='grc' dir='ltr'><strong>οῦ</strong></span> <span class='ocrx_word' id='word_1_342' title='bbox 2641 2524 2738 2576; x_wconf 77' lang='grc' dir='ltr'>καὶ</span> <span class='ocrx_word' id='word_1_343' title='bbox 2792 2522 3081 2593; x_wconf 85' lang='grc' dir='ltr'>μυστήρια</span> <span class='ocrx_word' id='word_1_344' title='bbox 3144 2520 3387 2590; x_wconf 82' lang='grc' dir='ltr'><strong>κέκληκε</strong></span> <span class='ocrx_word' id='word_1_345' title='bbox 3424 2523 3800 2591; x_wconf 81' lang='grc' dir='ltr'>πνευματικά.</span> 
     </span>
    </p>
   </div>
   <div class='ocr_carea' id='block_1_54' title="bbox 2434 2613 3584 2682">
    <p class='ocr_par' dir='ltr' id='par_1_54' title="bbox 2434 2613 3584 2682">
     <span class='ocr_line' id='line_1_54' title="bbox 2434 2613 3584 2682; baseline -0.003 -11"><span class='ocrx_word' id='word_1_346' title='bbox 2434 2619 2529 2671; x_wconf 83' lang='grc' dir='ltr'>Ἐκ</span> <span class='ocrx_word' id='word_1_347' title='bbox 2553 2617 2662 2670; x_wconf 78' lang='grc' dir='ltr'><strong>τοῦ</strong></span> <span class='ocrx_word' id='word_1_348' title='bbox 2687 2615 2839 2670; x_wconf 84' lang='grc' dir='ltr'>κατὰ</span> <span class='ocrx_word' id='word_1_349' title='bbox 2870 2613 3165 2680; x_wconf 79' lang='grc' dir='ltr'>Ἰωάννην</span> <span class='ocrx_word' id='word_1_350' title='bbox 3193 2613 3584 2682; x_wconf 59' lang='lat' dir='ltr'><strong>Euan-allati.</strong></span> 
     </span>
    </p>
   </div>
   <div class='ocr_carea' id='block_1_55' title="bbox 2297 2705 3808 2776">
    <p class='ocr_par' dir='ltr' id='par_1_55' title="bbox 2297 2705 3808 2776">
     <span class='ocr_line' id='line_1_55' title="bbox 2297 2705 3808 2776; baseline -0.003 -13"><span class='ocrx_word' id='word_1_351' title='bbox 2297 2711 2387 2763; x_wconf 84' lang='grc' dir='ltr'>Ἐν</span> <span class='ocrx_word' id='word_1_352' title='bbox 2411 2711 2522 2772; x_wconf 88' lang='grc' dir='ltr'>τοῖς</span> <span class='ocrx_word' id='word_1_353' title='bbox 2580 2708 2946 2776; x_wconf 82' lang='grc' dir='ltr'>Εὑαγγελίοις</span> <span class='ocrx_word' id='word_1_354' title='bbox 3003 2705 3107 2760; x_wconf 81' lang='grc' dir='ltr'><strong>πού</strong></span> <span class='ocrx_word' id='word_1_355' title='bbox 3152 2723 3320 2776; x_wconf 84' lang='grc' dir='ltr'>φησιν</span> <span class='ocrx_word' id='word_1_356' title='bbox 3368 2708 3396 2758; x_wconf 86' lang='grc' dir='ltr'>ὁ</span> <span class='ocrx_word' id='word_1_357' title='bbox 3430 2705 3624 2775; x_wconf 80' lang='grc' dir='ltr'>Σωτὴρ</span> <span class='ocrx_word' id='word_1_358' title='bbox 3668 2705 3808 2773; x_wconf 69' lang='grc' dir='ltr'>περὶ</span> 
     </span>
    </p>
   </div>
   <div class='ocr_carea' id='block_1_56' title="bbox 2213 2797 3803 2871">
    <p class='ocr_par' dir='ltr' id='par_1_56' title="bbox 2213 2797 3803 2871">
     <span class='ocr_line' id='line_1_56' title="bbox 2213 2797 3803 2871; baseline -0.004 -15"><span class='ocrx_word' id='word_1_359' title='bbox 2213 2802 2462 2866; x_wconf 81' lang='grc' dir='ltr'>ὲαυτοῦ,ι</span> <span class='ocrx_word' id='word_1_360' title='bbox 2487 2801 2630 2870; x_wconf 86' lang='grc' dir='ltr'>Ἐγώ</span> <span class='ocrx_word' id='word_1_361' title='bbox 2651 2802 2769 2869; x_wconf 86' lang='grc' dir='ltr'>είμι</span> <span class='ocrx_word' id='word_1_362' title='bbox 2789 2803 2821 2871; x_wconf 83' lang='grc' dir='ltr'>ἡ</span> <span class='ocrx_word' id='word_1_363' title='bbox 2842 2801 3130 2871; x_wconf 76' lang='grc' dir='ltr'>ἀλήθεια.»</span> <span class='ocrx_word' id='word_1_364' title='bbox 3153 2799 3213 2852; x_wconf 83' lang='lat'><strong>&#39;0</strong></span> <span class='ocrx_word' id='word_1_365' title='bbox 3243 2799 3299 2851; x_wconf 80' lang='grc' dir='ltr'><strong>δὲ</strong></span> <span class='ocrx_word' id='word_1_366' title='bbox 3313 2798 3586 2868; x_wconf 82' lang='grc' dir='ltr'>μακάριος</span> <span class='ocrx_word' id='word_1_367' title='bbox 3614 2797 3803 2851; x_wconf 73' lang='grc' dir='ltr'>Ἰωάν-</span> 
     </span>
    </p>
   </div>
   <div class='ocr_carea' id='block_1_57' title="bbox 2211 2890 3797 2967">
    <p class='ocr_par' dir='ltr' id='par_1_57' title="bbox 2211 2890 3797 2967">
     <span class='ocr_line' id='line_1_57' title="bbox 2211 2890 3797 2967; baseline -0.004 -17"><span class='ocrx_word' id='word_1_368' title='bbox 2211 2914 2311 2967; x_wconf 86' lang='grc' dir='ltr'><strong>νης</strong></span> <span class='ocrx_word' id='word_1_369' title='bbox 2344 2896 2409 2950; x_wconf 75' lang='grc' dir='ltr'>ἔκ</span> <span class='ocrx_word' id='word_1_370' title='bbox 2433 2913 2492 2950; x_wconf 84' lang='grc' dir='ltr'><strong>τε</strong></span> <span class='ocrx_word' id='word_1_371' title='bbox 2518 2897 2620 2964; x_wconf 83' lang='grc' dir='ltr'>τῆς</span> <span class='ocrx_word' id='word_1_372' title='bbox 2665 2892 2761 2947; x_wconf 87' lang='grc' dir='ltr'><strong>τοῦ</strong></span> <span class='ocrx_word' id='word_1_373' title='bbox 2797 2893 3014 2963; x_wconf 78' lang='grc' dir='ltr'>Πατρδς</span> <span class='ocrx_word' id='word_1_374' title='bbox 3045 2891 3236 2954; x_wconf 81' lang='grc' dir='ltr'>οὐσίας</span> <span class='ocrx_word' id='word_1_375' title='bbox 3271 2891 3368 2944; x_wconf 77' lang='grc' dir='ltr'>καὶ</span> <span class='ocrx_word' id='word_1_376' title='bbox 3429 2890 3523 2944; x_wconf 89' lang='grc' dir='ltr'><strong>τοῦ</strong></span> <span class='ocrx_word' id='word_1_377' title='bbox 3559 2890 3691 2944; x_wconf 84' lang='grc' dir='ltr'>Υἱοῦ</span> <span class='ocrx_word' id='word_1_378' title='bbox 3732 2890 3797 2944; x_wconf 79' lang='grc' dir='ltr'><strong>τὸ</strong></span> 
     </span>
    </p>
   </div>
   <div class='ocr_carea' id='block_1_58' title="bbox 2213 2981 3802 3058">
    <p class='ocr_par' dir='ltr' id='par_1_58' title="bbox 2213 2981 3802 3058">
     <span class='ocr_line' id='line_1_58' title="bbox 2213 2981 3802 3058; baseline -0.005 -16"><span class='ocrx_word' id='word_1_379' title='bbox 2213 2988 2441 3058; x_wconf 82' lang='grc' dir='ltr'>Πνεῦμα</span> <span class='ocrx_word' id='word_1_380' title='bbox 2495 2987 2781 3048; x_wconf 84' lang='grc' dir='ltr'>δεικνύων,</span> <span class='ocrx_word' id='word_1_381' title='bbox 2837 2986 2897 3038; x_wconf 71' lang='grc' dir='ltr'><strong>ἐν</strong></span> <span class='ocrx_word' id='word_1_382' title='bbox 2957 2986 3057 3054; x_wconf 74' lang='grc' dir='ltr'><strong>μὲν</strong></span> <span class='ocrx_word' id='word_1_383' title='bbox 3092 2987 3208 3047; x_wconf 86' lang='grc' dir='ltr'>τοῖς</span> <span class='ocrx_word' id='word_1_384' title='bbox 3231 2983 3592 3052; x_wconf 81' lang='grc' dir='ltr'>Εὑαγγελίοις</span> <span class='ocrx_word' id='word_1_385' title='bbox 3626 2981 3802 3053; x_wconf 85' lang='grc' dir='ltr'>φησί·</span> 
     </span>
    </p>
   </div>
   <div class='ocr_carea' id='block_1_59' title="bbox 2221 3073 3809 3144">
    <p class='ocr_par' dir='ltr' id='par_1_59' title="bbox 2221 3073 3809 3144">
     <span class='ocr_line' id='line_1_59' title="bbox 2221 3073 3809 3144; baseline -0.005 -12"><span class='ocrx_word' id='word_1_386' title='bbox 2221 3078 2294 3132; x_wconf 85' lang='grc' dir='ltr'><strong>Τὸ</strong></span> <span class='ocrx_word' id='word_1_387' title='bbox 2324 3076 2569 3144; x_wconf 83' lang='grc' dir='ltr'>Πνεῦμα</span> <span class='ocrx_word' id='word_1_388' title='bbox 2592 3075 3069 3144; x_wconf 73' lang='grc' dir='ltr'>τῆς’ἀληθείας,</span> <span class='ocrx_word' id='word_1_389' title='bbox 3113 3074 3146 3128; x_wconf 85' lang='grc' dir='ltr'>ὃ</span> <span class='ocrx_word' id='word_1_390' title='bbox 3186 3073 3348 3142; x_wconf 77' lang='grc' dir='ltr'>παρὰ</span> <span class='ocrx_word' id='word_1_391' title='bbox 3411 3073 3522 3127; x_wconf 84' lang='grc' dir='ltr'><strong>τοῦ</strong></span> <span class='ocrx_word' id='word_1_392' title='bbox 3574 3073 3809 3140; x_wconf 81' lang='grc' dir='ltr'>Πατρός</span> 
     </span>
    </p>
   </div>
   <div class='ocr_carea' id='block_1_60' title="bbox 511 3156 2107 3236">
    <p class='ocr_par' dir='ltr' id='par_1_60' title="bbox 511 3156 2098 3232">
     <span class='ocr_line' id='line_1_60' title="bbox 511 3156 2098 3232; baseline 0.008 -25"><span class='ocrx_word' id='word_1_393' title='bbox 511 3156 652 3223; x_wconf 83' lang='lat' dir='ltr'><strong>quit,</strong></span> <span class='ocrx_word' id='word_1_394' title='bbox 682 3166 756 3210; x_wconf 77' lang='lat' dir='ltr'><strong>est</strong></span> <span class='ocrx_word' id='word_1_395' title='bbox 803 3159 992 3212; x_wconf 77' lang='lat' dir='ltr'><strong>veritas</strong></span> <span class='ocrx_word' id='word_1_396' title='bbox 1023 3161 1064 3212; x_wconf 85' lang='lat'><strong>&#39;.</strong></span> <span class='ocrx_word' id='word_1_397' title='bbox 1103 3159 1386 3225; x_wconf 87' lang='lat' dir='ltr'><strong>Quomodo</strong></span> <span class='ocrx_word' id='word_1_398' title='bbox 1440 3160 1626 3232; x_wconf 74' lang='lat' dir='ltr'><strong>igitur,</strong></span> <span class='ocrx_word' id='word_1_399' title='bbox 1661 3176 1785 3217; x_wconf 90' lang='lat' dir='ltr'><strong>cum</strong></span> <span class='ocrx_word' id='word_1_400' title='bbox 1817 3179 1883 3219; x_wconf 83' lang='lat' dir='ltr'><strong>ex</strong></span> <span class='ocrx_word' id='word_1_401' title='bbox 1935 3163 2098 3220; x_wconf 85' lang='lat' dir='ltr'><strong>Patre</strong></span> 
     </span>
    </p>
   </div>
   <div class='ocr_carea' id='block_1_61' title="bbox 2212 3156 3809 3236">
    <p class='ocr_par' dir='ltr' id='par_1_61' title="bbox 2212 3163 3809 3236">
     <span class='ocr_line' id='line_1_61' title="bbox 2212 3163 3809 3236; baseline -0.005 -12"><span class='ocrx_word' id='word_1_402' title='bbox 2212 3169 2614 3236; x_wconf 71' lang='grc' dir='ltr'>ἐκπορεύεται·</span> <span class='ocrx_word' id='word_1_403' title='bbox 2655 3169 2715 3221; x_wconf 85' lang='grc' dir='ltr'>ὲν</span> <span class='ocrx_word' id='word_1_404' title='bbox 2760 3166 2817 3220; x_wconf 81' lang='grc' dir='ltr'><strong>δὲ</strong></span> <span class='ocrx_word' id='word_1_405' title='bbox 2839 3168 2906 3236; x_wconf 82' lang='grc' dir='ltr'><strong>τῇ</strong></span> <span class='ocrx_word' id='word_1_406' title='bbox 2934 3164 3196 3232; x_wconf 72' lang='grc' dir='ltr'>ἐπιστολῇ</span> <span class='ocrx_word' id='word_1_407' title='bbox 3216 3182 3229 3196; x_wconf 85' lang='grc'><strong>·</strong></span> <span class='ocrx_word' id='word_1_408' title='bbox 3257 3163 3333 3218; x_wconf 82' lang='grc' dir='ltr'><strong>Τὸ</strong></span> <span class='ocrx_word' id='word_1_409' title='bbox 3367 3163 3608 3233; x_wconf 83' lang='grc' dir='ltr'>Πνεῦμὰ</span> <span class='ocrx_word' id='word_1_410' title='bbox 3633 3164 3809 3218; x_wconf 77' lang='grc' dir='ltr'>ἐστιν</span> 
     </span>
    </p>
   </div>
   <div class='ocr_carea' id='block_1_62' title="bbox 512 3246 2103 3323">
    <p class='ocr_par' dir='ltr' id='par_1_62' title="bbox 512 3246 2103 3323">
     <span class='ocr_line' id='line_1_62' title="bbox 512 3246 2103 3323; baseline 0.007 -25"><span class='ocrx_word' id='word_1_411' title='bbox 512 3247 798 3317; x_wconf 80' lang='lat' dir='ltr'><strong>procedat,</strong></span> <span class='ocrx_word' id='word_1_412' title='bbox 823 3257 876 3302; x_wconf 91' lang='lat' dir='ltr'><strong>et</strong></span> <span class='ocrx_word' id='word_1_413' title='bbox 915 3246 1156 3320; x_wconf 85' lang='lat' dir='ltr'><strong>Spiritus</strong></span> <span class='ocrx_word' id='word_1_414' title='bbox 1191 3249 1439 3305; x_wconf 85' lang='lat' dir='ltr'><strong>veritatis</strong></span> <span class='ocrx_word' id='word_1_415' title='bbox 1459 3251 1531 3306; x_wconf 91' lang='lat' dir='ltr'><strong>sit</strong></span> <span class='ocrx_word' id='word_1_416' title='bbox 1558 3263 1783 3323; x_wconf 87' lang='lat' dir='ltr'><strong>pr0pter</strong></span> <span class='ocrx_word' id='word_1_417' title='bbox 1842 3255 2103 3309; x_wconf 88' lang='lat' dir='ltr'><strong>similitu-</strong></span> 
     </span>
    </p>
   </div>
   <div class='ocr_carea' id='block_1_63' title="bbox 513 3342 2109 3418">
    <p class='ocr_par' dir='ltr' id='par_1_63' title="bbox 513 3342 2109 3418">
     <span class='ocr_line' id='line_1_63' title="bbox 513 3342 2109 3418; baseline 0.008 -27"><span class='ocrx_word' id='word_1_418' title='bbox 513 3342 696 3394; x_wconf 82' lang='lat' dir='ltr'><strong>dinem</strong></span> <span class='ocrx_word' id='word_1_419' title='bbox 726 3349 780 3395; x_wconf 87' lang='lat' dir='ltr'><strong>et</strong></span> <span class='ocrx_word' id='word_1_420' title='bbox 811 3342 1058 3411; x_wconf 86' lang='lat' dir='ltr'><strong>ejusdem</strong></span> <span class='ocrx_word' id='word_1_421' title='bbox 1083 3345 1344 3397; x_wconf 78' lang='lat' dir='ltr'><strong>essentia:</strong></span> <span class='ocrx_word' id='word_1_422' title='bbox 1361 3351 1634 3408; x_wconf 86' lang='lat' dir='ltr'><strong>naturam,</strong></span> <span class='ocrx_word' id='word_1_423' title='bbox 1670 3346 1830 3409; x_wconf 84' lang='lat' dir='ltr'><strong>adeo,</strong></span> <span class='ocrx_word' id='word_1_424' title='bbox 1890 3357 1949 3401; x_wconf 92' lang='lat' dir='ltr'><strong>ut</strong></span> <span class='ocrx_word' id='word_1_425' title='bbox 1993 3348 2109 3418; x_wconf 90' lang='lat' dir='ltr'><strong>ipse</strong></span> 
     </span>
    </p>
   </div>
   <div class='ocr_carea' id='block_1_64' title="bbox 513 3433 2112 3504">
    <p class='ocr_par' dir='ltr' id='par_1_64' title="bbox 513 3433 2112 3504">
     <span class='ocr_line' id='line_1_64' title="bbox 513 3433 2112 3504; baseline 0.008 -21"><span class='ocrx_word' id='word_1_426' title='bbox 513 3448 733 3503; x_wconf 77' lang='lat' dir='ltr'><strong>quoque</strong></span> <span class='ocrx_word' id='word_1_427' title='bbox 757 3433 960 3490; x_wconf 80' lang='lat' dir='ltr'><strong>veritas</strong></span> <span class='ocrx_word' id='word_1_428' title='bbox 988 3435 1311 3504; x_wconf 87' lang='lat' dir='ltr'><strong>appelletur,</strong></span> <span class='ocrx_word' id='word_1_429' title='bbox 1374 3435 1554 3492; x_wconf 79' lang='lat' dir='ltr'><strong>factus</strong></span> <span class='ocrx_word' id='word_1_430' title='bbox 1606 3449 1662 3493; x_wconf 87' lang='lat' dir='ltr'><strong>et</strong></span> <span class='ocrx_word' id='word_1_431' title='bbox 1716 3449 1936 3496; x_wconf 85' lang='lat' dir='ltr'><strong>creatus</strong></span> <span class='ocrx_word' id='word_1_432' title='bbox 1993 3441 2112 3496; x_wconf 84' lang='lat' dir='ltr'><strong>sit?</strong></span> 
     </span>
    </p>
   </div>
   <div class='ocr_carea' id='block_1_65' title="bbox 537 3525 2110 3602">
    <p class='ocr_par' dir='ltr' id='par_1_65' title="bbox 537 3525 2110 3602">
     <span class='ocr_line' id='line_1_65' title="bbox 537 3525 2110 3602; baseline 0.006 -24"><span class='ocrx_word' id='word_1_433' title='bbox 537 3525 848 3579; x_wconf 76' lang='lat' dir='ltr'><strong>Absurdum</strong></span> <span class='ocrx_word' id='word_1_434' title='bbox 877 3525 930 3580; x_wconf 90' lang='lat' dir='ltr'><strong>id</strong></span> <span class='ocrx_word' id='word_1_435' title='bbox 967 3525 1186 3596; x_wconf 87' lang='lat' dir='ltr'><strong>quidem</strong></span> <span class='ocrx_word' id='word_1_436' title='bbox 1219 3536 1325 3582; x_wconf 89' lang='lat' dir='ltr'><strong>est.</strong></span> <span class='ocrx_word' id='word_1_437' title='bbox 1352 3526 1540 3599; x_wconf 84' lang='lat' dir='ltr'><strong>Itaque</strong></span> <span class='ocrx_word' id='word_1_438' title='bbox 1558 3529 1698 3585; x_wconf 89' lang='lat' dir='ltr'><strong>Deus</strong></span> <span class='ocrx_word' id='word_1_439' title='bbox 1731 3541 1819 3586; x_wconf 85' lang='lat' dir='ltr'><strong>est</strong></span> <span class='ocrx_word' id='word_1_440' title='bbox 1849 3529 2110 3602; x_wconf 84' lang='lat' dir='ltr'><strong>Spiritus,</strong></span> 
     </span>
    </p>
   </div>
   <div class='ocr_carea' id='block_1_66' title="bbox 515 3616 1771 3690">
    <p class='ocr_par' dir='ltr' id='par_1_66' title="bbox 515 3616 1771 3690">
     <span class='ocr_line' id='line_1_66' title="bbox 515 3616 1771 3690; baseline 0.006 -20"><span class='ocrx_word' id='word_1_441' title='bbox 515 3616 785 3686; x_wconf 75' lang='lat' dir='ltr'><strong>siquidem</strong></span> <span class='ocrx_word' id='word_1_442' title='bbox 811 3617 1009 3673; x_wconf 84' lang='lat' dir='ltr'><strong>veritas</strong></span> <span class='ocrx_word' id='word_1_443' title='bbox 1033 3628 1138 3684; x_wconf 88' lang='lat' dir='ltr'><strong>est,</strong></span> <span class='ocrx_word' id='word_1_444' title='bbox 1167 3626 1222 3674; x_wconf 91' lang='lat' dir='ltr'><strong>et</strong></span> <span class='ocrx_word' id='word_1_445' title='bbox 1244 3632 1276 3673; x_wconf 89' lang='lat' dir='ltr'><strong>a</strong></span> <span class='ocrx_word' id='word_1_446' title='bbox 1315 3618 1480 3675; x_wconf 87' lang='lat' dir='ltr'><strong>Patre</strong></span> <span class='ocrx_word' id='word_1_447' title='bbox 1501 3621 1771 3690; x_wconf 88' lang='lat' dir='ltr'><strong>procedit.</strong></span> 
     </span>
    </p>
   </div>
   <div class='ocr_carea' id='block_1_67' title="bbox 1161 3900 1473 3964">
    <p class='ocr_par' dir='ltr' id='par_1_67' title="bbox 1161 3900 1473 3964">
     <span class='ocr_line' id='line_1_67' title="bbox 1161 3900 1473 3964; baseline 0.016 -9"><span class='ocrx_word' id='word_1_448' title='bbox 1161 3900 1248 3964; x_wconf 75' lang='lat' dir='ltr'><strong>Ea:</strong></span> <span class='ocrx_word' id='word_1_449' title='bbox 1268 3903 1473 3960; x_wconf 81' lang='lat' dir='ltr'><strong>eodem.</strong></span> 
     </span>
    </p>
   </div>
   <div class='ocr_carea' id='block_1_68' title="bbox 593 3995 2116 4070">
    <p class='ocr_par' dir='ltr' id='par_1_68' title="bbox 593 3995 2116 4070">
     <span class='ocr_line' id='line_1_68' title="bbox 593 3995 2116 4070; baseline 0.005 -19"><span class='ocrx_word' id='word_1_450' title='bbox 593 4000 794 4053; x_wconf 84' lang='lat' dir='ltr'><strong>Beatus</strong></span> <span class='ocrx_word' id='word_1_451' title='bbox 826 3996 1066 4052; x_wconf 85' lang='lat' dir='ltr'><strong>Joannes</strong></span> <span class='ocrx_word' id='word_1_452' title='bbox 1089 3997 1158 4053; x_wconf 89' lang='lat' dir='ltr'><strong>de</strong></span> <span class='ocrx_word' id='word_1_453' title='bbox 1187 3995 1366 4052; x_wconf 83' lang='lat' dir='ltr'><strong>Verbo</strong></span> <span class='ocrx_word' id='word_1_454' title='bbox 1393 3997 1484 4053; x_wconf 88' lang='lat' dir='ltr'><strong>Dei</strong></span> <span class='ocrx_word' id='word_1_455' title='bbox 1517 3997 1745 4069; x_wconf 84' lang='lat' dir='ltr'><strong>loquens</strong></span> <span class='ocrx_word' id='word_1_456' title='bbox 1788 4001 1964 4070; x_wconf 82' lang='lat' dir='ltr'><strong>ipsum</strong></span> <span class='ocrx_word' id='word_1_457' title='bbox 1993 4016 2116 4059; x_wconf 89' lang='lat' dir='ltr'><strong>esse</strong></span> 
     </span>
    </p>
   </div>
   <div class='ocr_carea' id='block_1_69' title="bbox 522 4091 2114 4159">
    <p class='ocr_par' dir='ltr' id='par_1_69' title="bbox 522 4091 2114 4159">
     <span class='ocr_line' id='line_1_69' title="bbox 522 4091 2114 4159; baseline 0.001 -13"><span class='ocrx_word' id='word_1_458' title='bbox 522 4094 660 4148; x_wconf 79' lang='lat' dir='ltr'><strong>dixit</strong></span> <span class='ocrx_word' id='word_1_459' title='bbox 686 4093 861 4148; x_wconf 90' lang='lat' dir='ltr'><strong>lucem</strong></span> <span class='ocrx_word' id='word_1_460' title='bbox 887 4106 1094 4154; x_wconf 74' lang='lat' dir='ltr'><strong>veram,</strong></span> <span class='ocrx_word' id='word_1_461' title='bbox 1124 4105 1248 4159; x_wconf 72' lang='lat' dir='ltr'><strong>qua:</strong></span> <span class='ocrx_word' id='word_1_462' title='bbox 1281 4091 1550 4144; x_wconf 89' lang='lat' dir='ltr'><strong>illuminat</strong></span> <span class='ocrx_word' id='word_1_463' title='bbox 1578 4107 1795 4147; x_wconf 91' lang='lat' dir='ltr'><strong>omnem</strong></span> <span class='ocrx_word' id='word_1_464' title='bbox 1837 4093 2114 4148; x_wconf 86' lang='lat' dir='ltr'><strong>hominem</strong></span> 
     </span>
    </p>
   </div>
   <div class='ocr_carea' id='block_1_70' title="bbox 521 4178 2116 4250">
    <p class='ocr_par' dir='ltr' id='par_1_70' title="bbox 521 4178 2116 4250">
     <span class='ocr_line' id='line_1_70' title="bbox 521 4178 2116 4250; baseline 0 -15"><span class='ocrx_word' id='word_1_465' title='bbox 521 4183 833 4236; x_wconf 79' lang='lat' dir='ltr'><strong>\enientem</strong></span> <span class='ocrx_word' id='word_1_466' title='bbox 870 4183 920 4234; x_wconf 90' lang='lat' dir='ltr'><strong>in</strong></span> <span class='ocrx_word' id='word_1_467' title='bbox 979 4181 1123 4235; x_wconf 88' lang='lat' dir='ltr'><strong>hunc</strong></span> <span class='ocrx_word' id='word_1_468' title='bbox 1164 4180 1424 4234; x_wconf 88' lang='lat' dir='ltr'><strong>mundum</strong></span> <span class='ocrx_word' id='word_1_469' title='bbox 1456 4181 1497 4233; x_wconf 82' lang='grc'><strong>⁸.</strong></span> <span class='ocrx_word' id='word_1_470' title='bbox 1557 4178 1626 4232; x_wconf 78' lang='lat' dir='ltr'><strong>At</strong></span> <span class='ocrx_word' id='word_1_471' title='bbox 1676 4180 2116 4250; x_wconf 71' lang='lat' dir='ltr'><strong>sapientissimus</strong></span> 
     </span>
    </p>
   </div>
   <div class='ocr_carea' id='block_1_71' title="bbox 523 4267 2118 4340">
    <p class='ocr_par' dir='ltr' id='par_1_71' title="bbox 523 4267 2118 4340">
     <span class='ocr_line' id='line_1_71' title="bbox 523 4267 2118 4340; baseline -0.003 -12"><span class='ocrx_word' id='word_1_472' title='bbox 523 4273 728 4328; x_wconf 87' lang='lat' dir='ltr'><strong>Paulus</strong></span> <span class='ocrx_word' id='word_1_473' title='bbox 779 4272 1040 4340; x_wconf 87' lang='lat' dir='ltr'><strong>Spiritum</strong></span> <span class='ocrx_word' id='word_1_474' title='bbox 1108 4279 1356 4325; x_wconf 80' lang='lat' dir='ltr'><strong>sanctum</strong></span> <span class='ocrx_word' id='word_1_475' title='bbox 1411 4268 1702 4338; x_wconf 83' lang='lat' dir='ltr'><strong>splendere</strong></span> <span class='ocrx_word' id='word_1_476' title='bbox 1751 4271 1804 4323; x_wconf 93' lang='lat' dir='ltr'><strong>iu</strong></span> <span class='ocrx_word' id='word_1_477' title='bbox 1861 4267 2118 4324; x_wconf 88' lang='lat' dir='ltr'><strong>cordibus</strong></span> 
     </span>
    </p>
   </div>
   <div class='ocr_carea' id='block_1_72' title="bbox 525 4361 2116 4432">
    <p class='ocr_par' dir='ltr' id='par_1_72' title="bbox 525 4361 2116 4432">
     <span class='ocr_line' id='line_1_72' title="bbox 525 4361 2116 4432; baseline -0.003 -12"><span class='ocrx_word' id='word_1_478' title='bbox 525 4365 732 4420; x_wconf 84' lang='lat' dir='ltr'><strong>nostris</strong></span> <span class='ocrx_word' id='word_1_479' title='bbox 773 4363 1062 4418; x_wconf 77' lang='lat' dir='ltr'><strong>allirmavit</strong></span> <span class='ocrx_word' id='word_1_480' title='bbox 1098 4363 1166 4417; x_wconf 89' lang='lat' dir='ltr'><strong>ad</strong></span> <span class='ocrx_word' id='word_1_481' title='bbox 1227 4362 1649 4417; x_wconf 86' lang='lat' dir='ltr'><strong>illustrationem</strong></span> <span class='ocrx_word' id='word_1_482' title='bbox 1700 4361 1890 4432; x_wconf 76' lang='lat' dir='ltr'><strong>gloria:</strong></span> <span class='ocrx_word' id='word_1_483' title='bbox 1921 4361 2015 4416; x_wconf 91' lang='lat' dir='ltr'><strong>Dei</strong></span> <span class='ocrx_word' id='word_1_484' title='bbox 2062 4362 2116 4416; x_wconf 93' lang='lat' dir='ltr'><strong>iu</strong></span> 
     </span>
    </p>
   </div>
   <div class='ocr_carea' id='block_1_73' title="bbox 526 4453 2118 4528">
    <p class='ocr_par' dir='ltr' id='par_1_73' title="bbox 526 4453 2118 4528">
     <span class='ocr_line' id='line_1_73' title="bbox 526 4453 2118 4528; baseline -0.003 -17"><span class='ocrx_word' id='word_1_485' title='bbox 526 4473 755 4528; x_wconf 88' lang='lat' dir='ltr'><strong>persona</strong></span> <span class='ocrx_word' id='word_1_486' title='bbox 819 4455 1020 4510; x_wconf 86' lang='lat' dir='ltr'><strong>Christi</strong></span> <span class='ocrx_word' id='word_1_487' title='bbox 1055 4454 1361 4510; x_wconf 89' lang='lat' dir='ltr'><strong>&quot;.Proinde</strong></span> <span class='ocrx_word' id='word_1_488' title='bbox 1416 4469 1538 4509; x_wconf 90' lang='lat' dir='ltr'><strong>cum</strong></span> <span class='ocrx_word' id='word_1_489' title='bbox 1598 4453 1833 4510; x_wconf 85' lang='lat' dir='ltr'><strong>Verbum</strong></span> <span class='ocrx_word' id='word_1_490' title='bbox 1896 4455 1968 4508; x_wconf 88' lang='lat' dir='ltr'><strong>sit</strong></span> <span class='ocrx_word' id='word_1_491' title='bbox 2022 4453 2118 4508; x_wconf 78' lang='lat' dir='ltr'><strong>lux</strong></span> 
     </span>
    </p>
   </div>
   <div class='ocr_carea' id='block_1_74' title="bbox 2212 3253 3810 3330">
    <p class='ocr_par' dir='ltr' id='par_1_74' title="bbox 2212 3253 3810 3330">
     <span class='ocr_line' id='line_1_74' title="bbox 2212 3253 3810 3330; baseline -0.006 -14"><span class='ocrx_word' id='word_1_492' title='bbox 2212 3262 2252 3328; x_wconf 75' lang='grc' dir='ltr'><strong><em>ἡ</em></strong></span> <span class='ocrx_word' id='word_1_493' title='bbox 2283 3260 2563 3330; x_wconf 72' lang='grc' dir='ltr'><strong>ἀλήθεια.</strong></span> <span class='ocrx_word' id='word_1_494' title='bbox 2600 3257 2728 3321; x_wconf 86' lang='grc' dir='ltr'><strong>Πῶς</strong></span> <span class='ocrx_word' id='word_1_495' title='bbox 2757 3253 2853 3312; x_wconf 78' lang='grc' dir='ltr'><strong>οῦν</strong></span> <span class='ocrx_word' id='word_1_496' title='bbox 2885 3256 2947 3309; x_wconf 85' lang='grc' dir='ltr'><strong>τὸ</strong></span> <span class='ocrx_word' id='word_1_497' title='bbox 2980 3257 3049 3309; x_wconf 74' lang='grc' dir='ltr'>ἑκ</span> <span class='ocrx_word' id='word_1_498' title='bbox 3084 3255 3182 3310; x_wconf 91' lang='grc' dir='ltr'><strong>τοῦ</strong></span> <span class='ocrx_word' id='word_1_499' title='bbox 3241 3257 3458 3326; x_wconf 81' lang='grc' dir='ltr'>Πατρὸς</span> <span class='ocrx_word' id='word_1_500' title='bbox 3503 3255 3810 3325; x_wconf 71' lang='grc' dir='ltr'>δκπορευόο</span> 
     </span>
    </p>
   </div>
   <div class='ocr_carea' id='block_1_75' title="bbox 2213 3344 3808 3423">
    <p class='ocr_par' dir='ltr' id='par_1_75' title="bbox 2213 3344 3808 3423">
     <span class='ocr_line' id='line_1_75' title="bbox 2213 3344 3808 3423; baseline -0.005 -17"><span class='ocrx_word' id='word_1_501' title='bbox 2213 3370 2401 3423; x_wconf 86' lang='grc' dir='ltr'>μενον,</span> <span class='ocrx_word' id='word_1_502' title='bbox 2434 3353 2530 3405; x_wconf 76' lang='grc' dir='ltr'><strong>καὶ</strong></span> <span class='ocrx_word' id='word_1_503' title='bbox 2571 3350 2800 3418; x_wconf 83' lang='grc' dir='ltr'>Πνεῦμα</span> <span class='ocrx_word' id='word_1_504' title='bbox 2849 3351 2951 3419; x_wconf 85' lang='grc' dir='ltr'>τῆς</span> <span class='ocrx_word' id='word_1_505' title='bbox 2984 3347 3248 3418; x_wconf 81' lang='grc' dir='ltr'><strong>ἀληθείας</strong></span> <span class='ocrx_word' id='word_1_506' title='bbox 3293 3347 3541 3416; x_wconf 78' lang='grc' dir='ltr'>ὑπάρχον</span> <span class='ocrx_word' id='word_1_507' title='bbox 3573 3345 3664 3399; x_wconf 81' lang='grc' dir='ltr'><strong>διὰ</strong></span> <span class='ocrx_word' id='word_1_508' title='bbox 3706 3344 3808 3415; x_wconf 83' lang='grc' dir='ltr'>τὴν</span> 
     </span>
    </p>
   </div>
   <div class='ocr_carea' id='block_1_76' title="bbox 2213 3437 3808 3514">
    <p class='ocr_par' dir='ltr' id='par_1_76' title="bbox 2213 3437 3808 3514">
     <span class='ocr_line' id='line_1_76' title="bbox 2213 3437 3808 3514; baseline -0.006 -15"><span class='ocrx_word' id='word_1_509' title='bbox 2213 3445 2542 3514; x_wconf 75' lang='grc' dir='ltr'>ἐμφέρειαν,</span> <span class='ocrx_word' id='word_1_510' title='bbox 2571 3445 2668 3496; x_wconf 77' lang='grc' dir='ltr'>καὶ</span> <span class='ocrx_word' id='word_1_511' title='bbox 2696 3443 2796 3514; x_wconf 86' lang='grc' dir='ltr'>τὴν</span> <span class='ocrx_word' id='word_1_512' title='bbox 2850 3443 2952 3513; x_wconf 84' lang='grc' dir='ltr'>τῆς</span> <span class='ocrx_word' id='word_1_513' title='bbox 2979 3440 3169 3503; x_wconf 86' lang='grc' dir='ltr'>οὐσίας</span> <span class='ocrx_word' id='word_1_514' title='bbox 3198 3439 3533 3508; x_wconf 79' lang='grc' dir='ltr'>ταυτότητα,</span> <span class='ocrx_word' id='word_1_515' title='bbox 3571 3437 3648 3500; x_wconf 82' lang='grc' dir='ltr'>ὡς</span> <span class='ocrx_word' id='word_1_516' title='bbox 3669 3437 3808 3507; x_wconf 78' lang='grc' dir='ltr'><strong>ἀλήο</strong></span> 
     </span>
    </p>
   </div>
   <div class='ocr_carea' id='block_1_77' title="bbox 2212 3529 3811 3603">
    <p class='ocr_par' dir='ltr' id='par_1_77' title="bbox 2212 3529 3811 3603">
     <span class='ocr_line' id='line_1_77' title="bbox 2212 3529 3811 3603; baseline -0.008 -10"><span class='ocrx_word' id='word_1_517' title='bbox 2212 3539 2366 3594; x_wconf 84' lang='grc' dir='ltr'>θειαν</span> <span class='ocrx_word' id='word_1_518' title='bbox 2394 3536 2709 3600; x_wconf 84' lang='grc' dir='ltr'>καλεῖσθαι,</span> <span class='ocrx_word' id='word_1_519' title='bbox 2747 3535 2839 3590; x_wconf 80' lang='grc' dir='ltr'><strong>καὶ</strong></span> <span class='ocrx_word' id='word_1_520' title='bbox 2867 3535 3002 3588; x_wconf 78' lang='grc' dir='ltr'>αὐτὸ</span> <span class='ocrx_word' id='word_1_521' title='bbox 3030 3532 3264 3603; x_wconf 73' lang='grc' dir='ltr'>γενητὸν</span> <span class='ocrx_word' id='word_1_522' title='bbox 3309 3531 3378 3585; x_wconf 78' lang='grc' dir='ltr'>ἂν</span> <span class='ocrx_word' id='word_1_523' title='bbox 3431 3531 3518 3600; x_wconf 77' lang='grc' dir='ltr'><strong>εἴη</strong></span> <span class='ocrx_word' id='word_1_524' title='bbox 3578 3529 3676 3583; x_wconf 77' lang='grc' dir='ltr'>καὶ</span> <span class='ocrx_word' id='word_1_525' title='bbox 3707 3546 3811 3581; x_wconf 83' lang='grc' dir='ltr'>πε-</span> 
     </span>
    </p>
   </div>
   <div class='ocr_carea' id='block_1_78' title="bbox 2212 3619 3806 3700">
    <p class='ocr_par' dir='ltr' id='par_1_78' title="bbox 2212 3619 3806 3700">
     <span class='ocr_line' id='line_1_78' title="bbox 2212 3619 3806 3700; baseline -0.006 -16"><span class='ocrx_word' id='word_1_526' title='bbox 2212 3630 2509 3700; x_wconf 84' lang='grc' dir='ltr'>ποιημένον</span> <span class='ocrx_word' id='word_1_527' title='bbox 2533 3645 2549 3694; x_wconf 89' lang='lat'><strong>;</strong></span> <span class='ocrx_word' id='word_1_528' title='bbox 2581 3627 2746 3680; x_wconf 69' lang='grc' dir='ltr'>Ἀλλὰ</span> <span class='ocrx_word' id='word_1_529' title='bbox 2770 3625 2933 3680; x_wconf 86' lang='grc' dir='ltr'>τοῦτο</span> <span class='ocrx_word' id='word_1_530' title='bbox 2955 3624 3185 3678; x_wconf 78' lang='grc' dir='ltr'>ἄτοπον.</span> <span class='ocrx_word' id='word_1_531' title='bbox 3241 3619 3458 3676; x_wconf 83' lang='grc' dir='ltr'>Οὐκοῦν</span> <span class='ocrx_word' id='word_1_532' title='bbox 3483 3621 3544 3677; x_wconf 85' lang='grc' dir='ltr'><strong>τὸ</strong></span> <span class='ocrx_word' id='word_1_533' title='bbox 3576 3620 3806 3691; x_wconf 83' lang='grc' dir='ltr'>Πνεῦμα</span> 
     </span>
    </p>
   </div>
   <div class='ocr_carea' id='block_1_79' title="bbox 2213 3713 3813 3794">
    <p class='ocr_par' dir='ltr' id='par_1_79' title="bbox 2213 3713 3813 3794">
     <span class='ocr_line' id='line_1_79' title="bbox 2213 3713 3813 3794; baseline -0.006 -17"><span class='ocrx_word' id='word_1_534' title='bbox 2213 3723 2372 3786; x_wconf 87' lang='grc' dir='ltr'>Θεὸς,</span> <span class='ocrx_word' id='word_1_535' title='bbox 2399 3724 2566 3794; x_wconf 87' lang='grc' dir='ltr'>είπερ</span> <span class='ocrx_word' id='word_1_536' title='bbox 2589 3721 2761 3784; x_wconf 78' lang='grc' dir='ltr'>ὄντως</span> <span class='ocrx_word' id='word_1_537' title='bbox 2784 3719 3041 3792; x_wconf 83' lang='grc' dir='ltr'>ἀλήθεια,</span> <span class='ocrx_word' id='word_1_538' title='bbox 3067 3717 3161 3772; x_wconf 75' lang='grc' dir='ltr'>καὶ</span> <span class='ocrx_word' id='word_1_539' title='bbox 3179 3718 3245 3770; x_wconf 81' lang='grc' dir='ltr'>ἐκ</span> <span class='ocrx_word' id='word_1_540' title='bbox 3275 3715 3493 3787; x_wconf 80' lang='grc' dir='ltr'>Πατρὸς</span> <span class='ocrx_word' id='word_1_541' title='bbox 3516 3713 3813 3784; x_wconf 74' lang='grc' dir='ltr'>ἐκπορεύε-</span> 
     </span>
    </p>
   </div>
   <div class='ocr_carea' id='block_1_80' title="bbox 2213 3834 2328 3870">
    <p class='ocr_par' dir='ltr' id='par_1_80' title="bbox 2213 3834 2328 3870">
     <span class='ocr_line' id='line_1_80' title="bbox 2213 3834 2328 3870; baseline 0 0"><span class='ocrx_word' id='word_1_542' title='bbox 2213 3834 2328 3870; x_wconf 87' lang='grc' dir='ltr'>ται.</span> 
     </span>
    </p>
   </div>
   <div class='ocr_carea' id='block_1_81' title="bbox 2760 3902 3271 3960">
    <p class='ocr_par' dir='ltr' id='par_1_81' title="bbox 2760 3902 3271 3960">
     <span class='ocr_line' id='line_1_81' title="bbox 2760 3902 3271 3960; baseline -0.008 0"><span class='ocrx_word' id='word_1_543' title='bbox 2760 3904 2866 3960; x_wconf 79' lang='grc' dir='ltr'>Ἕκ</span> <span class='ocrx_word' id='word_1_544' title='bbox 2909 3905 3018 3959; x_wconf 87' lang='grc' dir='ltr'><strong>τοῦ</strong></span> <span class='ocrx_word' id='word_1_545' title='bbox 3057 3902 3271 3957; x_wconf 81' lang='grc' dir='ltr'>αὐτοῦ.</span> 
     </span>
    </p>
   </div>
   <div class='ocr_carea' id='block_1_82' title="bbox 2297 3995 3813 4072">
    <p class='ocr_par' dir='ltr' id='par_1_82' title="bbox 2297 3995 3813 4072">
     <span class='ocr_line' id='line_1_82' title="bbox 2297 3995 3813 4072; baseline -0.007 -14"><span class='ocrx_word' id='word_1_546' title='bbox 2297 4001 2362 4058; x_wconf 85' lang='lat'><strong>&#39;0</strong></span> <span class='ocrx_word' id='word_1_547' title='bbox 2398 4000 2678 4072; x_wconf 80' lang='grc' dir='ltr'>μακάριος</span> <span class='ocrx_word' id='word_1_548' title='bbox 2718 3999 2981 4068; x_wconf 82' lang='grc' dir='ltr'>Ἰωάννης</span> <span class='ocrx_word' id='word_1_549' title='bbox 3014 3997 3146 4064; x_wconf 81' lang='grc' dir='ltr'>περὶ</span> <span class='ocrx_word' id='word_1_550' title='bbox 3179 3995 3278 4050; x_wconf 89' lang='grc' dir='ltr'><strong>τοῦ</strong></span> <span class='ocrx_word' id='word_1_551' title='bbox 3313 3996 3452 4050; x_wconf 87' lang='grc' dir='ltr'>Θεοῦ</span> <span class='ocrx_word' id='word_1_552' title='bbox 3484 3996 3662 4062; x_wconf 84' lang='grc' dir='ltr'>Λόγου</span> <span class='ocrx_word' id='word_1_553' title='bbox 3689 3995 3813 4048; x_wconf 85' lang='grc' dir='ltr'><strong>δια-</strong></span> 
     </span>
    </p>
   </div>
   <div class='ocr_carea' id='block_1_83' title="bbox 2216 4087 3816 4165">
    <p class='ocr_par' dir='ltr' id='par_1_83' title="bbox 2216 4087 3816 4165">
     <span class='ocr_line' id='line_1_83' title="bbox 2216 4087 3816 4165; baseline -0.006 -15"><span class='ocrx_word' id='word_1_554' title='bbox 2216 4095 2535 4165; x_wconf 77' lang='grc' dir='ltr'>λαμϐάνων,</span> <span class='ocrx_word' id='word_1_555' title='bbox 2589 4092 2755 4146; x_wconf 84' lang='grc' dir='ltr'>αὑτὸν</span> <span class='ocrx_word' id='word_1_556' title='bbox 2806 4087 2949 4146; x_wconf 78' lang='grc' dir='ltr'>εἷναί</span> <span class='ocrx_word' id='word_1_557' title='bbox 3000 4108 3137 4162; x_wconf 80' lang='grc' dir='ltr'>φησι</span> <span class='ocrx_word' id='word_1_558' title='bbox 3162 4090 3224 4143; x_wconf 83' lang='grc' dir='ltr'><strong>τὸ</strong></span> <span class='ocrx_word' id='word_1_559' title='bbox 3254 4090 3371 4160; x_wconf 80' lang='grc' dir='ltr'><strong>φῶς</strong></span> <span class='ocrx_word' id='word_1_560' title='bbox 3416 4089 3477 4143; x_wconf 80' lang='grc' dir='ltr'><strong>τὸ</strong></span> <span class='ocrx_word' id='word_1_561' title='bbox 3534 4088 3816 4159; x_wconf 73' lang='grc' dir='ltr'>ἀληθινὸν,</span> 
     </span>
    </p>
   </div>
   <div class='ocr_carea' id='block_1_84' title="bbox 2218 4182 3820 4256">
    <p class='ocr_par' dir='ltr' id='par_1_84' title="bbox 2218 4182 3820 4256">
     <span class='ocr_line' id='line_1_84' title="bbox 2218 4182 3820 4256; baseline -0.004 -15"><span class='ocrx_word' id='word_1_562' title='bbox 2218 4187 2248 4241; x_wconf 77' lang='grc' dir='ltr'><strong>ὃ</strong></span> <span class='ocrx_word' id='word_1_563' title='bbox 2276 4187 2505 4256; x_wconf 75' lang='grc' dir='ltr'><strong>φωτίζει</strong></span> <span class='ocrx_word' id='word_1_564' title='bbox 2543 4186 2726 4242; x_wconf 80' lang='grc' dir='ltr'>πάντα</span> <span class='ocrx_word' id='word_1_565' title='bbox 2766 4185 3063 4254; x_wconf 80' lang='grc' dir='ltr'>ἄνθρωπον</span> <span class='ocrx_word' id='word_1_566' title='bbox 3095 4184 3400 4256; x_wconf 72' lang='grc' dir='ltr'>ἐρχόμενον</span> <span class='ocrx_word' id='word_1_567' title='bbox 3433 4185 3516 4246; x_wconf 82' lang='grc' dir='ltr'><strong>είς</strong></span> <span class='ocrx_word' id='word_1_568' title='bbox 3562 4182 3659 4238; x_wconf 77' lang='grc' dir='ltr'>τὸν</span> <span class='ocrx_word' id='word_1_569' title='bbox 3722 4183 3820 4235; x_wconf 78' lang='grc' dir='ltr'><strong>κό-</strong></span> 
     </span>
    </p>
   </div>
   <div class='ocr_carea' id='block_1_85' title="bbox 2222 4274 3821 4353">
    <p class='ocr_par' dir='ltr' id='par_1_85' title="bbox 2222 4274 3821 4353">
     <span class='ocr_line' id='line_1_85' title="bbox 2222 4274 3821 4353; baseline -0.003 -21"><span class='ocrx_word' id='word_1_570' title='bbox 2222 4296 2382 4348; x_wconf 87' lang='grc' dir='ltr'>σμον.</span> <span class='ocrx_word' id='word_1_571' title='bbox 2425 4280 2484 4334; x_wconf 88' lang='lat'><strong>&#39;0</strong></span> <span class='ocrx_word' id='word_1_572' title='bbox 2507 4278 2564 4353; x_wconf 61' lang='grc' dir='ltr'>δε</span> <span class='ocrx_word' id='word_1_573' title='bbox 2589 4276 2904 4346; x_wconf 72' lang='grc' dir='ltr'>σοφώτατος</span> <span class='ocrx_word' id='word_1_574' title='bbox 2949 4277 3158 4341; x_wconf 83' lang='grc' dir='ltr'>Παῦλος</span> <span class='ocrx_word' id='word_1_575' title='bbox 3191 4278 3251 4330; x_wconf 74' lang='grc' dir='ltr'>τὸ</span> <span class='ocrx_word' id='word_1_576' title='bbox 3282 4274 3508 4346; x_wconf 86' lang='grc' dir='ltr'>Πνεῦμα</span> <span class='ocrx_word' id='word_1_577' title='bbox 3539 4277 3602 4330; x_wconf 85' lang='grc' dir='ltr'>τδ</span> <span class='ocrx_word' id='word_1_578' title='bbox 3659 4275 3821 4344; x_wconf 72' lang='grc' dir='ltr'>ἅγιον</span> 
     </span>
    </p>
   </div>
   <div class='ocr_carea' id='block_1_86' title="bbox 2219 4369 3822 4440">
    <p class='ocr_par' dir='ltr' id='par_1_86' title="bbox 2219 4369 3822 4440">
     <span class='ocr_line' id='line_1_86' title="bbox 2219 4369 3822 4440; baseline -0.003 -15"><span class='ocrx_word' id='word_1_579' title='bbox 2219 4371 2528 4440; x_wconf 77' lang='grc' dir='ltr'>ὲλλάμπειν</span> <span class='ocrx_word' id='word_1_580' title='bbox 2556 4373 2616 4425; x_wconf 74' lang='grc' dir='ltr'><strong>ὲν</strong></span> <span class='ocrx_word' id='word_1_581' title='bbox 2641 4371 2762 4434; x_wconf 85' lang='grc' dir='ltr'>ταῖς</span> <span class='ocrx_word' id='word_1_582' title='bbox 2794 4370 3053 4440; x_wconf 85' lang='grc' dir='ltr'>καρδίαις</span> <span class='ocrx_word' id='word_1_583' title='bbox 3083 4369 3240 4440; x_wconf 73' lang='grc' dir='ltr'><strong>ἡμῶν</strong></span> <span class='ocrx_word' id='word_1_584' title='bbox 3261 4369 3644 4440; x_wconf 87' lang='grc' dir='ltr'>διισχυρίσατο</span> <span class='ocrx_word' id='word_1_585' title='bbox 3681 4369 3822 4438; x_wconf 76' lang='grc' dir='ltr'>πρὸς</span> 
     </span>
    </p>
   </div>
   <div class='ocr_carea' id='block_1_87' title="bbox 2222 4459 3819 4535">
    <p class='ocr_par' dir='ltr' id='par_1_87' title="bbox 2222 4459 3819 4535">
     <span class='ocr_line' id='line_1_87' title="bbox 2222 4459 3819 4535; baseline -0.004 -16"><span class='ocrx_word' id='word_1_586' title='bbox 2222 4464 2509 4535; x_wconf 81' lang='grc' dir='ltr'>φωτισμὸν</span> <span class='ocrx_word' id='word_1_587' title='bbox 2565 4462 2669 4532; x_wconf 81' lang='grc' dir='ltr'>τῆς</span> <span class='ocrx_word' id='word_1_588' title='bbox 2711 4462 2971 4531; x_wconf 87' lang='grc' dir='ltr'>γνώσεως</span> <span class='ocrx_word' id='word_1_589' title='bbox 2995 4461 3099 4530; x_wconf 81' lang='grc' dir='ltr'><strong>τῆς</strong></span> <span class='ocrx_word' id='word_1_590' title='bbox 3159 4461 3362 4523; x_wconf 79' lang='grc' dir='ltr'>δόσεως</span> <span class='ocrx_word' id='word_1_591' title='bbox 3416 4459 3513 4513; x_wconf 84' lang='grc' dir='ltr'><strong>τοῦ</strong></span> <span class='ocrx_word' id='word_1_592' title='bbox 3551 4460 3691 4514; x_wconf 89' lang='grc' dir='ltr'>Θεοῦ</span> <span class='ocrx_word' id='word_1_593' title='bbox 3757 4462 3819 4514; x_wconf 81' lang='grc' dir='ltr'><strong>ὲν</strong></span> 
     </span>
    </p>
   </div>
   <div class='ocr_carea' id='block_1_88' title="bbox 526 4533 2107 4628">
    <p class='ocr_par' dir='ltr' id='par_1_88' title="bbox 526 4546 2107 4618">
     <span class='ocr_line' id='line_1_88' title="bbox 526 4546 2107 4618; baseline -0.002 -16"><span class='ocrx_word' id='word_1_594' title='bbox 526 4565 679 4615; x_wconf 80' lang='lat' dir='ltr'><strong>vera,</strong></span> <span class='ocrx_word' id='word_1_595' title='bbox 715 4548 1000 4618; x_wconf 84' lang='lat' dir='ltr'><strong>splendeat</strong></span> <span class='ocrx_word' id='word_1_596' title='bbox 1035 4558 1215 4602; x_wconf 85' lang='lat' dir='ltr'><strong>autem</strong></span> <span class='ocrx_word' id='word_1_597' title='bbox 1240 4547 1480 4617; x_wconf 90' lang='lat' dir='ltr'><strong>Spiritus</strong></span> <span class='ocrx_word' id='word_1_598' title='bbox 1513 4557 1764 4612; x_wconf 89' lang='lat' dir='ltr'><strong>sanctus,</strong></span> <span class='ocrx_word' id='word_1_599' title='bbox 1805 4546 2107 4602; x_wconf 76' lang='lat' dir='ltr'><strong>necessarie</strong></span> 
     </span>
    </p>
   </div>
   <div class='ocr_carea' id='block_1_89' title="bbox 2212 4533 3822 4628">
    <p class='ocr_par' dir='ltr' id='par_1_89' title="bbox 2225 4533 3822 4628">
     <span class='ocr_line' id='line_1_89' title="bbox 2225 4533 3822 4628; baseline -0.004 -16"><span class='ocrx_word' id='word_1_600' title='bbox 2225 4533 2508 4628; x_wconf 64' lang='grc' dir='ltr'>ττροσῶπῳ</span> <span class='ocrx_word' id='word_1_601' title='bbox 2546 4555 2722 4624; x_wconf 87' lang='grc' dir='ltr'>Ἰησοῦ</span> <span class='ocrx_word' id='word_1_602' title='bbox 2764 4555 3025 4626; x_wconf 84' lang='grc' dir='ltr'>Χριστοῦ.</span> <span class='ocrx_word' id='word_1_603' title='bbox 3049 4554 3217 4608; x_wconf 86' lang='grc' dir='ltr'>Ὀτου</span> <span class='ocrx_word' id='word_1_604' title='bbox 3247 4554 3430 4608; x_wconf 84' lang='grc' dir='ltr'>τοίνυν</span> <span class='ocrx_word' id='word_1_605' title='bbox 3463 4553 3686 4621; x_wconf 84' lang='grc' dir='ltr'>ὁΛόγος</span> <span class='ocrx_word' id='word_1_606' title='bbox 3721 4553 3822 4622; x_wconf 82' lang='grc' dir='ltr'>μὲν</span> 
     </span>
    </p>
   </div>
   <div class='ocr_carea' id='block_1_90' title="bbox 526 4637 2112 4707">
    <p class='ocr_par' dir='ltr' id='par_1_90' title="bbox 526 4637 2112 4707">
     <span class='ocr_line' id='line_1_90' title="bbox 526 4637 2112 4707; baseline -0.006 -7"><span class='ocrx_word' id='word_1_607' title='bbox 526 4643 800 4700; x_wconf 76' lang='lat' dir='ltr'><strong>latendum</strong></span> <span class='ocrx_word' id='word_1_608' title='bbox 823 4649 931 4706; x_wconf 89' lang='lat' dir='ltr'><strong>est,</strong></span> <span class='ocrx_word' id='word_1_609' title='bbox 955 4657 986 4696; x_wconf 88' lang='lat' dir='ltr'><strong>e</strong></span> <span class='ocrx_word' id='word_1_610' title='bbox 1011 4643 1201 4696; x_wconf 64' lang='lat' dir='ltr'><strong>sentiae</strong></span> <span class='ocrx_word' id='word_1_611' title='bbox 1250 4638 1414 4694; x_wconf 85' lang='lat' dir='ltr'><strong>Verbi</strong></span> <span class='ocrx_word' id='word_1_612' title='bbox 1444 4654 1566 4694; x_wconf 90' lang='lat' dir='ltr'><strong>esse</strong></span> <span class='ocrx_word' id='word_1_613' title='bbox 1619 4640 1786 4694; x_wconf 86' lang='lat' dir='ltr'><strong>etiam</strong></span> <span class='ocrx_word' id='word_1_614' title='bbox 1846 4637 2112 4707; x_wconf 86' lang='lat' dir='ltr'><strong>Spiritum</strong></span> 
     </span>
    </p>
   </div>
   <div class='ocr_carea' id='block_1_91' title="bbox 524 4734 2113 4806">
    <p class='ocr_par' dir='ltr' id='par_1_91' title="bbox 524 4734 2113 4806">
     <span class='ocr_line' id='line_1_91' title="bbox 524 4734 2113 4806; baseline -0.004 -13"><span class='ocrx_word' id='word_1_615' title='bbox 524 4751 794 4802; x_wconf 88' lang='lat' dir='ltr'><strong>sanctum,</strong></span> <span class='ocrx_word' id='word_1_616' title='bbox 821 4751 918 4806; x_wconf 89' lang='lat' dir='ltr'><strong>per</strong></span> <span class='ocrx_word' id='word_1_617' title='bbox 953 4751 1111 4805; x_wconf 89' lang='lat' dir='ltr'><strong>quem</strong></span> <span class='ocrx_word' id='word_1_618' title='bbox 1139 4735 1650 4790; x_wconf 88' lang='lat' dir='ltr'><strong>illuminatomuem</strong></span> <span class='ocrx_word' id='word_1_619' title='bbox 1671 4734 1971 4798; x_wconf 85' lang='lat' dir='ltr'><strong>hominem,</strong></span> <span class='ocrx_word' id='word_1_620' title='bbox 1992 4748 2113 4787; x_wconf 90' lang='lat' dir='ltr'><strong>cum</strong></span> 
     </span>
    </p>
   </div>
   <div class='ocr_carea' id='block_1_92' title="bbox 528 4827 2120 4900">
    <p class='ocr_par' dir='ltr' id='par_1_92' title="bbox 528 4827 2120 4900">
     <span class='ocr_line' id='line_1_92' title="bbox 528 4827 2120 4900; baseline -0.004 -14"><span class='ocrx_word' id='word_1_621' title='bbox 528 4831 764 4900; x_wconf 85' lang='lat' dir='ltr'><strong>Spiritus</strong></span> <span class='ocrx_word' id='word_1_622' title='bbox 799 4829 975 4886; x_wconf 88' lang='lat' dir='ltr'><strong>sancti</strong></span> <span class='ocrx_word' id='word_1_623' title='bbox 995 4827 1339 4897; x_wconf 85' lang='lat' dir='ltr'><strong>splendorem</strong></span> <span class='ocrx_word' id='word_1_624' title='bbox 1381 4837 1642 4897; x_wconf 82' lang='lat' dir='ltr'><strong>tauquam</strong></span> <span class='ocrx_word' id='word_1_625' title='bbox 1699 4827 1952 4883; x_wconf 74' lang='lat' dir='ltr'><strong>essentia:</strong></span> <span class='ocrx_word' id='word_1_626' title='bbox 1993 4841 2120 4894; x_wconf 88' lang='lat' dir='ltr'><strong>pro-</strong></span> 
     </span>
    </p>
   </div>
   <div class='ocr_carea' id='block_1_93' title="bbox 529 4919 1480 4993">
    <p class='ocr_par' dir='ltr' id='par_1_93' title="bbox 529 4919 1480 4993">
     <span class='ocr_line' id='line_1_93' title="bbox 529 4919 1480 4993; baseline -0.003 -17"><span class='ocrx_word' id='word_1_627' title='bbox 529 4923 660 4993; x_wconf 72' lang='lat' dir='ltr'><strong>priae</strong></span> <span class='ocrx_word' id='word_1_628' title='bbox 677 4921 892 4978; x_wconf 85' lang='lat' dir='ltr'><strong>radium</strong></span> <span class='ocrx_word' id='word_1_629' title='bbox 925 4919 1218 4989; x_wconf 87' lang='lat' dir='ltr'><strong>quemdam</strong></span> <span class='ocrx_word' id='word_1_630' title='bbox 1239 4919 1480 4974; x_wconf 88' lang='lat' dir='ltr'><strong>emittat.</strong></span> 
     </span>
    </p>
   </div>
   <div class='ocr_carea' id='block_1_94' title="bbox 992 5116 1662 5186">
    <p class='ocr_par' dir='ltr' id='par_1_94' title="bbox 992 5116 1662 5186">
     <span class='ocr_line' id='line_1_94' title="bbox 992 5116 1662 5186; baseline -0.006 -14"><span class='ocrx_word' id='word_1_631' title='bbox 992 5116 1229 5186; x_wconf 77' lang='lat' dir='ltr'><strong>Objectio</strong></span> <span class='ocrx_word' id='word_1_632' title='bbox 1267 5116 1662 5170; x_wconf 73' lang='lat' dir='ltr'><strong>hwreticarum.</strong></span> 
     </span>
    </p>
   </div>
   <div class='ocr_carea' id='block_1_95' title="bbox 605 5206 2126 5280">
    <p class='ocr_par' dir='ltr' id='par_1_95' title="bbox 605 5206 2126 5280">
     <span class='ocr_line' id='line_1_95' title="bbox 605 5206 2126 5280; baseline -0.004 -13"><span class='ocrx_word' id='word_1_633' title='bbox 605 5211 661 5267; x_wconf 90' lang='lat' dir='ltr'><strong>Si</strong></span> <span class='ocrx_word' id='word_1_634' title='bbox 694 5219 1031 5277; x_wconf 83' lang='lat' dir='ltr'><strong>sanctorum,</strong></span> <span class='ocrx_word' id='word_1_635' title='bbox 1071 5211 1352 5280; x_wconf 87' lang='lat' dir='ltr'><strong>inquiunt,</strong></span> <span class='ocrx_word' id='word_1_636' title='bbox 1409 5210 1622 5264; x_wconf 88' lang='lat' dir='ltr'><strong>animos</strong></span> <span class='ocrx_word' id='word_1_637' title='bbox 1674 5206 1879 5276; x_wconf 88' lang='lat' dir='ltr'><strong>Spiritu</strong></span> <span class='ocrx_word' id='word_1_638' title='bbox 1934 5214 2126 5261; x_wconf 88' lang='lat' dir='ltr'><strong>sancto</strong></span> 
     </span>
    </p>
   </div>
   <div class='ocr_carea' id='block_1_96' title="bbox 535 5297 2128 5375">
    <p class='ocr_par' dir='ltr' id='par_1_96' title="bbox 535 5297 2128 5375">
     <span class='ocr_line' id='line_1_96' title="bbox 535 5297 2128 5375; baseline -0.006 -13"><span class='ocrx_word' id='word_1_639' title='bbox 535 5307 704 5362; x_wconf 66' lang='lat' dir='ltr'><strong>Deum</strong></span> <span class='ocrx_word' id='word_1_640' title='bbox 735 5319 943 5375; x_wconf 74' lang='lat' dir='ltr'><strong>ungere</strong></span> <span class='ocrx_word' id='word_1_641' title='bbox 974 5303 1278 5367; x_wconf 73' lang='lat' dir='ltr'><strong>afﬁrmatis,</strong></span> <span class='ocrx_word' id='word_1_642' title='bbox 1311 5301 1574 5372; x_wconf 82' lang='lat' dir='ltr'><strong>unguenti</strong></span> <span class='ocrx_word' id='word_1_643' title='bbox 1635 5299 1818 5354; x_wconf 89' lang='lat' dir='ltr'><strong>locum</strong></span> <span class='ocrx_word' id='word_1_644' title='bbox 1874 5306 1930 5352; x_wconf 88' lang='lat' dir='ltr'><strong>et</strong></span> <span class='ocrx_word' id='word_1_645' title='bbox 1979 5297 2128 5352; x_wconf 87' lang='lat' dir='ltr'><strong>ordi-</strong></span> 
     </span>
    </p>
   </div>
   <div class='ocr_carea' id='block_1_97' title="bbox 2225 4644 3821 4718">
    <p class='ocr_par' dir='ltr' id='par_1_97' title="bbox 2225 4644 3821 4718">
     <span class='ocr_line' id='line_1_97' title="bbox 2225 4644 3821 4718; baseline -0.004 -15"><span class='ocrx_word' id='word_1_646' title='bbox 2225 4651 2346 4704; x_wconf 79' lang='grc' dir='ltr'>ἔστι</span> <span class='ocrx_word' id='word_1_647' title='bbox 2379 4649 2441 4702; x_wconf 80' lang='grc' dir='ltr'>τὸ</span> <span class='ocrx_word' id='word_1_648' title='bbox 2465 4650 2581 4717; x_wconf 82' lang='grc' dir='ltr'><strong>φῶς</strong></span> <span class='ocrx_word' id='word_1_649' title='bbox 2605 4647 2667 4699; x_wconf 81' lang='grc' dir='ltr'><strong>τὸ</strong></span> <span class='ocrx_word' id='word_1_650' title='bbox 2697 4647 2976 4718; x_wconf 77' lang='grc' dir='ltr'>ἀληθινὸν,</span> <span class='ocrx_word' id='word_1_651' title='bbox 3006 4647 3279 4716; x_wconf 82' lang='grc' dir='ltr'>ὲλλάμπει</span> <span class='ocrx_word' id='word_1_652' title='bbox 3307 4645 3364 4699; x_wconf 80' lang='grc' dir='ltr'><strong>δὲ</strong></span> <span class='ocrx_word' id='word_1_653' title='bbox 3418 4647 3478 4698; x_wconf 80' lang='grc' dir='ltr'><strong>τὸ</strong></span> <span class='ocrx_word' id='word_1_654' title='bbox 3509 4644 3736 4715; x_wconf 78' lang='grc' dir='ltr'>Πνεῦμα</span> <span class='ocrx_word' id='word_1_655' title='bbox 3760 4644 3821 4698; x_wconf 78' lang='grc' dir='ltr'><strong>τὸ</strong></span> 
     </span>
    </p>
   </div>
   <div class='ocr_carea' id='block_1_98' title="bbox 2226 4736 3818 4816">
    <p class='ocr_par' dir='ltr' id='par_1_98' title="bbox 2226 4736 3818 4816">
     <span class='ocr_line' id='line_1_98' title="bbox 2226 4736 3818 4816; baseline -0.007 -18"><span class='ocrx_word' id='word_1_656' title='bbox 2226 4745 2405 4808; x_wconf 77' lang='grc' dir='ltr'>ἅγιον,</span> <span class='ocrx_word' id='word_1_657' title='bbox 2439 4740 2656 4810; x_wconf 60' lang='grc' dir='ltr'>ἀνάγκη</span> <span class='ocrx_word' id='word_1_658' title='bbox 2684 4741 2837 4793; x_wconf 83' lang='grc' dir='ltr'>πᾶσα</span> <span class='ocrx_word' id='word_1_659' title='bbox 2881 4740 2982 4803; x_wconf 80' lang='grc' dir='ltr'><strong>τῆς</strong></span> <span class='ocrx_word' id='word_1_660' title='bbox 3030 4738 3222 4816; x_wconf 81' lang='grc' dir='ltr'>οὐσίας</span> <span class='ocrx_word' id='word_1_661' title='bbox 3270 4739 3365 4791; x_wconf 89' lang='grc' dir='ltr'><strong>τοῦ</strong></span> <span class='ocrx_word' id='word_1_662' title='bbox 3416 4738 3594 4806; x_wconf 81' lang='grc' dir='ltr'>Λόγου</span> <span class='ocrx_word' id='word_1_663' title='bbox 3639 4736 3818 4790; x_wconf 75' lang='grc' dir='ltr'>καὶτὸ</span> 
     </span>
    </p>
   </div>
   <div class='ocr_carea' id='block_1_99' title="bbox 2228 4824 3815 4900">
    <p class='ocr_par' dir='ltr' id='par_1_99' title="bbox 2228 4824 3815 4900">
     <span class='ocr_line' id='line_1_99' title="bbox 2228 4824 3815 4900; baseline -0.004 -11"><span class='ocrx_word' id='word_1_664' title='bbox 2228 4832 2458 4900; x_wconf 87' lang='grc' dir='ltr'>Πνεῦμα</span> <span class='ocrx_word' id='word_1_665' title='bbox 2489 4831 2903 4900; x_wconf 80' lang='grc' dir='ltr'>συνομολογεῖν,</span> <span class='ocrx_word' id='word_1_666' title='bbox 2937 4831 3012 4884; x_wconf 84' lang='grc' dir='ltr'><strong>δι’</strong></span> <span class='ocrx_word' id='word_1_667' title='bbox 3047 4824 3109 4885; x_wconf 74' lang='grc' dir='ltr'>οὗ</span> <span class='ocrx_word' id='word_1_668' title='bbox 3138 4831 3366 4899; x_wconf 81' lang='grc' dir='ltr'>φωτίζει</span> <span class='ocrx_word' id='word_1_669' title='bbox 3397 4831 3580 4884; x_wconf 83' lang='grc' dir='ltr'>πάντα</span> <span class='ocrx_word' id='word_1_670' title='bbox 3608 4829 3815 4898; x_wconf 79' lang='grc' dir='ltr'>ἄνθρω-</span> 
     </span>
    </p>
   </div>
   <div class='ocr_carea' id='block_1_100' title="bbox 2229 4920 3820 4994">
    <p class='ocr_par' dir='ltr' id='par_1_100' title="bbox 2229 4920 3820 4994">
     <span class='ocr_line' id='line_1_100' title="bbox 2229 4920 3820 4994; baseline -0.006 -15"><span class='ocrx_word' id='word_1_671' title='bbox 2229 4943 2355 4990; x_wconf 84' lang='grc' dir='ltr'>πον,</span> <span class='ocrx_word' id='word_1_672' title='bbox 2389 4922 2582 4994; x_wconf 74' lang='grc' dir='ltr'>ὥσπερ</span> <span class='ocrx_word' id='word_1_673' title='bbox 2598 4923 2720 4976; x_wconf 80' lang='grc' dir='ltr'>τινὰ</span> <span class='ocrx_word' id='word_1_674' title='bbox 2738 4925 2840 4992; x_wconf 79' lang='grc' dir='ltr'>τῆς</span> <span class='ocrx_word' id='word_1_675' title='bbox 2863 4922 3074 4987; x_wconf 85' lang='grc' dir='ltr'>οἰκείας</span> <span class='ocrx_word' id='word_1_676' title='bbox 3106 4922 3328 4992; x_wconf 81' lang='grc' dir='ltr'>φύσεως</span> <span class='ocrx_word' id='word_1_677' title='bbox 3357 4925 3556 4977; x_wconf 85' lang='grc' dir='ltr'>ἀκτῖνα</span> <span class='ocrx_word' id='word_1_678' title='bbox 3601 4920 3820 4993; x_wconf 79' lang='grc' dir='ltr'>προτεί-</span> 
     </span>
    </p>
   </div>
   <div class='ocr_carea' id='block_1_101' title="bbox 2232 5015 3252 5087">
    <p class='ocr_par' dir='ltr' id='par_1_101' title="bbox 2232 5015 3252 5087">
     <span class='ocr_line' id='line_1_101' title="bbox 2232 5015 3252 5087; baseline -0.003 -15"><span class='ocrx_word' id='word_1_679' title='bbox 2232 5035 2346 5072; x_wconf 86' lang='grc' dir='ltr'><strong>νων</strong></span> <span class='ocrx_word' id='word_1_680' title='bbox 2371 5015 2472 5083; x_wconf 82' lang='grc' dir='ltr'>τὴν</span> <span class='ocrx_word' id='word_1_681' title='bbox 2493 5017 2580 5069; x_wconf 83' lang='grc' dir='ltr'>διὰ</span> <span class='ocrx_word' id='word_1_682' title='bbox 2603 5017 2746 5070; x_wconf 85' lang='grc' dir='ltr'>Πνεύ</span> <span class='ocrx_word' id='word_1_683' title='bbox 2755 5033 2929 5087; x_wconf 88' lang='grc' dir='ltr'>ματος</span> <span class='ocrx_word' id='word_1_684' title='bbox 2955 5015 3252 5085; x_wconf 74' lang='grc' dir='ltr'>ἔλλαμψιν.</span> 
     </span>
    </p>
   </div>
   <div class='ocr_carea' id='block_1_102' title="bbox 2679 5106 3374 5176">
    <p class='ocr_par' dir='ltr' id='par_1_102' title="bbox 2679 5106 3374 5176">
     <span class='ocr_line' id='line_1_102' title="bbox 2679 5106 3374 5176; baseline -0.003 -13"><span class='ocrx_word' id='word_1_685' title='bbox 2679 5109 2738 5163; x_wconf 79' lang='grc' dir='ltr'>Ἀ</span> <span class='ocrx_word' id='word_1_686' title='bbox 2749 5111 3015 5172; x_wconf 77' lang='grc' dir='ltr'>ντίθεσις</span> <span class='ocrx_word' id='word_1_687' title='bbox 3041 5106 3374 5176; x_wconf 71' lang='grc' dir='ltr'>αἱρετικῶν.</span> 
     </span>
    </p>
   </div>
   <div class='ocr_carea' id='block_1_103' title="bbox 2300 5191 3829 5270">
    <p class='ocr_par' dir='ltr' id='par_1_103' title="bbox 2300 5191 3829 5270">
     <span class='ocr_line' id='line_1_103' title="bbox 2300 5191 3829 5270; baseline -0.007 -13"><span class='ocrx_word' id='word_1_688' title='bbox 2300 5204 2363 5257; x_wconf 84' lang='grc' dir='ltr'><strong>Εἰ</strong></span> <span class='ocrx_word' id='word_1_689' title='bbox 2402 5203 2502 5267; x_wconf 86' lang='grc' dir='ltr'>τὰς</span> <span class='ocrx_word' id='word_1_690' title='bbox 2541 5201 2652 5255; x_wconf 81' lang='grc' dir='ltr'>τῶν</span> <span class='ocrx_word' id='word_1_691' title='bbox 2703 5201 2893 5268; x_wconf 83' lang='grc' dir='ltr'>ἁγίων,</span> <span class='ocrx_word' id='word_1_692' title='bbox 2943 5200 3135 5270; x_wconf 70' lang='grc' dir='ltr'>φησὶν,</span> <span class='ocrx_word' id='word_1_693' title='bbox 3187 5199 3368 5270; x_wconf 66' lang='grc' dir='ltr'>ψυχὰς</span> <span class='ocrx_word' id='word_1_694' title='bbox 3420 5191 3829 5268; x_wconf 82' lang='grc' dir='ltr'>καταχρίεσθαί</span> 
     </span>
    </p>
   </div>
   <div class='ocr_carea' id='block_1_104' title="bbox 2232 5289 3828 5366">
    <p class='ocr_par' dir='ltr' id='par_1_104' title="bbox 2232 5289 3828 5366">
     <span class='ocr_line' id='line_1_104' title="bbox 2232 5289 3828 5366; baseline -0.007 -16"><span class='ocrx_word' id='word_1_695' title='bbox 2232 5313 2373 5366; x_wconf 80' lang='grc' dir='ltr'>φατε</span> <span class='ocrx_word' id='word_1_696' title='bbox 2404 5295 2557 5365; x_wconf 83' lang='grc' dir='ltr'>παρὰ</span> <span class='ocrx_word' id='word_1_697' title='bbox 2583 5293 2719 5347; x_wconf 83' lang='grc' dir='ltr'>Θεοῦ</span> <span class='ocrx_word' id='word_1_698' title='bbox 2753 5293 2830 5361; x_wconf 82' lang='grc' dir='ltr'><strong>τῷ</strong></span> <span class='ocrx_word' id='word_1_699' title='bbox 2863 5293 3006 5362; x_wconf 80' lang='grc' dir='ltr'>ἁγίῳ</span> <span class='ocrx_word' id='word_1_700' title='bbox 3036 5291 3431 5362; x_wconf 78' lang='grc' dir='ltr'>Πνεύματι,,ὲν</span> <span class='ocrx_word' id='word_1_701' title='bbox 3459 5291 3614 5354; x_wconf 78' lang='grc' dir='ltr'>τάξει</span> <span class='ocrx_word' id='word_1_702' title='bbox 3647 5289 3828 5358; x_wconf 78' lang='grc' dir='ltr'>μύρου</span> 
     </span>
    </p>
   </div>
   <div class='ocr_carea' id='block_1_105' title="bbox 538 5382 2107 5468">
    <p class='ocr_par' dir='ltr' id='par_1_105' title="bbox 538 5392 2100 5468">
     <span class='ocr_line' id='line_1_105' title="bbox 538 5392 2100 5468; baseline -0.006 -14"><span class='ocrx_word' id='word_1_703' title='bbox 538 5417 660 5455; x_wconf 84' lang='lat' dir='ltr'><strong>nem</strong></span> <span class='ocrx_word' id='word_1_704' title='bbox 688 5397 926 5468; x_wconf 87' lang='lat' dir='ltr'><strong>Spiritus</strong></span> <span class='ocrx_word' id='word_1_705' title='bbox 957 5397 1249 5453; x_wconf 87' lang='lat' dir='ltr'><strong>obtinebit.</strong></span> <span class='ocrx_word' id='word_1_706' title='bbox 1280 5395 1454 5451; x_wconf 90' lang='lat' dir='ltr'><strong>Porro</strong></span> <span class='ocrx_word' id='word_1_707' title='bbox 1512 5393 1604 5463; x_wconf 92' lang='lat' dir='ltr'><strong>qui</strong></span> <span class='ocrx_word' id='word_1_708' title='bbox 1639 5392 1754 5446; x_wconf 79' lang='lat' dir='ltr'><strong>ﬁeri</strong></span> <span class='ocrx_word' id='word_1_709' title='bbox 1806 5400 2005 5461; x_wconf 85' lang='lat' dir='ltr'><strong>potest,</strong></span> <span class='ocrx_word' id='word_1_710' title='bbox 2068 5407 2100 5444; x_wconf 95' lang='lat' dir='ltr'><strong>u</strong></span> 
     </span>
    </p>
   </div>
   <div class='ocr_carea' id='block_1_106' title="bbox 2212 5382 3831 5468">
    <p class='ocr_par' dir='ltr' id='par_1_106' title="bbox 2231 5382 3831 5458">
     <span class='ocr_line' id='line_1_106' title="bbox 2231 5382 3831 5458; baseline -0.006 -16"><span class='ocrx_word' id='word_1_711' title='bbox 2231 5390 2291 5442; x_wconf 81' lang='grc' dir='ltr'><strong>τὸ</strong></span> <span class='ocrx_word' id='word_1_712' title='bbox 2325 5389 2551 5458; x_wconf 88' lang='grc' dir='ltr'>Πνεῦμα</span> <span class='ocrx_word' id='word_1_713' title='bbox 2590 5386 2860 5441; x_wconf 87' lang='grc' dir='ltr'>κείσεται.</span> <span class='ocrx_word' id='word_1_714' title='bbox 2895 5385 3006 5438; x_wconf 75' lang='grc' dir='ltr'>Καὶ</span> <span class='ocrx_word' id='word_1_715' title='bbox 3035 5386 3154 5449; x_wconf 84' lang='grc' dir='ltr'><strong>πῶς</strong></span> <span class='ocrx_word' id='word_1_716' title='bbox 3185 5386 3252 5438; x_wconf 86' lang='grc' dir='ltr'><strong>ἂν</strong></span> <span class='ocrx_word' id='word_1_717' title='bbox 3287 5385 3369 5454; x_wconf 74' lang='grc' dir='ltr'><strong>εἴη</strong></span> <span class='ocrx_word' id='word_1_718' title='bbox 3398 5384 3500 5450; x_wconf 84' lang='grc' dir='ltr'><strong>τῆς</strong></span> <span class='ocrx_word' id='word_1_719' title='bbox 3532 5382 3705 5447; x_wconf 85' lang='grc' dir='ltr'>αὐτῆς</span> <span class='ocrx_word' id='word_1_720' title='bbox 3735 5382 3831 5434; x_wconf 79' lang='grc' dir='ltr'>ού-</span> 
     </span>
    </p>
   </div>
   <div class='ocr_carea' id='block_1_107' title="bbox 533 5485 2124 5560">
    <p class='ocr_par' dir='ltr' id='par_1_107' title="bbox 533 5485 2124 5560">
     <span class='ocr_line' id='line_1_107' title="bbox 533 5485 2124 5560; baseline -0.007 -12"><span class='ocrx_word' id='word_1_721' title='bbox 533 5493 776 5560; x_wconf 82' lang='lat' dir='ltr'><strong>ejusdem</strong></span> <span class='ocrx_word' id='word_1_722' title='bbox 810 5491 1065 5547; x_wconf 77' lang='lat' dir='ltr'><strong>essentia:</strong></span> <span class='ocrx_word' id='word_1_723' title='bbox 1091 5489 1163 5544; x_wconf 87' lang='lat' dir='ltr'><strong>sit</strong></span> <span class='ocrx_word' id='word_1_724' title='bbox 1188 5496 1548 5558; x_wconf 80' lang='lat' dir='ltr'><strong>unguentum,</strong></span> <span class='ocrx_word' id='word_1_725' title='bbox 1581 5496 1637 5541; x_wconf 79' lang='lat' dir='ltr'><strong>et</strong></span> <span class='ocrx_word' id='word_1_726' title='bbox 1668 5485 1759 5538; x_wconf 89' lang='lat' dir='ltr'><strong>ille</strong></span> <span class='ocrx_word' id='word_1_727' title='bbox 1805 5485 1895 5552; x_wconf 87' lang='lat' dir='ltr'><strong>qui</strong></span> <span class='ocrx_word' id='word_1_728' title='bbox 1944 5485 2124 5552; x_wconf 78' lang='lat' dir='ltr'><strong>ungit,</strong></span> 
     </span>
    </p>
   </div>
   <div class='ocr_carea' id='block_1_108' title="bbox 2237 5476 3830 5550">
    <p class='ocr_par' dir='ltr' id='par_1_108' title="bbox 2237 5476 3830 5550">
     <span class='ocr_line' id='line_1_108' title="bbox 2237 5476 3830 5550; baseline -0.006 -17"><span class='ocrx_word' id='word_1_729' title='bbox 2237 5481 2356 5543; x_wconf 85' lang='grc' dir='ltr'>σίας</span> <span class='ocrx_word' id='word_1_730' title='bbox 2390 5479 2470 5550; x_wconf 83' lang='grc' dir='ltr'><strong>τῷ</strong></span> <span class='ocrx_word' id='word_1_731' title='bbox 2499 5477 2709 5550; x_wconf 86' lang='grc' dir='ltr'>χρίσντι</span> <span class='ocrx_word' id='word_1_732' title='bbox 2736 5477 2796 5530; x_wconf 79' lang='grc' dir='ltr'><strong>τὸ</strong></span> <span class='ocrx_word' id='word_1_733' title='bbox 2836 5476 3034 5546; x_wconf 90' lang='grc' dir='ltr'>μύρον,</span> <span class='ocrx_word' id='word_1_734' title='bbox 3073 5477 3212 5548; x_wconf 80' lang='grc' dir='ltr'>μηδὲ</span> <span class='ocrx_word' id='word_1_735' title='bbox 3237 5476 3339 5545; x_wconf 85' lang='grc' dir='ltr'><strong>τῆς</strong></span> <span class='ocrx_word' id='word_1_736' title='bbox 3367 5476 3488 5530; x_wconf 78' lang='grc' dir='ltr'>καθ’</span> <span class='ocrx_word' id='word_1_737' title='bbox 3512 5476 3662 5544; x_wconf 75' lang='grc' dir='ltr'>ἡμᾶς</span> <span class='ocrx_word' id='word_1_738' title='bbox 3697 5490 3830 5525; x_wconf 83' lang='grc' dir='ltr'>συν-</span> 
     </span>
    </p>
   </div>
   <div class='ocr_carea' id='block_1_109' title="bbox 539 5565 2107 5646">
    <p class='ocr_par' dir='ltr' id='par_1_109' title="bbox 539 5578 2104 5646">
     <span class='ocr_line' id='line_1_109' title="bbox 539 5578 2104 5646; baseline -0.006 -8"><span class='ocrx_word' id='word_1_739' title='bbox 539 5603 661 5640; x_wconf 84' lang='lat' dir='ltr'><strong>eum</strong></span> <span class='ocrx_word' id='word_1_740' title='bbox 687 5585 1026 5639; x_wconf 89' lang='lat' dir='ltr'><strong>consuetudo</strong></span> <span class='ocrx_word' id='word_1_741' title='bbox 1084 5591 1271 5635; x_wconf 83' lang='lat' dir='ltr'><strong>nostra</strong></span> <span class='ocrx_word' id='word_1_742' title='bbox 1308 5579 1358 5634; x_wconf 89' lang='lat' dir='ltr'><strong>id</strong></span> <span class='ocrx_word' id='word_1_743' title='bbox 1421 5595 1525 5633; x_wconf 88' lang='lat' dir='ltr'><strong>non</strong></span> <span class='ocrx_word' id='word_1_744' title='bbox 1581 5578 1857 5646; x_wconf 84' lang='lat' dir='ltr'><strong>patiatur?</strong></span> <span class='ocrx_word' id='word_1_745' title='bbox 1895 5595 1927 5632; x_wconf 93' lang='grc' dir='ltr'><strong>ο</strong></span> <span class='ocrx_word' id='word_1_746' title='bbox 1979 5593 2104 5631; x_wconf 89' lang='lat' dir='ltr'><strong>omn</strong></span> 
     </span>
    </p>
   </div>
   <div class='ocr_carea' id='block_1_110' title="bbox 2212 5565 3831 5646">
    <p class='ocr_par' dir='ltr' id='par_1_110' title="bbox 2235 5565 3831 5642">
     <span class='ocr_line' id='line_1_110' title="bbox 2235 5565 3831 5642; baseline -0.005 -18"><span class='ocrx_word' id='word_1_747' title='bbox 2235 5573 2430 5642; x_wconf 81' lang='grc' dir='ltr'>ηοείας</span> <span class='ocrx_word' id='word_1_748' title='bbox 2452 5572 2513 5624; x_wconf 86' lang='grc' dir='ltr'><strong>τὸ</strong></span> <span class='ocrx_word' id='word_1_749' title='bbox 2539 5569 2780 5624; x_wconf 87' lang='grc' dir='ltr'>τοιοῦτον</span> <span class='ocrx_word' id='word_1_750' title='bbox 2809 5569 3197 5640; x_wconf 71' lang='grc' dir='ltr'>ὲπιδεχῦμενον</span> <span class='ocrx_word' id='word_1_751' title='bbox 3221 5587 3238 5637; x_wconf 85' lang='grc'><strong>;</strong></span> <span class='ocrx_word' id='word_1_752' title='bbox 3269 5569 3315 5622; x_wconf 83' lang='grc' dir='ltr'><strong>ὣ</strong></span> <span class='ocrx_word' id='word_1_753' title='bbox 3347 5569 3496 5638; x_wconf 83' lang='grc' dir='ltr'>πάσῃ</span> <span class='ocrx_word' id='word_1_754' title='bbox 3533 5565 3831 5636; x_wconf 82' lang='grc' dir='ltr'>μεθύοντες</span> 
     </span>
    </p>
   </div>
   <div class='ocr_carea' id='block_1_111' title="bbox 539 5667 2130 5738">
    <p class='ocr_par' dir='ltr' id='par_1_111' title="bbox 539 5667 2130 5738">
     <span class='ocr_line' id='line_1_111' title="bbox 539 5667 2130 5738; baseline -0.005 -12"><span class='ocrx_word' id='word_1_755' title='bbox 539 5675 769 5728; x_wconf 47' lang='lat' dir='ltr'><strong>Stultitia</strong></span> <span class='ocrx_word' id='word_1_756' title='bbox 791 5674 952 5737; x_wconf 85' lang='lat' dir='ltr'><strong>ebrii,</strong></span> <span class='ocrx_word' id='word_1_757' title='bbox 978 5681 1034 5728; x_wconf 90' lang='lat' dir='ltr'><strong>et</strong></span> <span class='ocrx_word' id='word_1_758' title='bbox 1063 5670 1304 5727; x_wconf 84' lang='lat' dir='ltr'><strong>omnium</strong></span> <span class='ocrx_word' id='word_1_759' title='bbox 1327 5669 1639 5738; x_wconf 83' lang='lat' dir='ltr'><strong>turpissima</strong></span> <span class='ocrx_word' id='word_1_760' title='bbox 1675 5667 1815 5735; x_wconf 90' lang='lat' dir='ltr'><strong>pleni</strong></span> <span class='ocrx_word' id='word_1_761' title='bbox 1853 5667 2130 5722; x_wconf 79' lang='lat' dir='ltr'><strong>temerita-</strong></span> 
     </span>
    </p>
   </div>
   <div class='ocr_carea' id='block_1_112' title="bbox 621 5785 1655 5854">
    <p class='ocr_par' dir='ltr' id='par_1_112' title="bbox 621 5785 1655 5854">
     <span class='ocr_line' id='line_1_112' title="bbox 621 5785 1655 5854; baseline 0.01 -22"><span class='ocrx_word' id='word_1_762' title='bbox 621 5785 865 5854; x_wconf 52' lang='lat' dir='ltr'><strong>lEpltcs.</strong></span> <span class='ocrx_word' id='word_1_763' title='bbox 921 5803 995 5846; x_wconf 87' lang='lat' dir='ltr'><strong>tv,</strong></span> <span class='ocrx_word' id='word_1_764' title='bbox 1035 5787 1122 5838; x_wconf 80' lang='grc' dir='ltr'><strong>Η.</strong></span> <span class='ocrx_word' id='word_1_765' title='bbox 1199 5790 1218 5820; x_wconf 79' lang='grc'>³</span> <span class='ocrx_word' id='word_1_766' title='bbox 1248 5788 1263 5840; x_wconf 93' lang='grc' dir='ltr'><strong>Ι</strong></span> <span class='ocrx_word' id='word_1_767' title='bbox 1294 5789 1424 5843; x_wconf 83' lang='lat' dir='ltr'><strong>Cor.</strong></span> <span class='ocrx_word' id='word_1_768' title='bbox 1453 5805 1527 5854; x_wconf 77' lang='lat' dir='ltr'><strong>lx,</strong></span> <span class='ocrx_word' id='word_1_769' title='bbox 1570 5789 1655 5842; x_wconf 73' lang='lat' dir='ltr'><strong>il.</strong></span> 
     </span>
    </p>
   </div>
   <div class='ocr_carea' id='block_1_113' title="bbox 551 5851 1024 5916">
    <p class='ocr_par' dir='ltr' id='par_1_113' title="bbox 551 5851 1024 5916">
     <span class='ocr_line' id='line_1_113' title="bbox 551 5851 1024 5916; baseline 0.011 -14"><span class='ocrx_word' id='word_1_770' title='bbox 551 5851 569 5882; x_wconf 81' lang='lat'><strong>&#39;</strong></span> <span class='ocrx_word' id='word_1_771' title='bbox 600 5851 644 5904; x_wconf 86' lang='lat' dir='ltr'><strong>ll</strong></span> <span class='ocrx_word' id='word_1_772' title='bbox 685 5853 812 5905; x_wconf 70' lang='grc' dir='ltr'>ιιυτ.</span> <span class='ocrx_word' id='word_1_773' title='bbox 859 5869 936 5916; x_wconf 83' lang='lat' dir='ltr'><strong>tv,</strong></span> <span class='ocrx_word' id='word_1_774' title='bbox 969 5856 1024 5908; x_wconf 79' lang='lat'><strong>6.</strong></span> 
     </span>
    </p>
   </div>
   <div class='ocr_carea' id='block_1_114' title="bbox 1767 5785 2216 5852">
    <p class='ocr_par' dir='ltr' id='par_1_114' title="bbox 1767 5785 2216 5852">
     <span class='ocr_line' id='line_1_114' title="bbox 1767 5785 2216 5852; baseline -0.011 -11"><span class='ocrx_word' id='word_1_775' title='bbox 1767 5788 1787 5818; x_wconf 81' lang='grc'><strong>³</strong></span> <span class='ocrx_word' id='word_1_776' title='bbox 1825 5785 1983 5841; x_wconf 80' lang='lat' dir='ltr'><strong>Joan.</strong></span> <span class='ocrx_word' id='word_1_777' title='bbox 2021 5786 2216 5852; x_wconf 76' lang='lat' dir='ltr'><strong>x1v,6.</strong></span> 
     </span>
    </p>
   </div>
   <div class='ocr_carea' id='block_1_115' title="bbox 2238 5657 3828 5736">
    <p class='ocr_par' dir='ltr' id='par_1_115' title="bbox 2238 5657 3828 5736">
     <span class='ocr_line' id='line_1_115' title="bbox 2238 5657 3828 5736; baseline -0.006 -17"><span class='ocrx_word' id='word_1_778' title='bbox 2238 5665 2414 5736; x_wconf 73' lang='grc' dir='ltr'>ἀνοίᾳ,</span> <span class='ocrx_word' id='word_1_779' title='bbox 2441 5664 2536 5716; x_wconf 71' lang='grc' dir='ltr'><strong>καὶ</strong></span> <span class='ocrx_word' id='word_1_780' title='bbox 2556 5663 2656 5732; x_wconf 70' lang='grc' dir='ltr'>τῆς</span> <span class='ocrx_word' id='word_1_781' title='bbox 2685 5661 2917 5714; x_wconf 75' lang='grc' dir='ltr'>ἁπασῶν</span> <span class='ocrx_word' id='word_1_782' title='bbox 2941 5662 3228 5732; x_wconf 79' lang='grc' dir='ltr'>αἰσχίστης</span> <span class='ocrx_word' id='word_1_783' title='bbox 3252 5661 3512 5724; x_wconf 78' lang='grc' dir='ltr'>ἀϐουλίας</span> <span class='ocrx_word' id='word_1_784' title='bbox 3538 5657 3828 5726; x_wconf 80' lang='grc' dir='ltr'>ἀνάπλεῳί</span> 
     </span>
    </p>
   </div>
   <div class='ocr_carea' id='block_1_116' title="bbox 2327 5773 3828 5848">
    <p class='ocr_par' dir='ltr' id='par_1_116' title="bbox 2327 5773 3828 5848">
     <span class='ocr_line' id='line_1_116' title="bbox 2327 5773 3828 5848; baseline -0.006 -13"><span class='ocrx_word' id='word_1_785' title='bbox 2327 5782 2346 5814; x_wconf 75' lang='grc'><strong>⁸</strong></span> <span class='ocrx_word' id='word_1_786' title='bbox 2377 5781 2534 5836; x_wconf 84' lang='lat' dir='ltr'><strong>.Ioan.</strong></span> <span class='ocrx_word' id='word_1_787' title='bbox 2611 5796 2699 5848; x_wconf 79' lang='lat' dir='ltr'><strong>xv,</strong></span> <span class='ocrx_word' id='word_1_788' title='bbox 2731 5781 2822 5835; x_wconf 74' lang='lat'><strong>9.6.</strong></span> <span class='ocrx_word' id='word_1_789' title='bbox 2901 5782 2921 5813; x_wconf 87' lang='grc'><strong><em>⁵</em></strong></span> <span class='ocrx_word' id='word_1_790' title='bbox 2958 5778 3163 5836; x_wconf 80' lang='lat' dir='ltr'><strong>lJoan.</strong></span> <span class='ocrx_word' id='word_1_791' title='bbox 3209 5795 3262 5846; x_wconf 79' lang='grc' dir='ltr'><strong>γ,</strong></span> <span class='ocrx_word' id='word_1_792' title='bbox 3294 5779 3349 5833; x_wconf 85' lang='grc'><strong>6.</strong></span> <span class='ocrx_word' id='word_1_793' title='bbox 3454 5774 3654 5830; x_wconf 83' lang='lat' dir='ltr'><strong>&#39;Joan.</strong></span> <span class='ocrx_word' id='word_1_794' title='bbox 3700 5789 3742 5839; x_wconf 88' lang='grc' dir='ltr'><strong>ι,</strong></span> <span class='ocrx_word' id='word_1_795' title='bbox 3773 5773 3828 5830; x_wconf 89' lang='lat'><strong>9.</strong></span> 
     </span>
    </p>
   </div>
  </div>
