4082 6396
282 252 391 316 865

1245 255 1623 317 PANOPLIA
1660 257 2113 318 DOGMATICA.
2143 280 2210 293 -
2252 256 2400 318 ΤΙΤ.
2448 258 2591 321 XII.

3455 265 3562 329 866

276 369 353 422 Οὐ
377 367 554 438 βραχὺ
575 366 960 438 διανήψαντες,
990 371 1087 424 καὶ
1114 367 1214 433 τὰς
1230 373 1361 442 περὶ
1394 373 1669 441 σωμάτων
1700 372 1862 440 ἀφέν-

1973 373 2054 424 tel
2090 372 2281 428 Nonne
2312 388 2606 444 parumper
2646 373 3001 443 resipiscetis.
3022 383 3075 431 et
3097 389 3387 444 corporcas
3419 382 3564 446 cosi-

274 478 369 524 τες
396 460 628 524 ὲννοὲας,
655 461 1012 515 ἀνελεύσεσθε
1045 461 1183 533 πρὸς
1212 464 1280 517 τὰ
1313 465 1529 533 μεγάλα
1555 465 1653 534 τῆς
1687 465 1869 517 θεολο-

274 553 403 621 γίας
446 552 741 622 ὑψώματα,
778 553 874 607 καὶ
915 554 1238 624 θεοπρεπῶς
1274 557 1342 609 τὰ
1388 558 1523 627 περὶ
1569 557 1670 627 τῆς
1714 557 1865 619 θείας

276 644 495 713 φύσεως
514 642 821 714 λαλούμενα
842 644 1189 714 διαλήψεσθε,
1220 646 1323 700 κᾶν
1343 648 1710 716 ἀνθρωπίνοις
1729 665 1867 719 προ-

279 739 517 808 φέρηται
546 736 781 808 ῥήμασι,
814 738 907 789 καὶ
938 740 1036 807 τῆς
1085 738 1223 807 πρὸς
1258 739 1405 809 ἡμᾶς
1439 740 1732 809 συνηθείας
1766 741 1864 812 οὐχ

280 829 592 903 ὑπερϐαίνει
636 830 699 882 τὸ
751 831 959 901 σχῆμα,
1000 830 1089 885 διὰ
1129 832 1191 885 τὸ
1229 832 1385 900 μόλις
1426 831 1570 885 οὕτω
1604 832 1865 888 δύνασθαι

278 923 420 976 νοεῖν
452 922 581 984 τοὺς
607 920 995 992 ἀκροωμένους
1023 937 1039 988 ;
1081 921 1201 975 Ἵνα
1230 922 1288 975 δέ
1315 940 1368 976 τι
1393 924 1512 986 ταῖς
1552 922 1706 993 ὑμῶν
1732 924 1866 993 εὐη-

278 1015 454 1077 θείαις
513 1013 765 1083 εἴπωμεν
841 1015 1123 1083 συγγενὲς,
1178 1017 1227 1068 εί
1274 1017 1333 1069 ἐν
1380 1015 1532 1080 τάξει
1585 1016 1760 1087 μύρου
1805 1016 1867 1071 τὸ

278 1104 503 1173 Πνεῦμα
545 1105 789 1159 κείσεται
826 1106 950 1158 καθ’
994 1106 1162 1177 ὑμᾶς,
1194 1107 1383 1176 ἐπειδὴ
1419 1107 1481 1160 τὸ
1510 1107 1738 1178 ἱχρίσμα
1770 1107 1864 1161 τοῦ

278 1194 526 1264 χρίοντος
565 1195 647 1249 δεῖ
681 1196 898 1258 πάντως
934 1188 1077 1248 εἰναι
1112 1194 1487 1265 ἑτεροούσιον,
1523 1196 1739 1262 ἀνάγκη
1773 1194 1864 1246 λέ-

275 1305 398 1355 γειν
418 1327 432 1351 ,
467 1287 657 1358 ἐπειδὴ
689 1288 750 1341 τὸ
792 1288 967 1359 μύρον
995 1288 1060 1341 ὲκ
1094 1287 1308 1340 πολλῶν
1345 1286 1680 1339 συντέθειται
1712 1286 1868 1356 παρὰ

276 1380 389 1430 τῶν
414 1382 496 1443 είς
520 1379 679 1433 τοῦτο
703 1382 906 1449 σοφὼν,
928 1379 1145 1449 ἀνάγκη
1173 1380 1266 1432 καὶ
1285 1379 1345 1431 τὸ
1372 1378 1599 1450 Πνεῦμα
1626 1378 1688 1431 τὸ
1709 1378 1864 1445 ἅγιον

274 1471 362 1523 διὰ
392 1471 599 1524 πολλῶν
621 1473 755 1542 ἡμῖν
775 1472 872 1526 καὶ
894 1463 1157 1525 ποικίλων
1186 1471 1505 1537 συγκεῖσθαι
1531 1471 1733 1541 μερῶν.
1756 1470 1866 1524 Καὶ

275 1560 445 1613 πάλιν
479 1560 665 1631 ἐπειδὴ
706 1562 767 1614 τὸ
811 1560 985 1632 μύρον
1012 1560 1210 1628 ἄλογον
1231 1601 1244 1624 ,
1275 1559 1469 1629 ἄλογον
1509 1558 1650 1613 ἔστω
1681 1562 1775 1614 καὶ
1804 1560 1865 1614 τὸ

276 1652 505 1721 Πνεῦμα
532 1655 595 1706 τὸ
629 1653 806 1722 ἅγιον.
860 1653 924 1708 Ἦ
961 1655 1059 1725 μὲν
1089 1655 1182 1707 ἐπὶ
1214 1652 1391 1722 τούτῳ
1421 1653 1706 1725 δυσφημία
1737 1653 1868 1724 δρα-

1970 464 2208 518 tationes
2273 465 2623 527 omittentes.‘
2656 466 2722 518 ad
2754 466 3042 520 sublimem
3103 467 3390 535 theologia:
3445 487 3562 520 ma-

1969 557 2307 626 gnitudinem
2338 560 2745 619 conscendetis,
2779 569 2833 611 ct
2861 574 2980 627 qua:
3012 560 3078 611 de
3138 569 3328 611 natura
3378 560 3557 612 divina

1968 648 2111 701 dicta
2141 660 2289 712 sunt,
2348 648 2472 703 licet
2500 650 2751 704 humanis
2780 651 2961 703 verbis
3014 651 3391 710 enuntientur,
3462 664 3562 701 no-

1968 753 2203 814 straaquc
2231 742 2645 796 consuetudinis
2686 741 2977 803 rationem,
3024 742 3167 809 quod
3202 743 3293 793 vix
3330 742 3399 792 ita
3435 756 3561 809 prs,

1967 833 2077 888 sint
2102 837 2170 887 ab
2197 832 2546 887 audientibus
2568 831 2795 899 percipi,
2838 847 2943 883 non
2974 842 3258 898 superant,
3348 834 3559 884 ratione

1970 931 2150 973 tamen
2194 921 2302 974 Deo
2348 921 2710 974 conveniente
2737 918 3093 987 intelligetis?
3127 919 3326 972 Verum
3374 921 3557 972 stnlt’-

1970 1011 2059 1065 tite
2092 1021 2283 1065 vestra:
2316 1025 2619 1078 congruens
2660 1010 2863 1079 aliquid
2888 1010 3338 1077 respondeamus.
3374 1007 3429 1062 Si
3462 1026 3559 1077 per

1969 1119 2067 1158 vos
2096 1105 2353 1172 unguenti
2386 1102 2564 1156 locum
2598 1113 2761 1171 atque
2796 1102 3041 1156 ordinem
3072 1101 3306 1170 Spiritus
3340 1104 3558 1154 obtine-

1968 1196 2068 1259 bit,
2100 1196 2355 1264 quoniam
2386 1204 2717 1264 unguentum
2752 1195 2819 1247 ab
2851 1209 2915 1247 eo
2961 1195 3051 1261 qui
3081 1195 3252 1261 ungit,
3287 1193 3553 1247 diversam

1971 1286 2172 1340 habere
2210 1296 2467 1339 naturam
2505 1298 2731 1338 necesse
2761 1295 2864 1349 est,
2896 1301 3020 1337 num
3072 1286 3238 1338 etiam
3299 1285 3552 1351 quoniam

1971 1389 2312 1447 unguentum
2340 1378 2405 1432 ab
2440 1377 2741 1432 artificibus
2788 1392 2853 1430 ex
2893 1378 3078 1430 multis
3134 1378 3436 1441 conﬁcitur,
3466 1394 3557 1430 ne-

1970 1485 2123 1525 cesse
2145 1468 2430 1538 eritzvobis
2458 1476 2511 1523 et.
2547 1465 2817 1538 Spiritum
2853 1477 3099 1523 sanctum
3133 1468 3313 1521 multis
3344 1483 3407 1521 ex
3429 1484 3555 1535 par-

1973 1561 2118 1615 tibus
2146 1574 2268 1615 esse
2292 1558 2702 1629 compositum?
2729 1558 2999 1613 Praeterea
3036 1575 3161 1611 cum
3219 1570 3553 1627 unguentum

1972 1653 2199 1708 rationis
2216 1654 2289 1707 sit
2319 1668 2538 1721 expers,
2572 1653 2801 1707 rationis
2852 1668 3046 1720 expers
3075 1653 3146 1706 sit
3168 1651 3334 1704 etiam
3386 1648 3558 1717 Spiri—

279 1711 462 1813 μεῖται
508 1711 726 1809 πάντως
767 1747 844 1808 είς
881 1711 981 1810 τάξ
1018 1746 1245 1800 ἐκείνων
1288 1711 1783 1815 κείραλόις’·⁸·ί]μ.ε“ίς⁸
1806 1744 1862 1797 δὲ

1973 1755 2057 1799 tus
2080 1754 2323 1799 sanctus.
2349 1743 2502 1810 Quod
2526 1745 2629 1799 hoc
2657 1744 2713 1798 in
2738 1759 2795 1797 re
2819 1743 2957 1796 male
2984 1743 3187 1796 dictum
3216 1749 3318 1805 est,
3373 1744 3427 1797 in
3464 1760 3558 1795 co-

276 1828 461 1897 αὐτοῖς
492 1837 990 1906 ἁντεπαγὰγωμεν,
1013 1838 1075 1891 Ei
1107 1838 1446 1907 ὲτεροούσιον
1471 1838 1534 1889 τὸ
1560 1837 1780 1906 Πνεῦμα
1805 1837 1867 1889 τὸ

274 1927 433 1995 ἅγιον
469 1927 565 1981 τοῦ
592 1929 650 1980 ἑν
667 1929 814 1999 αὐτῷ
857 1930 1105 1999 χρίοντος
1134 1929 1261 1992 τοὺς
1301 1929 1491 1996 ἁγίους
1520 1927 1682 1994 Θεοῦ,
1718 1929 1862 1995 πῶς,

276 2018 375 2071 τοῦ
422 2019 740 2089 Πνεύματος
791 2019 1070 2084 οἰκοῦντος
1115 2021 1173 2073 ὲν
1222 2021 1379 2090 ἡμῖν,
1423 2019 1658 2090 Χριστὸς
1702 2019 1866 2073 οίκῶν

278 2109 673 2163 ἀποδείκνυται
692 2112 720 2163 ὁ
748 2109 824 2179 τῷ
856 2111 1027 2180 Πατρὶ
1057 2111 1182 2164 κατ’
1201 2110 1387 2163 οὐσίαν
1408 2110 1507 2179 οὐχ
1532 2109 1720 2180 ἕτερον
1751 2108 1862 2179 ὡν;

276 2200 458 2269 Ὀπερ
487 2198 642 2263 εἰδὼς
666 2202 797 2254 καὶὸ
827 2201 1036 2263 Παῦλος
1055 2200 1383 2255 ἐπιστέλλει·
1402 2200 1540 2254 ἰνα
1566 2202 1687 2268 δῴη
1718 2202 1865 2270 ἡμῖν

273 2292 425 2347 κατὰ
473 2292 582 2346 τὸν
634 2292 903 2349 πλοῦτον
957 2294 1067 2363 τῆς
1110 2294 1339 2359 δόσεως
1383 2294 1572 2349 αὐτοῦ
1614 2294 1864 2363 δυνάμει

272 2386 711 2462 κραταιωθῆναι
746 2386 842 2441 διὰ
871 2388 979 2442 τοῦ
1007 2389 1353 2455 Πνεύματος
1385 2388 1595 2450 αὐτοῦ,
1636 2391 1724 2453 εἰς
1755 2388 1864 2442 τὸν

272 2477 397 2530 ἔσω
434 2476 750 2545 ἄνθρωπον
778 2478 1139 2547 κατοικῆσαι
1178 2481 1283 2534 τὸν
1322 2479 1583 2549 Χριστὸν
1619 2478 1717 2532 διὰ
1751 2477 1862 2547 τῆς

271 2569 535 2634 πίστεως
576 2569 645 2622 ἐν
676 2568 805 2635 ταῖς
845 2569 1116 2639 καρδίαιρ
1144 2572 1349 2640 ,ήμῶν.
1393 2572 1522 2625 Ὅιε
1556 2570 1735 2625 τοίνυν
1772 2568 1862 2623 διὰ

270 2658 367 2711 τοῦ
401 2660 542 2712 Πνεύ
553 2677 721 2729 ματος
747 2663 825 2724 εἰς
855 2662 948 2713 τὸν
978 2660 1087 2729 ἔσω
1115 2662 1403 2734 ἄνθρωπον
1423 2665 1451 2716 ὁ
1471 2662 1705 2731 Χριστὸς
1724 2677 1828 2715 κατ
1842 2687 1862 2701 ο

273 2756 435 2818 οικεῐ,
502 2754 765 2823 πρόδηλον
820 2753 1113 2824 δήπουθεν,
1155 2752 1229 2816 ὡς
1279 2755 1380 2808 οὐκ
1416 2754 1699 2823 ἀλλότριόν
1744 2755 1860 2806 ἐστι

270 2842 373 2910 τῆς
431 2842 622 2905 οὐσίας
685 2841 852 2895 αὐτοῦ
909 2844 972 2897 τὸ
1019 2843 1088 2896 δι’
1144 2836 1206 2897 οὗ
1253 2844 1365 2906 τοῖς
1425 2845 1604 2911 ἁγίοις
1634 2845 1862 2898 ἑνοικῶν

272 2932 557 3000 φαίνεται.

504 3028 606 3084 Ἐκ
636 3028 742 3082 τοῦ
765 3028 934 3093 κατὰ,
953 3027 1231 3096 Ἰωάννην
1255 3028 1647 3099 Εὑαγγελίου.

360 3117 422 3172 ’0
462 3117 667 3187 Κύριος
711 3120 870 3189 ἡμῶν
918 3118 1130 3187 Ἰησοῦς
1167 3119 1405 3186 Χριστὸς
1442 3118 1609 3189 τιμὴν
1640 3119 1860 3183 ἀποσῶ-

272 3210 390 3273 ζων
413 3212 481 3279 τῇ
502 3210 620 3281 θείᾳ
642 3210 823 3279 φύσει,
847 3210 1221 3282 ἀφεθήσεσθαι
1247 3212 1348 3282 μὲν
1364 3210 1762 3283 διισχυρίζεται
1781 3212 1861 3283 τῷ

271 3301 490 3370 λέγοντι
518 3301 671 3368 λόγον
700 3302 841 3355 κατὰ
865 3302 957 3355 τοῦ
986 3302 1118 3356 Υίοῦ
1138 3303 1234 3356 τοῦ
1258 3303 1571 3374 ἀνθρώπου,
1596 3304 1674 3374 τῷ
1700 3303 1757 3357 δὲ
1779 3305 1863 3369 εἰς

271 3396 334 3447 τὸ
357 3393 515 3463 ἅγιον
546 3394 771 3465 Πνεῦμα
795 3396 1212 3467 δυσφημήσαντι
1237 3396 1338 3449 οὐκ
1367 3396 1705 3467 ἀφεθήσεται
1736 3396 1861 3451 οὔτε

275 3488 336 3536 ὲν
366 3485 448 3555 τῷ
485 3484 579 3537 νῦν
607 3487 796 3551 αἰῶνι,
836 3483 959 3539 οὔτε
993 3489 1051 3539 ὲν
1095 3486 1175 3557 τῷ
1206 3486 1477 3557 μέλλοντι.
1524 3487 1663 3541 Ἀλλ’
1701 3490 1860 3558 εῐπερ

280 3573 351 3645 ἦν
378 3578 587 3647 ποίημα
610 3579 669 3631 τὸ
702 3577 925 3648 Πνεῦμα
947 3581 1008 3631 τὸ
1037 3578 1215 3648 ἅγιον,
1244 3579 1340 3633 καὶ
1372 3580 1447 3650 μὴ
1474 3580 1574 3650 τῆς
1597 3580 1746 3645 θείας
1768 3582 1861 3634 ού-

284 3668 408 3731 σέας
427 3671 641 3740 ὑπῆρχε
664 3671 838 3741 Πατρὶ
859 3670 1212 3739 συνθεολογού
1222 3686 1404 3741 μενον,
1435 3670 1605 3741 πῶςὴ
1625 3672 1706 3736 είς
1727 3673 1861 3726 αὐτὸ

272 3762 564 3831 δυσφημία
591 3761 862 3833 τοσαύτην
891 3761 1006 3831 ἔχει
1043 3763 1142 3830 τὴν
1166 3762 1413 3828 κόλασιν,
1445 3764 1544 3833 ὅση
1580 3763 1860 3818 κατὰτῶν

275 3854 360 3915 εἰς
393 3851 526 3905 Θεὸν
556 3853 986 3924 δυσφημούντων
1016 3854 1301 3924 ὀρίζεταις
1347 3854 1489 3909 Ἀλλ’
1520 3855 1638 3909 ἔστι
1668 3856 1857 3924 δῆλον’,

275 3950 358 4000 ὅτι
390 3948 524 4010 Θεὸς
553 3951 619 4003 ἐκ
641 3950 799 4016 Θεοῦ,
832 3952 926 4004 καὶ
949 3952 1007 4004 ὲν
1031 3950 1151 4021 Θεῷ
1177 3951 1239 4003 τὸ
1267 3951 1513 4020 Πνεῦμα,
1542 3951 1605 4004 τὸ
1628 3950 1702 4013 ὡς
1728 3950 1861 4013 Θεὸς

274 4039 595 4109 τιμώμενον
642 4042 796 4112 παρὰ
842 4044 961 4107 ταῖς
1011 4042 1185 4106 θείαις
1242 4043 1513 4114 Γραφαῖς,
1554 4044 1650 4096 καὶ
1686 4042 1861 4107 οὕτως

278 4133 530 4205 ὑπάρχον
559 4136 623 4205 τῇ
656 4134 840 4204 φύσει.

500 4272 514 4305 ι
850 4226 946 4279 Ἐκ
978 4225 1084 4280 τοῦ
1119 4226 1331 4281 αὐτοῦ.

351 4321 438 4386 El,
452 4319 706 4389 καθάπερ
739 4318 1205 4389 φησὶνὸΣωτὴρ,ι
1228 4319 1643 4388 Ὀγεννώμενος
1677 4322 1739 4373 ὲκ
1764 4320 1858 4374 τοῦ

1884 3057 1931 3122 C

1971 1855 2089 1893 rum
2113 1839 2293 1906 capita
2331 1836 2555 1892 omnino
2578 1837 2853 1892 decurrct.
2893 1835 3001 1890 Nos
3034 1845 3214 1889 autem
3240 1845 3427 1891 contra
3472 1838 3551 1890 Sil:

1969 1930 2292 1998 objiciemus
2323 1948 2338 1986 :
2378 1930 2434 1983 Si
2475 1930 2687 1984 diversa
2721 1929 2958 1997 Spiritus
2993 1930 3229 1982 essentia
3249 1940 3331 1984 εει
3362 1944 3388 1980 a
3422 1928 3553 1991 Deo,

1967 2023 2057 2090 qui
2089 2030 2312 2074 sanctos
2334 2021 2486 2090 ungit
2517 2020 2633 2087 ipso
2664 2018 2894 2089 Spiritu,
2928 2035 3026 2074 cur
3058 2018 3266 2089 Spiritu
3305 2020 3357 2072 in
3393 2021 3549 2072 HOIJIS

1968 2112 2243 2165 habitante
2279 2110 2532 2166 Christus
2563 2110 2812 2167 habitare
2858 2111 3289 2172 demonstratur,
3314 2110 3404 2180 qui
3441 2129 3546 2163 non

1967 2214 2047 2257 est
2068 2205 2305 2258 essentia
2330 2205 2580 2257 diversus
2608 2221 2634 2257 ιι
2666 2203 2870 2257 Patre?
2913 2203 3070 2269 Quod
3127 2205 3341 2272 quidem
3406 2203 3548 2256 Pau-

1967 2295 2049 2349 lns
2084 2296 2389 2366 intelligens
2417 2316 2427 2349 :
2459 2294 2524 2349 Ut
2575 2297 2683 2357 det,
2715 2295 2909 2366 inquit,
2930 2296 3091 2349 'nobis
3111 2297 3391 2349 secundum
3415 2297 3553 2349 divi-

1967 2389 2069 2441 tias
2102 2388 2283 2456 gloria:
2342 2405 2453 2440 sua:
2507 2390 2585 2441 vir
2609 2398 2693 2441 ute
2742 2388 3081 2442 corroborari
3149 2403 3242 2455 per
3292 2387 3548 2457 Spiritum

1964 2497 2138 2543 suum,
2174 2481 2226 2533 in
2259 2481 2511 2534 interiore
2566 2482 2792 2546 homine,
2856 2482 3100 2535 habitare
3152 2481 3416 2535 Christum
3459 2496 3549 2539 per

1964 2571 2120 2639 ﬁdem
2154 2574 2207 2625 in
2262 2573 2506 2626 cvrdibus
2564 2575 2758 2627 nostris
2791 2576 2829 2628 ⁸.
2897 2574 3031 2629 Cum
3101 2573 3264 2643 igitur
3299 2574 3551 2627 Christus

1968 2677 2064 2730 per
2090 2661 2347 2730 Spiritum
2378 2663 2581 2717 habitet
2609 2664 2660 2715 in
2698 2664 2913 2717 homine
2968 2664 3252 2729 interiore,
3330 2668 3543 2732 perspi-

1964 2765 2125 2805 cuum
2167 2764 2274 2817 est,
2319 2754 2494 2822 ipsum
2542 2755 2779 2809 essentia
2833 2771 2937 2809 non
2972 2755 3190 2810 differre
3222 2760 3288 2809 ab
3330 2774 3393 2809 co
3453 2772 3550 2825 per

1964 2860 2124 2916 quem
2158 2846 2210 2899 in
2247 2850 2455 2901 sanetis
2479 2846 2701 2911 videtur
2717 2848 2983 2903 habitare.

2427 3023 2509 3077 Εα·
2532 3023 2758 3079 Joannis
2778 3022 3084 3094 Evangelia.

2037 3117 2295 3172 Dominus
2351 3130 2536 3172 uoster
2588 3117 2746 3173 Jesus
2802 3118 3082 3184 Christus,
3139 3118 3335 3173 divina:
3391 3130 3552 3173 natu-

1966 3226 2040 3265 ra:
2088 3212 2349 3265 honorem
2378 3226 2624 3275 servans,
2653 3210 2701 3264 ei
2734 3211 2826 3280 qui
2878 3212 3101 3265 verbum
3153 3212 3412 3266 adversus
3460 3210 3547 3264 Fi-

1966 3305 2097 3358 lium
2135 3303 2381 3358 hominis
2421 3304 2642 3369 dixerit,
2675 3306 2885 3357 veniam
2918 3304 3147 3357 aﬂirtuat
3178 3304 3549 3358 datnmiri.At

1964 3398 2056 3467 qui
2084 3400 2134 3451 in
2158 3396 2420 3466 Spiritum
2450 3408 2693 3451 sanctum
2725 3397 3008 3453 maledicta
3036 3398 3349 3467 conjecerit,
3378 3398 3427 3452 ei
3461 3415 3554 3449 "('-

1963 3506 2066 3562 quc
2080 3492 2133 3545 in
2147 3492 2252 3545 hoc
2269 3492 2463 3546 sarculo
2482 3491 2723 3561 ignotum
2746 3493 3020 3561 iri,neqne
3039 3493 3092 3545 in
3118 3492 3296 3545 futuro
3314 3493 3356 3544 ’.
3388 3489 3537 3557 Quod

1962 3585 2007 3637 si
2027 3592 2241 3636 creatus
2254 3581 2583 3650 estSpiritus
2623 3596 2862 3651 sanctus,
2883 3584 2969 3638 cui
2996 3584 3281 3638 maledicta
3300 3585 3350 3636 in
3374 3584 3545 3652 ipsum

1962 3674 2274 3745 conjicienti
2331 3684 2539 3729 tantum
2607 3678 2929 3744 proponitur
2975 3676 3317 3746 supplicium,
3374 3692 3542 3744 quan-

1965 3776 2075 3822 tum
2109 3767 2217 3822 Deo
2234 3767 2679 3821 malcdicentibns
2699 3777 2782 3822 est
2801 3768 3077 3821 deﬁnitum
3098 3768 3121 3821 ?
3144 3767 3365 3822 Constat
3385 3769 3547 3835 igitur

1961 3858 2127 3914 Deum
2159 3875 2226 3913 ex
2246 3859 2492 3935 Decesse
2514 3860 2770 3928 Spiritum
2791 3869 3064 3929 sanctum,
3088 3862 3175 3929 qui
3202 3869 3260 3914 ut
3280 3860 3416 3915 Deus
3434 3863 3501 3914 Im
3528 3892 3543 3900 -

1962 3960 2188 4005 noratnr
2220 3952 2274 4005 in
2308 3951 2606 4022 Scripturis
2645 3952 2880 4020 divinis,
2914 3963 3075 4023 atque
3113 3954 3181 4007 ita
3218 3964 3408 4006 natura
3463 3965 3542 4008 est

1963 4041 2124 4096 Deus.

2493 4218 2578 4271 Ea;
2597 4220 2795 4272 eodem.

2038 4312 2117 4377 Si,
2140 4316 2592 4382 quemadmodum
2621 4314 2878 4367 Servator
2895 4313 2970 4366 ait
3002 4328 3017 4365 :
3047 4313 3152 4377 Qui
3194 4322 3349 4367 natus
3370 4327 3444 4366 est
3479 4331 3545 4367 ea:

281 4413 601 4480 Πνεύματος
635 4411 857 4481 πνεῦμὰ
885 4411 1034 4463 ἐστιν
1055 4423 1069 4438 ⁸
1102 4427 1121 4460 ι
1153 4411 1181 4462 ὁ
1208 4409 1265 4461 δὲ
1294 4409 1535 4472 τοιοῦτος
1564 4412 1667 4464 οὐκ
1686 4412 1745 4475 ἐξ
1775 4415 1860 4465 αἱ-

1967 4403 2190 4470 Spiritu,
2223 4404 2437 4471 spiritus
2469 4414 2541 4454 est
2581 4403 2623 4466 ³,
2661 4402 3379 4470 hnjusmodiautmnnnncx
3418 4421 3544 4454 sin-

283 4506 495 4574 μάτων,
534 4504 654 4557 οὐδὲ
687 4505 750 4557 ὲκ
778 4504 1083 4573 θελήματος
1118 4502 1330 4572 ἀνδρὸς,
1369 4502 1401 4570 ἢ
1434 4504 1715 4570 γυναικὸς,
1745 4508 1860 4558 ἀλλ’

280 4602 344 4650 ὲκ
388 4596 522 4651 Θεοῦ
552 4596 815 4667 ἐγεννήθη
841 4613 855 4626 ·
888 4596 1021 4658 Θεὸς
1051 4596 1161 4666 ἄρα
1196 4594 1258 4647 τὸ
1290 4594 1516 4663 Πνεῦμά
1558 4599 1672 4650 ἐστι
1720 4598 1861 4652 κατὰ

282 4690 447 4757 φύσιν
482 4690 541 4741 τὸ
571 4691 694 4751 τοὺς
726 4690 875 4750 υἱοὺς
908 4688 1219 4755 ἁναγεννῶν
1242 4688 1320 4749 είς
1354 4688 1581 4757 ἑνότητα
1602 4688 1701 4758 τὴν
1724 4692 1861 4759 πρὸς

283 4780 417 4833 Θεὸν
441 4779 531 4833 διὰ
554 4780 614 4832 τὸ
645 4781 917 4832 κατοικεῖν
940 4780 998 4830 ἐν
1018 4779 1223 4840 αὐτοῖς,
1248 4776 1462 4846 καὶτῆς
1488 4778 1624 4841 ίδίας
1647 4778 1861 4847 φύσεως

282 4870 617 4943 ἐργάζεσθαι
651 4870 967 4931 κοινωνούς.

354 4965 417 5017 Εἰ
449 4965 685 5017 θεοποιεῖ
712 4962 773 5015 τὸ
803 4962 1028 5031 Πνεῦμα
1058 4962 1189 5025 τοὺς
1218 4963 1277 5016 ἐν
1302 4959 1384 5027 οἷς
1410 4963 1478 5017 ἂν
1504 4963 1735 5028 γένοιτο,
1766 4961 1864 5013 καὶ

285 5057 547 5126 μετόχους
586 5055 735 5117 θείας
761 5054 1059 5123 ἐργάζεται
1088 5053 1304 5122 φύσεως
1323 5094 1338 5120 ,
1374 5054 1485 5124 ἄρα
1521 5054 1642 5108 ἐστὶ
1674 5053 1772 5107 καὶ
1799 5054 1865 5106 ὲκ

280 5149 381 5217 τῆς
415 5148 568 5209 θείας
603 5146 791 5208 οὐσίας
826 5144 1072 5215 φυσικῶς
1112 5148 1179 5199 δι’
1212 5144 1343 5198 Υἱοῦ
1373 5148 1442 5217 τῇ
1484 5144 1658 5198 κτίσει
1694 5160 1865 5213 χορη-

283 5238 581 5308 γούμενον,
622 5237 713 5290 καὶ
751 5237 1103 5304 ἀναμορφοῦν
1136 5238 1340 5307 αὐτὴν,
1381 5237 1458 5299 ὡς
1496 5236 1635 5307 πρὸς
1670 5235 1855 5288 ἑαυτό.

282 5331 499 5399 Ὥσπερ
532 5330 641 5397 γὰρ
675 5329 853 5396 φωτὸς
886 5329 1088 5381 οἰκεῖον
1118 5328 1279 5398 ἔργον
1316 5327 1436 5381 ἐστὶ
1466 5328 1528 5380 τὸ
1562 5326 1856 5396 φωτίζειν,

282 5430 374 5475 καὶ
401 5424 504 5476 οὐκ
535 5422 601 5476 ἄν
634 5439 685 5474 τι
713 5420 931 5474 δύναιτο
963 5420 1237 5488 φωτίζειν,
1268 5421 1317 5472 εί
1351 5419 1426 5491 μὴ
1456 5420 1690 5489 ὑπάρχει
1717 5419 1855 5486 φὼςο

279 5515 425 5568 οὕτω
453 5515 545 5567 καὶ
565 5511 660 5565 τοῦ
691 5496 836 5565 θείου
861 5510 1177 5579 Πνεύματος
1203 5511 1363 5580 ἔργον
1391 5510 1450 5561 τὸ
1478 5509 1657 5572 θείους
1687 5511 1857 5580 ἔργά-ε

278 5608 472 5673 ζεσθαι
520 5607 646 5670 τοὺς
682 5605 1009 5674 δεξαμένους
1055 5604 1205 5667 αὐτὸ,
1256 5603 1350 5655 καὶ
1390 5600 1501 5655 οὐδ’
1535 5601 1600 5654 ἂν
1641 5600 1858 5670 φύσεως

358 5727 371 5754 ⁸
420 5722 614 5793 Ephcs.
648 5736 729 5786 ιιι,
776 5718 861 5785 ιϐ,
924 5719 1011 5773 Π.
1122 5720 1141 5748 ³
1214 5717 1404 5771 Mttth.
1465 5732 1559 5779 xtl,
1617 5718 1705 5772 52.

1784 5715 1982 5770 ³1ιιξιιι.
2018 5733 2096 5778 tlt,
2124 5716 2177 5770 (ἶ.

1961 4495 2215 4564 guinibns
2246 4508 2422 4562 neque
2478 4508 2541 4545 ex
2577 4496 2856 4547 voluntate
2880 4495 3008 4559 viri,
3040 4504 3133 4546 aut
3163 4495 3394 4557 feminae,
3446 4496 3540 4546 sed

1959 4602 2030 4640 et
2063 4586 2335 4639 voluntate
2393 4586 2482 4637 Dci
2513 4596 2669 4637 natus
2691 4597 2775 4640 est
2800 4589 2841 4649 ⁵,
2914 4586 3055 4640 Deus
3105 4586 3288 4654 utique
3350 4595 3541 4639 natura

1960 4684 2045 4733 est
2104 4676 2339 4744 Spiritus
2400 4686 2641 4742 sanctus,
2674 4681 2763 4743 qui
2803 4677 2941 4729 tilios
2992 4685 3300 4745 regenerat,
3326 4686 3386 4729 ut
3415 4691 3539 4730 cum

1962 4770 2075 4824 Deo
2125 4768 2546 4838 conjungantur,
2596 4770 2736 4836 quod
2769 4771 2985 4837 quidem
3047 4769 3435 4838 praistal,dttttt
3486 4769 3540 4821 in

1964 4862 2070 4916 illis
2126 4862 2355 4926 habitat,
2387 4870 2699 4928 naturaeque
2727 4876 2838 4914 sum
2896 4862 3189 4930 participes
3222 4860 3370 4915 facit.

2033 4953 2088 5007 Si
2121 4952 2355 5022 Spiritus
2383 4967 2478 5006 eos
2503 4954 2554 5005 in
2588 4953 2782 5020 quibus
2812 4965 2895 5007 est
2928 4956 3055 5007 deos
3088 4952 3286 5017 reddit,
3323 4952 3546 5005 divinzr-

1962 5063 2069 5115 que
2102 5057 2310 5099 natnrze
2370 5046 2663 5114 participes
2724 5046 2875 5107 facit,
2939 5060 3002 5097 ex
3048 5045 3230 5098 divina
3285 5045 3543 5097 nimirum

1961 5138 2200 5192 essentia
2239 5145 2323 5190 est
2376 5137 2717 5199 naturaliter,
2765 5148 2820 5189 et
2876 5138 3035 5191 rebus
3097 5138 3395 5206 procreatis
3449 5152 3547 5205 per

1967 5230 2165 5285 Filium
2195 5230 2373 5292 datus,
2403 5242 2496 5283 eas
2523 5218 2781 5297 umquam
2814 5229 2917 5282 sibi
2944 5229 3054 5297 ipsi
3082 5229 3291 5282 similes
3356 5227 3540 5281 eﬂicit.

1966 5322 2432 5388 Quemadmodum
2468 5322 2743 5390 proprium
2781 5323 2988 5390 lucipus
3026 5338 3085 5374 os
3117 5331 3200 5374 est
3252 5321 3541 5381 illustrare,

1968 5431 2065 5469 nec
2106 5424 2289 5482 posset
2318 5414 2611 5482 quidquam
2649 5413 2944 5476 illustrare,
2981 5414 3083 5464 nisi
3112 5421 3255 5464 esset
3305 5410 3414 5470 lux,
3470 5409 3539 5459 ita

1966 5506 2142 5561 Sancti
2206 5505 2442 5575 Spiritus
2471 5521 2606 5574 opus
2631 5514 2709 5559 est
2736 5506 2967 5558 divinos’
2995 5508 3233 5561 elucere,
3292 5514 3321 5551 ο
3346 5498 3541 5566 quibus

1968 5600 2081 5669 ipse
2110 5581 2426 5667 suscipitur,
2465 5613 2565 5650 nec
2593 5612 2707 5656 eos,
2736 5596 2827 5663 qui
2896 5596 3067 5661 ipsum
3122 5590 3347 5653 habent,
3401 5589 3540 5641 divi-

2258 5715 2276 5744 ⁵
2301 5713 2458 5769 Joan.
2490 5730 2525 5770 t.
2559 5715 2640 5766 18.
