4082 6420
473 291 577 354 867

1711 283 2097 350 EUTIIYMII
2141 276 2508 342 ZIGABEN’I

3659 275 3765 338 868

477 423 562 460 na:
580 412 789 459 natura
811 403 1112 475 participes
1135 403 1563 464 demonstraret,
1586 398 1687 453 nisi
1707 400 1906 453 dirime
1957 400 2072 468 ἱρδο

2200 397 2329 458 ιείας
2363 395 2603 447 ἐδείκνυε
2641 391 2935 454 κοινωνοὺς
2981 391 3108 454 τοὺς
3146 388 3370 460 ἔχοντας
3407 388 3571 453 αὐτὸ,
3609 393 3656 444 εἰ
3696 393 3772 464 μὴ

473 512 618 555 esset
653 510 881 553 naturae.

939 592 1169 661 Objectio
1189 592 1582 647 haereticorum.

554 687 839 756 Spiritum,
867 686 1136 754 inquiunt,
1171 685 1538 745 sanctiﬁcare.
1577 697 1674 736 vus
1701 696 1920 752 quoque
1940 695 2074 736 con-

483 779 791 837 tilehimini.
833 780 1028 833 Verum
1060 777 1112 830 id
1165 777 1294 832 facit
1331 794 1436 831 non
1485 792 1583 846 per
1619 790 1700 840 se,
1733 777 1878 844 quod
1916 785 2077 828 natu-

490 891 549 929 ra
570 875 642 928 sit
672 871 961 943 ejustnodi,
992 873 1084 924 sed
1109 881 1166 924 ut
1190 871 1610 924 instrumentum
1640 885 1705 923 ex
1734 867 1879 922 ferro
1908 869 2082 921 aliave

486 965 790 1020 cuttfectum
827 963 1051 1017 materia
1089 961 1157 1016 ab
1186 963 1309 1032 igne
1357 968 1575 1030 sumpta
1611 959 1890 1013 caliditate
1938 957 2079 1025 ignis

487 1073 710 1111 llttlltet‘e
751 1055 1018 1123 fungitur,
1057 1058 1134 1108 sic
1169 1055 1281 1123 ipse
1318 1065 1539 1119 accepta
1565 1068 1593 1105 a
1631 1053 1740 1106 Deo
1789 1051 2082 1104 sanctitate

486 1148 650 1201 rebus
674 1149 834 1200 etiam
863 1146 1168 1215 procreatis
1192 1144 1519 1212 impertitur.
1553 1142 1707 1207 Quod
1739 1142 1959 1210 quidem
2017 1141 2083 1194 de

487 1241 655 1305 illius,
683 1242 775 1308 qui
805 1238 1022 1293 mentiri
1057 1253 1163 1291 non
1198 1247 1398 1305 potest,
1439 1235 1759 1290 testimonio
1823 1249 2083 1304 compro-

488 1332 672 1394 batur,
711 1346 903 1398 nempe
933 1327 1244 1383 Servatoris
1283 1328 1458 1380 nostri
1496 1343 1509 1379 :
1551 1324 1658 1388 Qui
1685 1325 1750 1378 de
1794 1341 1931 1390 meo,
1997 1325 2082 1377 in-

491 1429 628 1494 quit,
663 1425 887 1492 accipiet
916 1426 957 1478 ¹.

565 1517 710 1582 Non,
741 1516 814 1570 De
844 1532 983 1582 meo,
1007 1515 1201 1582 inquit,
1234 1513 1485 1583 accipiet,
1519 1523 1572 1566 et
1598 1511 1964 1568 sanctiﬁcahit
1993 1527 2087 1565 vos

495 1611 663 1681 (quod
710 1619 894 1664 tamen
927 1610 972 1663 si
1005 1609 1210 1662 dictum
1241 1617 1409 1673 esset,
1448 1606 1582 1660 nihil
1651 1606 1780 1660 imle
1829 1605 2088 1659 ollensit):

493 1707 582 1758 nis
636 1703 918 1757 auditores
947 1700 1340 1770 perciperent),
1383 1699 1474 1753 sed
1509 1715 1525 1754 :
1564 1698 1637 1752 De
1662 1715 1798 1763 meo,
1833 1695 2091 1752 Servatur

2177 489 2280 558 τῆς
2314 487 2466 550 θείας
2495 485 2688 547 οὐσίας
2723 485 2974 554 ὑπῆρχεν
3008 483 3161 536 αὐτό.

2633 579 2956 641 Ἀντίθεσις
2987 573 3325 641 αἱρετικῶν.

2263 670 2613 741 ’Λγιαστικόν
2665 685 2830 736 φασιν
2880 660 3025 717 ἐἶναι
3077 665 3135 716 τὺ
3188 663 3432 732 Πνεῦμα,
3483 662 3579 714 καὶ
3624 665 3778 718 αὐτοὶ

2183 765 2670 834 συνομολογήσετε,
2707 761 2806 815 οὐκ
2835 759 2968 812 αὐτὸ
2999 757 3123 811 καθ’
3157 755 3506 834 ἐαυτὸλφύσει
3534 757 3777 811 τοιοῦτον

2183 832 2449 930 ὑπάρχον,
2485 855 2600 908 ἀλλ’
2632 853 2821 924 ὥσπερ
2856 869 2908 904 τι
2945 851 3160 914 σκεῦος,
3197 851 3261 902 ὲκ
3297 832 3516 920 σιδήρου
3557 853 3718 922 τυχὸν
3743 853 3776 921 ἢ

2183 952 2278 1005 καὶ
2304 951 2497 1018 ἑτέρας
2525 947 2657 1018 ῦλης
2688 947 2809 1016 τῆς,
2833 945 3096 1014 ἐκπυρδς
3137 944 3410 1014 μετασχὸν
3438 943 3778 1014 θερμότητος

2183 1042 2254 1095 τὰ
2281 1041 2376 1096 τοῦ
2413 1041 2584 1112 πυρὸς
2615 1039 2997 1109 ἐξεργάζεται,
3035 1037 3177 1090 οὕτω
3203 1037 3298 1090 καὶ
3337 1035 3468 1089 αὐτὸ
3492 1038 3590 1104 τῆς
3623 1037 3774 1108 παρὰ

2185 1133 2322 1186 Θεοῦ
2369 1132 2750 1202 πληρούμενον
2779 1129 3072 1198 ἁγιότητος
3125 1127 3448 1199 μεταδίδωσι
3491 1129 3557 1197 τῇ
3600 1128 3776 1180 κτίσει

2161 1229 2281 1310 ⁸τοῦ
2312 1224 2609 1294 ἁγιασμοῦ,
2645 1225 2740 1276 καὶ
2770 1223 2861 1276 ἐπὶ
2888 1222 3100 1284 τούτοις
3126 1224 3258 1292 ἡμῖν
3296 1220 3535 1290 ἀψευδὴς
3562 1219 3774 1290 μάρτυς

2188 1325 2350 1385 αὐτὸς
2392 1325 2419 1376 ό
2465 1324 2652 1393 Σωτὴρ
2724 1323 3014 1391 γενήσεται
3061 1319 3238 1386 λέγων
3281 1317 3411 1387 περὶ
3455 1315 3646 1380 αὑτοῦ,
3690 1317 3773 1368 ὅτι

2202 1418 2295 1470 Ἐκ
2325 1417 2431 1470 τοῦ
2461 1417 2607 1484 ἑμου
2637 1415 2918 1482 λήψεται.

2263 1511 2397 1572 Οὐκ,
2418 1510 2513 1562 Ἐκ
2542 1508 2635 1563 τοῦ
2673 1507 2806 1578 ἐμοῦ
2831 1507 3185 1578 inﬁtiandum).
3216 1506 3434 1574 ἁγιάσει
3471 1503 3634 1572 ὑμᾶς,
3668 1520 3776 1572 φη-

2194 1603 2278 1656 σιν
2309 1605 2336 1655 ὀ
2364 1602 2556 1674 Σωτὴρ
2589 1603 2658 1672 (εί
2688 1602 2783 1655 καὶ
2823 1603 2904 1654 ὅτι
2939 1601 3174 1668 μάλιστα
3205 1599 3300 1652 καὶ
3331 1600 3378 1651 εί
3411 1601 3550 1651 κατὰ
3590 1595 3780 1649 τοῦτον

2195 1700 2383 1770 εἴρητο
2404 1700 2492 1752 τὸν
2516 1700 2736 1770 τρόπον,
2761 1698 3019 1769 οὐδεμίαν
3049 1698 3162 1761 τοῖς
3187 1696 3562 1766 ἀκροωμένοις
3593 1691 3783 1760 ἐποίη-

496 1796 692 1864 inquit,
717 1795 960 1862 accipiet,
982 1803 1029 1845 et
1087 1792 1430 1845 annuntiabit
1462 1791 1625 1844 vobis.
1646 1789 1856 1860 Quippe
1880 1792 1969 1858 qui
2006 1791 2092 1844 ni-

2200 1810 2289 1844 σεν
2329 1792 2394 1846 ἂν
2424 1793 2523 1862 τὴν
2553 1791 2780 1862 ζημίαν)
2802 1808 2815 1822 ·
2849 1789 3012 1861 πλὴν,
3039 1792 3142 1844 Ἐκ
3163 1788 3268 1842 τοῦ
3298 1787 3445 1857 ἐμοῦ
3477 1787 3740 1854 λήψεται
3763 1824 3780 1846 ,

497 1889 573 1942 hil
610 1904 638 1941 a
666 1902 726 1941 se
771 1887 1046 1954 loquetur,
1082 1883 1177 1938 sed
1209 1899 1329 1953 qua:
1354 1882 1611 1945 audierit,
1644 1882 1920 1949 loquetur.
1949 1883 2094 1946 Quo-

503 1985 646 2036 niam
675 1989 897 2051 peracto
934 1979 987 2032 in
1025 1992 1192 2031 carne
1233 1975 1460 2030 humani
1513 1974 1732 2044 generis
1785 1975 2090 2029 redimendi

497 2073 728 2130 coasilio
762 2073 830 2126 ad
855 2071 1076 2125 Patrem
1109 2077 1228 2123 erat
1261 2081 1622 2133 ascensurus,
1696 2077 1750 2122 et
1809 2068 2092 2137 discipulis

497 2168 611 2222 suis
638 2183 696 2221 se
741 2164 1078 2219 Paracletum
1102 2178 1224 2217 esse
1253 2162 1547 2215 missurum
1613 2160 1962 2230 prmniserat,
2023 2175 2095 2215 ne

501 2261 628 2330 quis
661 2259 926 2328 Spiritum
957 2268 1207 2311 sanctum
1245 2254 1449 2323 aliquid
1511 2261 1715 2324 praeter
1763 2253 2091 2307 sententiam

499 2351 1082 2423 tpsiusinst'rtuturum
1145 2349 1546 2416 suspicaretur,
1621 2357 1809 2417 aperte
1861 2347 2093 2401 demon-

501 2456 665 2509 Strat,
694 2460 843 2509 eum,
869 2459 991 2497 cum
1019 2441 1256 2512 Spiritus
1283 2457 1415 2496 suus
1459 2441 1550 2506 sit,
1577 2457 1643 2496 ex
1673 2457 1729 2495 sc
1755 2440 1882 2494 item
1927 2442 2091 2493 verba

503 2547 880 2592 nunttaturnnt
913 2554 926 2588 :
961 2536 1003 2589 A
1030 2552 1084 2589 se
1112 2575 1128 2599 ,
1175 2535 1451 2603 inquiens.
1508 2552 1611 2588 non
1684 2533 1946 2603 loquetur,
1999 2531 2092 2585 sed

502 2647 823 2700 quate-imque
857 2630 1062 2694 audiet,
1089 2627 1355 2695 loquetur,
1384 2627 1636 2696 quoniam.
1661 2627 1724 2680 de
1756 2643 1868 2679 meo
1935 2626 2091 2678 acci-

505 2725 608 2776 οίιι
644 2725 686 2776 ².
732 2722 849 2776 Νοιι
897 2723 1079 2785 aliter,
1114 2735 1278 2787 quam
1315 2719 1361 2772 si
1411 2721 1514 2771 mel
1571 2721 1637 2772 de
1701 2718 1934 2770 naturali
1995 2732 2092 2770 sua

506 2817 792 2870 dulcedine
825 2816 1071 2883 loquens,
1107 2813 1315 2866 diceret
1347 2829 1362 2864 :
1396 2811 1542 2867 Nihil
1575 2828 1602 2864 a
1633 2826 1692 2865 se
1722 2813 1835 2881 ipsa
1864 2820 2094 2880 gustan-

507 2909 652 2961 tilms
688 2906 916 2973 injiciet,
951 2906 1046 2961 sed
1073 2906 1140 2960 de
1171 2921 1291 2960 meo
1321 2905 1587 2974 accipiet:
1645 2920 1768 2958 cmn
1827 2902 2092 2957 naturali-

509 3013 588 3052 ter
609 3001 844 3068 qualitas
874 3015 938 3052 ex
977 2999 1256 3062 essentiis,
1287 3009 1344 3052 ut
1378 3001 1479 3052 ita'
1505 2999 1704 3058 dicam,
1773 2997 1827 3050 in
1861 3012 1922 3050 ca
1971 3011 2093 3063 quae

507 3108 575 3144 ex
602 3094 732 3160 ipsis
762 3100 912 3156 sunt,
951 3091 1350 3161 progrediatur,
1403 3099 1461 3143 ut
1519 3089 1771 3150 dulcedo,
1832 3088 2095 3158 quemad-
2126 3123 2168 3180 Ο

507 3186 723 3240 modum
748 3185 1004 3251 diximus,
1033 3199 1096 3237 ex
1122 3185 1299 3246 melle,
1334 3195 1425 3237 aut
1451 3198 1517 3236 ex
1551 3185 1672 3252 igne
1703 3183 1845 3238 calid
1871 3191 1977 3247 tas,
2005 3191 2099 3238 aut

504 3295 570 3332 ex
604 3294 740 3347 aqua
766 3277 1054 3346 lrigiditas.
1091 3277 1204 3331 Non
1258 3277 1422 3348 igitur
1451 3276 1680 3346 Spiritui
1715 3278 2098 3332 sanctita'sim-

507 3371 761 3438 pertitur,
793 3371 885 3423 sed
921 3370 996 3422 illi
1025 3379 1110 3424 est
1138 3369 1405 3424 naturalis
1437 3382 1491 3423 ct
1524 3385 1622 3438 per
1673 3371 1998 3425 essentiam.

508 3466 723 3520 Οὐκοῦν
781 3465 842 3520 οὐ
896 3464 1204 3536 μετοχικῶς
1249 3465 1408 3535 ἅγιον
1452 3468 1512 3521 τὸ
1585 3465 1812 3536 Πνεῦμα
1874 3466 2016 3520 κατὰ
2053 3465 2146 3519 τὸν

505 3560 717 3624 σιωδῶς

578 3658 678 3714 Cui
710 3659 973 3714 sanctitas
991 3660 1567 3725 communicatur,eam
1591 3670 1846 3729 tanquam
1873 3677 1964 3713 vas
1977 3675 2100 3714 sus-

505 3752 660 3822 cipit,
715 3768 834 3806 cum
867 3761 1028 3806 antea
1058 3751 1112 3805 in
1146 3752 1365 3820 propria
1397 3760 1590 3805 natura
1621 3753 1969 3817 consisteret,
2002 3769 2101 3806 cu-

506 3845 746 3910 jusmodi
770 3851 898 3897 sunt
930 3857 1042 3896 tum
1087 3843 1270 3906 homo,
1301 3853 1415 3898 tum
1445 3843 1690 3914 angelus,
1743 3857 1840 3899 aut
1885 3846 1932 3900 si
1991 3861 2098 3913 qua

509 3934 581 3988 sit
612 3933 715 3987 alia
742 3943 935 3986 natura
967 3933 1183 3986 ratione
1229 3934 1475 4002 praedita.
1522 3933 1718 3988 Dicant
1765 3935 1934 4004 igitur
1995 3951 2097 3988 no-

511 4030 618 4089 bis,
647 4028 737 4096 qui
762 4025 1024 4095 Spiritum
1057 4025 1131 4078 ita
1167 4039 1419 4079 sanctum
1450 4028 1650 4080 audent
1697 4026 1989 4089 allirmare,
2043 4038 2102 4080 ut

509 4120 558 4173 ei
591 4120 856 4174 sanctitas
883 4133 914 4171 ιι
945 4115 1108 4171 Patre
1139 4127 1194 4170 et
1225 4115 1364 4171 Filio
1399 4117 1560 4172 fuerit
1595 4120 1900 4188 impertita,
1937 4121 2100 4188 quid-

512 4227 635 4264 nam
665 4211 780 4280 ipse
820 4225 914 4278 per
936 4225 996 4263 se
1029 4209 1284 4276 privatim
1316 4210 1406 4263 sit.
1447 4213 1520 4262 At
1559 4210 1697 4264 nihil
1726 4212 1871 4265 aliud
1915 4215 2092 4281 ipsum

519 4319 566 4356 et
587 4317 645 4356 se
669 4317 734 4355 es
765 4303 964 4356 divinis
997 4300 1299 4372 Scripturis
1331 4303 1588 4359 dicimus.
1619 4301 1736 4359 Non
1811 4306 1976 4374 igitur
2032 4322 2096 4360 ex

2197 1885 2363 1956 φησὶν
2386 1886 2413 1936 ὁ
2444 1886 2657 1955 Σωτὴρ,
2691 1886 2790 1938 καὶ
2813 1883 3142 1953 ἀναγγελεῖ
3163 1881 3327 1951 ἡμῖν,
3360 1880 3448 1933 ὅτι
3482 1881 3553 1933 οὐ
3587 1876 3782 1943 λαλή-

2195 1997 2292 2032 σει
2316 1979 2418 2047 ἀφ’
2444 1978 2664 2032 ἑαυτοῦ
2695 1973 2902 2038 οὐδὲν,
2930 1977 3092 2031 ἀλλὰ
3122 1975 3161 2029 ἃ
3183 1975 3456 2037 ἀκούσει,
3491 1968 3780 2036 λαλήσει.

2209 2069 2433 2141 Ἐπειδὴ
2471 2072 2581 2140 γὰρ
2615 2070 2807 2138 ἔμελλε
2840 2068 2937 2139 τὴν
2969 2069 3106 2138 μετὰ
3132 2067 3333 2136 σαρκὸς
3366 2063 3783 2132 ἀποπληρώσας

2196 2165 2512 2233 οἰκονομίαν
2543 2163 2858 2217 ἀναϐαίνειν
2886 2162 3022 2229 πρὸς
3053 2161 3142 2214 τὸν
3171 2159 3412 2229 Πατέρα,
3448 2157 3689 2227 πέμψειν
3720 2171 3784 2208 τε

2197 2253 2468 2326 ὑπέσχετο
2496 2255 2588 2308 τὸν
2617 2256 2975 2326 Παράκλητον
3005 2258 3119 2318 τοῖς
3141 2252 3336 2306 ἑαυτοῦ
3371 2251 3669 2322 μαθηταῖς,
3693 2248 3787 2300 ἵνα

2200 2351 2275 2418 μή
2306 2367 2389 2412 τις
2425 2349 2771 2424 ὑπολάϐῃ·τὰ
2805 2351 2881 2420 μὴ
2920 2351 3063 2403 κατὰ
3093 2348 3322 2418 γνώμην
3347 2346 3494 2416 αὐτῷ
3531 2343 3791 2408 διατάξα-

2199 2442 2324 2494 σθαι
2355 2441 2415 2494 τὸ
2439 2443 2662 2512 Πνεῦμα
2684 2445 2742 2495 τὸ
2765 2443 2940 2511 ἆγιον,
2970 2441 3206 2495 δεικνύει
3231 2439 3416 2509 σαφῶς
3444 2440 3524 2492 ὃτι
3557 2437 3788 2505 Πνεῦμα

2197 2535 2364 2587 αὐτοῦ
2403 2536 2649 2606 ὑπάρχον
2691 2537 2760 2588 τὰ
2797 2537 2856 2598 EE
2902 2535 3070 2588 αὑτοῦ
3117 2534 3278 2588 πάλιν
3322 2535 3634 2601 διακονήσει
3681 2531 3790 2602 ρή-

2199 2643 2345 2694 ματα
2365 2643 2381 2659 ο
2405 2629 2487 2680 Οὺ
2524 2626 2818 2696 λαλήσει,
2853 2627 3038 2698 φησὶν,
3079 2626 3180 2695 ἀφ’
3208 2624 3428 2680 ἑαυτοῦ
3449 2669 3462 2687 ,
3495 2624 3634 2679 ἀλλ’
3665 2624 3789 2676 ὅσιι

2196 2719 2422 2784 ἀκούει,
2447 2720 2732 2789 λαλήσει,
2755 2719 2843 2772 ὅτι
2864 2721 2933 2774 ἐκ
2955 2719 3062 2774 τοῦ
3082 2719 3227 2788 ἐμοῦ
3247 2719 3529 2787 λήψεται.
3560 2720 3791 2785 Ὅμοιον

2197 2813 2328 2886 γὰρ,
2359 2815 2434 2876 ὡς
2467 2815 2516 2866 εί
2542 2814 2636 2868 καὶ
2665 2813 2724 2867 τὸ
2755 2813 2880 2884 μέλι
2910 2816 3038 2882 περὶ
3064 2814 3162 2883 τῆς
3199 2812 3426 2882 ἐνούσης
3459 2811 3608 2882 αύτῷ
3635 2813 3791 2862 ποιοί-

2199 2925 2356 2977 τητος
2381 2911 2620 2980 φυσικῆς
2644 2907 2814 2976 λέγει,
2860 2908 2976 2961 Ούκ
3009 2906 3228 2975 ὲνθήσει
3260 2925 3311 2959 τι
3329 2905 3433 2975 ἀφ’
3459 2905 3656 2975 εαυτῆς
3673 2907 3790 2964 τοῖς

2199 3001 2655 3071 ἀπογενομένοις,
2685 3001 2800 3055 ἀλλ’
2839 3003 2902 3054 ὲκ
2933 2999 3026 3054 τοῦ
3065 3000 3204 3070 ἐμοῦ
3243 2999 3498 3068 λήψεται,
3543 2996 3793 3068 φυσικῶς

2201 3094 2606 3164 διαῦαινούσης,
2647 3094 2711 3147 ἵν’
2757 3093 2931 3156 οὕτως
2972 3094 3131 3157 εἴπω,
3180 3092 3279 3162 τῆς
3324 3098 3388 3145 ἐκ
3435 3093 3544 3145 τῶν
3589 3092 3792 3146 οὐσιῶν

2207 3187 2494 3255 ποιότητος
2522 3190 2616 3239 ἐπὶ
2647 3189 2716 3240 τὰ
2745 3189 2804 3254 ἐξ
2833 3188 3014 3242 αὐτῶν
3040 3186 3358 3257 ἅμερίστως
3387 3187 3790 3258 προερχόμεναο

2205 3273 2338 3341 οἷον,
2361 3277 2616 3346 καθάπερ
2650 3278 2750 3348 ἤδη
2777 3277 3150 3348 προείπομεν,
3184 3279 3248 3330 ὲκ
3276 3279 3493 3348 μέλιτος
3521 3281 3553 3347 ἡ
3586 3277 3794 3344 γλυκύ-

2203 3387 2346 3440 της,
2395 3373 2461 3424 ὲκ
2509 3372 2680 3438 πυρὸς
2730 3375 2762 3444 ἡ
2811 3373 3122 3443 θερμότης,
3182 3373 3242 3438 ἐξ
3298 3373 3557 3444 ὖδατοςή
3604 3375 3790 3444 ψύξις.

2205 3468 2436 3520 ἐκείνων
2524 3468 2682 3536 λόγον
2710 3506 2726 3534 ,
2811 3469 3057 3537 φυσικῶς
3125 3470 3183 3524 δὲ
3253 3472 3453 3541 μᾶλλον
3536 3470 3630 3524 καὶ
3697 3472 3791 3524 ού-

2277 3661 2352 3714 Τὸ
2385 3662 2449 3715 ἐκ
2481 3663 2718 3732 μετοχῆς
2766 3663 2944 3731 ἅγιον,
2971 3661 3180 3730 δοχείον
3204 3661 3393 3732 ὥσπερ
3424 3664 3671 3734 ὑπάρχον
3693 3682 3724 3716 τ
3759 3665 3791 3717 ῦ

2204 3757 2600 3825 προγεγονότας
2623 3755 2922 3826 ἁγιασμοῦ,
2953 3755 3086 3810 αὐτὸ
3105 3757 3228 3810 καθ’
3260 3757 3422 3812 ἑαυτὸ
3450 3759 3796 3831 πρότερονέν

2209 3853 2316 3922 ἰδίᾳ
2364 3857 2526 3920 φύσει
2561 3853 2826 3916 κείσεται,
2865 3851 3056 3924 ὥσπερ
3092 3851 3186 3907 οὖν
3224 3854 3319 3907 καὶ
3353 3856 3382 3907 ό
3410 3853 3720 3923 ἄνθρωπος,
3757 3857 3794 3926 ἢ

2205 3947 2301 3999 καὶ
2337 3944 2565 4013 ἄγγελος
2605 3948 2788 4014 τυχὸν,
2833 3946 2869 4018 ἢ
2905 3945 3000 3999 καί
3037 3963 3120 4008 τις
3154 3948 3321 4015 ἑτέρα
3365 3951 3528 4016 φύσις
3577 3948 3792 4019 λογική,

2207 4037 2530 4105 Λεγέτωσαν
2563 4038 2744 4090 τοίνυν
2777 4040 2912 4106 ἡμῖν
2949 4039 3000 4091 ot
3033 4040 3096 4091 ὲκ
3129 4039 3366 4110 μετοχῆς
3404 4043 3508 4110 τῆς
3529 4043 3626 4096 τοῦ
3655 4043 3796 4096 Θεοῦ

2209 4133 2306 4184 καὶ
2335 4131 2546 4200 Πατρὺς
2569 4131 2631 4182 τδ
2657 4129 2882 4199 Πνεῦμα
2901 4133 3209 4204 τολμῶντες
3239 4135 3420 4204 λέγειν
3445 4137 3605 4205 ἅγιον
3625 4139 3797 4203 εἶναι,

2212 4223 2302 4275 καὶ
2349 4222 2412 4272 οὐ
2454 4221 2721 4289 φυσικῶς,
2764 4221 2816 4274 τί
2868 4241 3000 4276 ποτε
3035 4225 3144 4293 ἄρα
3175 4227 3305 4281 αὐτὸ
3341 4231 3464 4282 καθ’
3504 4231 3667 4285 ἑαυτὸ
3701 4234 3800 4285 καὶ

2211 4313 2522 4376 ἰδιαζόντως
2547 4313 2716 4378 ὲστίν;
2736 4314 2877 4366 Ἀλλ’
2902 4317 3056 4369 οὐδὲν
3085 4318 3275 4388 ἓτερον
3307 4322 3620 4392 ἠκούσαμεν
3643 4331 3798 4396 παρτ

513 4396 922 4458 communione,
959 4410 1138 4463 neque
1169 4410 1240 4451 ex
1269 4398 1666 4466 compositione
1709 4413 1935 4454 sanctus
1997 4412 2096 4466 est;

2216 4408 2334 4468 ταῖς
2360 4404 2534 4467 θείαις
2567 4405 2836 4476 Γραφαίς.
2876 4409 2992 4460 Οὐκ
3023 4409 3133 4481 ἄρα
3165 4414 3228 4465 ὲκ
3266 4415 3502 4484 μετοχῆς
3525 4455 3540 4480 ,
3575 4418 3697 4471 οὐδὲ
3729 4421 3795 4472 ἐκ

513 4487 610 4543 sed
637 4495 722 4541 est
766 4486 1008 4540 essentia
1045 4495 1355 4556 naturaque
1377 4489 1752 4554 sanctiﬁcans,
1785 4501 1841 4545 et
1889 4489 1987 4545 Dei
2039 4508 2104 4547 ac

515 4582 715 4646 Patris,
749 4591 808 4634 ut
837 4582 909 4634 ita
937 4581 1140 4646 dicam,
1170 4583 1433 4650 qualitas,
1459 4584 1920 4652 quemadmudmn
1985 4587 2104 4639 dul-

513 4677 648 4731 cedo
667 4674 868 4738 mellis,
901 4684 955 4727 et
981 4671 1136 4728 ﬂoris
1159 4677 1425 4730 suavitas.

587 4851 742 4917 Quod
767 4866 834 4905 ex
883 4854 1268 4908 communione
1319 4856 1553 4922 cuipiam
1620 4859 1833 4912 accedit
1886 4871 1943 4912 ut
1999 4859 2105 4913 do-

517 4957 672 5008 num,
717 4943 920 4998 auferri
941 4945 1106 4998 etiam
1138 4958 1340 5014 pctest.
1375 4947 1450 5000 Ea
1484 4962 1720 5016 nautque
1773 4952 1912 5012 sola,
1978 4967 2100 5020 quat

517 5049 614 5103 per
641 5035 1244 5102 essentiaminlmrent,
1297 5048 1572 5106 nequeunt
1598 5043 1863 5107 separari.
1897 5041 2099 5108 Quam-

515 5129 728 5194 obrem,
782 5129 829 5182 si
890 5132 1228 5197 accessione,
1260 5142 1313 5186 et
1335 5133 1617 5188 accidente
1684 5136 1876 5190 dicunt
1923 5141 2099 5192 inesse

517 5221 749 5293 Spiritui
777 5224 1148 5287 sanctitatem,
1168 5239 1266 5279 cur
1297 5227 1404 5278 non
1428 5227 1616 5280 eadem
1646 5228 1864 5284 ratione
1895 5239 1948 5282 et
1977 5233 2096 5288 sine

477 5308 487 5317 ”
517 5315 810 5371 sanctitate
840 5313 1105 5384 Spiritum
1161 5313 1434 5372 amrutant
1461 5333 1584 5374 esse
1615 5321 1817 5389 posse?
1873 5322 1940 5376 At
1993 5327 2098 5377 im-

519 5407 664 5472 piunt
699 5404 752 5459 id
786 5405 880 5460 sit.
912 5403 1033 5458 Non
1067 5403 1229 5474 igitur
1259 5421 1326 5461 ex
1354 5412 1736 5466 communione
1757 5423 1982 5468 sanctus
2013 5425 2098 5470 est

519 5496 782 5566 Spiritus,
815 5496 912 5552 sed
939 5505 1000 5550 ut
1031 5512 1099 5551 ex
1133 5499 1244 5552 Deo
1273 5501 1614 5557 naturaliter.

596 5759 787 5816 'Joatt.
831 5766 1050 5830 “1,”.
1130 5769 1150 5798 ³
1178 5767 1309 5824 ibid.
1350 5769 1431 5824 15.

2206 4497 2512 4559 συνθέσεως
2547 4496 2703 4565 ἅγιον
2727 4539 2742 4560 ,
2784 4498 2900 4550 ἀλλ’
2939 4501 3100 4553 οὐσία
3139 4503 3234 4555 καὶ
3264 4504 3427 4572 φύσις
3459 4505 3754 4577 ἁγιαστικὴ
3780 4549 3796 4568 .

2203 4590 2301 4643 καὶ
2329 4590 2432 4659 τῆς
2468 4587 2561 4642 τοῦ
2594 4589 2731 4643 Θεοῦ
2758 4594 2855 4644 καὶ
2885 4592 3117 4662 Πατρὸς,
3153 4595 3222 4648 ἵν’
3248 4594 3424 4660 οὕτως
3455 4599 3615 4663 εἴπω,
3649 4601 3795 4652 ποιό-

2203 4699 2386 4753 τητος,
2419 4681 2609 4751 ὥσπερ
2642 4681 2737 4735 οὖν
2768 4685 2861 4736 καὶ
2887 4683 2916 4735 ό
2942 4685 3260 4756 γλυκασμὸς
3291 4688 3386 4740 τοῦ
3421 4690 3655 4759 μέλιτος,
3698 4693 3798 4743 καὶ

2205 4776 2238 4844 ή
2279 4773 2340 4838 ἐξ
2370 4773 2568 4835 ἄνθους
2605 4773 2828 4830 εὐωδία.

2285 4867 2358 4919 Τὸ
2384 4868 2448 4918 ἐκ
2481 4868 2716 4937 μετοχῆς
2739 4871 3171 4942 προσγινόμενόν
3189 4890 3333 4930 τισιν
3369 4876 3444 4938 ὡς
3465 4877 3617 4930 δοτδν
3639 4876 3791 4930 ἔσται

2213 4955 2311 5005 καὶ
2337 4954 2654 5024 ἀφαιρετόν.
2681 4957 2838 5012 Μόνα
2862 4958 2972 5028 γὰρ
2993 4962 3062 5015 τὰ
3085 4961 3360 5028 οὐσιωδῶς
3381 4972 3654 5038 προσόντα
3681 4972 3797 5030 τοῖς

2213 5045 2428 5114 ἔχουσιν
2457 5048 2777 5120 ἀχωρίστως
2801 5058 3234 5123 προσπεφυκότα
3265 5063 3567 5128 φαίνονται.
3597 5065 3658 5118 Et
3687 5069 3800 5118 τοί-

2211 5152 2308 5189 νυν
2336 5137 2396 5188 ὲν
2431 5140 2751 5209 προσθήκης
2781 5142 2938 5208 τάξει
2984 5145 3081 5198 καὶ
3136 5149 3546 5220 συμϐεϐηκότος
3584 5155 3803 5208 κεῖσθαί

2213 5245 2378 5297 φασιν
2408 5230 2464 5282 ὲν
2501 5230 2580 5300 τῷ
2612 5232 2892 5301 Πνεύματι
2926 5237 3020 5289 τὸν
3059 5239 3355 5312 ἀγιασμὸν,
3397 5244 3803 5318 ὁμολογήσουσι

2211 5320 2450 5382 πάντως,
2475 5321 2560 5373 ὅτι
2582 5324 2677 5374 καὶ
2699 5325 3090 5396 ἀποσυμϐἢναι
3109 5329 3423 5401 δυνήσεται.
3449 5335 3592 5405 Ὦρα
3623 5336 3678 5389 δε
3703 5339 3802 5389 καὶ

2209 5413 2498 5480 ἁγιότητος
2553 5413 2678 5482 δίχα
2732 5416 2793 5468 τὸ
2844 5418 3070 5487 Πνεῦμα
3111 5421 3292 5490 λέγειν
3337 5423 3478 5481 εἶναι
3537 5428 3803 5484 δύνασθαί

2215 5521 2365 5567 ποτε,
2385 5504 2530 5558 κατὰ
2557 5505 2619 5557 τὸ
2651 5507 2880 5562 ἐκείνων
2908 5512 3270 5586 ἐπιχείρημα.
3293 5517 3454 5574 Ἀλλὰ
3479 5521 3638 5575 τοῦτο
3665 5522 3769 5575 δυσ

2215 5596 2392 5657 σεὸἐς.
2429 5597 2541 5649 Οὐκ
2580 5597 2690 5667 ἄρα
2732 5601 2794 5652 ὲκ
2833 5606 3070 5674 μετοχῆς
3114 5606 3272 5675 ἆγιον
3304 5613 3364 5664 τὸ
3400 5612 3644 5683 Πνεῦμα,
3681 5616 3802 5666 ἀλλ’

2213 5689 2287 5750 ὡς
2316 5689 2378 5740 ἐκ
2407 5685 2546 5741 Θεοὸ
2577 5693 2844 5757 φυσικῶς.
