4082 6378
353 248 462 311 869

550 360 650 413 Ἐκ
684 357 790 428 τῆς
816 360 966 427 πρὸς
1006 358 1334 429 Ῥωμαίους
1368 362 1761 429 Ἐπιστολῆς.

432 451 729 522 Οἴδαμεν,
762 454 927 522 φησὶν
948 492 963 514 ,
997 452 1080 503 ὅτι
1111 453 1139 504 ὁ
1169 450 1332 521 νόμος
1362 455 1735 522 πνευματικός
1767 456 1937 507 ἐστιν.

358 541 494 599 Elia.
521 545 694 616 βραχὺ
715 544 977 610 ἐπιλέγει·
1005 542 1349 613 Συνήδομαι
1372 542 1452 608 τῷ
1477 544 1641 613 νόμῳ
1662 545 1769 598 τοῦ
1792 544 1940 598 Θεοῦ

358 635 510 692 κατὰ
530 639 639 692 τὸν
664 638 787 693 ἔσω
809 638 1127 706 ἄνθρωπον
1144 655 1158 669 ⁸
1190 640 1281 691 καὶ
1313 639 1474 693 πάλιν
1498 655 1512 670 ·
1530 641 1594 693 ’0
1620 640 1727 709 γὰρ
1756 643 1941 709 νόμος

359 731 467 785 τοῦ
527 733 875 800 Πνεύματος
918 732 1029 802 τῆς
1091 732 1240 803 ᾆυῆς
1295 736 1366 789 ἐν
1425 736 1659 805 Χριστῷ
1735 737 1940 803 Ἰησοῦ

359 823 741 893 ἠλευθέρωσε
790 842 867 893 με
924 826 1043 879 ἀπὸ
1106 828 1214 881 τοῦ
1263 830 1452 897 νόμου
1498 828 1605 896 τῆς
1650 830 1943 899 ἁμαρτίας

360 916 459 970 καί
494 914 603 969 τοῦ
625 913 905 969 θανάτου.
946 916 1079 969 Ἰδοὺ
1103 917 1194 970 τὸν
1213 919 1378 986 νόμον
1399 919 1673 989 ὀνομάσας
1697 937 1942 990 πνευμα-

360 1008 536 1071 τικδν,
573 1008 825 1061 τουτέστι
850 1007 944 1060 τὸν
975 1009 1063 1062 διὰ
1086 1010 1179 1063 τοῦ
1214 1010 1552 1081 Πνεύματος,
1589 1013 1754 1075 εὐθὺς
1777 1014 1941 1065 αὐτὸν

358 1098 454 1151 καὶ
493 1096 632 1150 Θεοῦ
680 1098 846 1166 νόμον
888 1098 1176 1155 ἀποκαλεῖ.
1216 1101 1255 1152 Γ
1260 1102 1557 1170 υμνότερον
1602 1103 1657 1155 δὲ
1702 1103 1791 1156 διὰ
1831 1103 1941 1156 τῶν

359 1187 579 1258 ἐφεξῆς,
620 1189 702 1240 ὅτι
746 1188 876 1252 Θεὸς
924 1189 1010 1259 εἴη
1064 1190 1126 1243 τὸ
1176 1190 1422 1260 Πνεῦμα,
1482 1192 1723 1246 δεικνύει
1778 1192 1937 1262 βοῶν,

363 1298 382 1331 ι
405 1279 466 1331 '0
480 1279 645 1349 νόμος
670 1278 765 1331 τοῦ
785 1280 1104 1351 Πνεύματος
1127 1281 1227 1352 τῆς
1242 1281 1447 1352 ζωῆς,ι
1463 1283 1549 1336 ἴνα
1573 1284 1832 1354 μὴμόνον
1857 1302 1942 1337 νο-

361 1368 622 1438 μοθετῶν
660 1371 983 1441 εὑρίσκηται
1015 1374 1077 1425 τὸ
1117 1373 1340 1443 Πνεῦμα
1381 1374 1440 1427 τὸ
1470 1375 1658 1443 ἅγιον,
1694 1376 1807 1429 ἀλλ’
1839 1376 1940 1447 ἤδη

357 1463 455 1513 καὶ
485 1460 709 1531 Πνεῦμα
748 1462 993 1532 ὑπάρχον
1023 1464 1185 1533 ζωῆς.
1210 1466 1320 1517 Καὶ
1369 1468 1452 1529 τίς
1490 1470 1520 1536 ὴ
1556 1468 1692 1539 ζωὴ,
1729 1468 1761 1539 ἢ
1799 1468 1941 1521 πάν-

354 1571 464 1614 sui;
501 1553 531 1605 ὁ
573 1553 748 1622 λέγων
788 1554 1022 1625 Χριστός
1056 1572 1071 1589 ⁶
1107 1558 1254 1628 Ἑγὼ
1296 1563 1409 1628 ειμι
1448 1562 1486 1629 ἡ
1526 1562 1800 1631 ἀλήθεια,
1840 1563 1940 1616 καὶ

356 1643 394 1710 7i
428 1641 540 1709 ζωή
571 1658 587 1707 t

734 1736 837 1788 Ἐκ
874 1734 985 1803 τῆς
1022 1736 1172 1805 πρὸς
1215 1740 1584 1806 Κορινθίους.

442 1824 618 1882 Ἀλλὰ
660 1829 1125 1896 ἀπελούσασθε,
1158 1838 1357 1902 φησιν,
1400 1834 1560 1889 ἀλλὰ
1588 1835 1938 1904 ἡγιάσθητε,

1317 242 1692 309 PANOPLIA
1735 248 2197 312 DOGMATICA.
2237 275 2303 287 -
2344 252 2491 311 ΤΙΤ.
2532 252 2670 310 ΧΠ.

3518 251 3625 315 870

2426 366 2509 418 Ex
2573 364 2812 431 la'pistela
2840 367 2910 419 ad
2964 364 3250 420 Romanos.

2115 459 2347 521 Scimus,
2386 459 2578 525 inquit,
2610 458 2771 525 legem
2805 474 2917 510 esse
2962 458 3291 525 spiiitualem
3328 456 3365 509 ¹.
3422 455 3493 510 De
3520 457 3625 511 nde

2044 568 2335 621 parumper
2372 566 2696 619 progreSsus
2721 552 2946 618 subjirit
2982 571 2997 602 :
3044 552 3329 604 Consentio
3380 552 3482 618 legi
3529 551 3624 603 Dei

2042 644 2328 697 secundum
2384 643 2691 694 interiorem
2742 643 3002 693 hominem
3037 642 3076 693 ².
3110 640 3168 693 Et
3211 659 3422 695 rursum
3462 660 3473 695 :
3516 642 3626 697 Laa:

2042 737 2178 787 enim
2203 736 2437 804 Spiritus
2464 738 2581 786 vita’
2607 734 2659 784 in
2686 731 2898 786 Christo
2921 732 3047 787 Jesu
3076 735 3312 788 liberavit
3349 752 3428 788 me
3451 754 3483 789 a
3517 736 3627 806 lege

2042 830 2243 892 peccati
2282 837 2331 879 et
2369 828 2554 879 mortis
2589 825 2629 878 ³.
2683 826 2843 887 Ecce,
2899 842 3023 879 cum
3076 827 3246 897 legem
3299 830 3624 896 appellasset

2044 918 2408 984 spiritualem,
2442 918 2546 969 hoc
2594 926 2672 969 est
2728 932 2822 985 per
2866 915 3150 984 Spiritum,
3214 920 3395 971 statim
3450 921 3621 987 ipSam

2043 1017 2099 1059 et
2134 1006 2227 1062 Dei
2256 1010 2429 1079 legem
2457 1008 2714 1078 appellat.
2753 1010 3014 1078 Apertius
3047 1020 3229 1063 autem
3253 1024 3318 1063 ex
3357 1010 3428 1065 iis
3503 1029 3623 1080 qmn

2043 1112 2364 1168 sequuntur,
2403 1102 2568 1155 Deum
2610 1116 2733 1155 esse
2760 1101 3020 1169 Spiritum
3054 1103 3297 1156 ostendit
3333 1101 3507 1170 :Lex,
3539 1106 3624 1157 itt-

2043 1191 2260 1259 quiens,
2294 1192 2530 1261 Spiritus
2562 1195 2701 1258 uiue,
2739 1196 2801 1247 ut
2821 1194 3083 1261 Spiritum
3117 1208 3362 1249 sanetum
3402 1212 3507 1251 non
3534 1214 3626 1251 so-

2042 1282 2152 1335 lum
2190 1283 2576 1353 legislaturem,
2603 1300 2788 1339 verum
2814 1286 2977 1337 etiam
3015 1286 3136 1337 vitze
3194 1285 3454 1352 Spiritum
3506 1301 3627 1340 esse

2045 1388 2272 1431 constet.
2298 1378 2425 1441 Quae
2452 1395 2612 1447 porro
2648 1390 2729 1432 est
2756 1380 2907 1433 vita?
2934 1381 3183 1435 tibristus
3206 1384 3495 1447 nimirum,
3530 1382 3626 1449 qui

2044 1470 2174 1522 dicit
2206 1486 2220 1523 :
2260 1469 2370 1539 Ego
2393 1487 2510 1524 sum
2538 1474 2728 1524 veritas
2756 1483 2799 1524 et
2837 1473 2941 1524 vita
2977 1473 3017 1524 ⁸.

2430 1757 2508 1811 Ex
2531 1760 2773 1826 Ερὶειοία
2801 1759 2869 1812 ad
2930 1760 3251 1813 Corinthios.

2118 1847 2221 1903 Sed
2255 1850 2437 1917 abluti,
2471 1852 2623 1915 estis,
2657 1851 2853 1918 inquit,
2889 1850 2980 1902 sed
3010 1852 3334 1918 sancti/itali
3352 1853 3501 1918 estis,
3539 1854 3631 1905 sed

354 1921 517 1974 aut:
539 1919 920 1989 ἐδικαιώθητε
955 1924 1025 1977 ἐν
1048 1923 1125 1989 τῷ
1142 1927 1385 1993 ὀνόματι
1409 1927 1514 1981 τοῦ
1532 1931 1757 1997 Κυρίου
1773 1929 1943 1997 ἡμῶν

2050 1941 2321 2009 iustificati
2347 1943 2495 2004 estis,
2528 1944 2580 1995 in
2612 1947 2821 1996 nomine
2855 1944 3068 1997 Domini
3102 1946 3265 1997 nostri
3296 1945 3427 1998 Jesu
3482 1945 3631 1998 Chri-

356 2011 568 2077 Ἰησοῦ
583 2013 647 2077 Χχ
672 2012 863 2078 ιστοῦ,
878 2013 1054 2066 καὶέν
1067 2014 1146 2079 τῷ
1161 2018 1455 2085 Πνεύματι
1471 2019 1575 2071 τοῦ
1592 2019 1738 2072 Θεοῦ
1751 2020 1786 2085 η
1789 2018 1940 2088 μῶν,

356 2101 567 2155 Οὐκοῦν
598 2106 644 2154 εί
678 2105 826 2174 μόνῳ
854 2104 972 2175 Θεῷ
1002 2105 1062 2158 τὸ
1090 2108 1291 2172 ἐξεῖναι
1336 2112 1643 2180 συγχωρεῖν
1664 2111 1943 2181 ἁμαρτίας

353 2194 623 2265 δώσομεν,
649 2197 842 2267 ἀφίησι
871 2197 1041 2252 δὲκαὶ
1063 2199 1264 2254 δικαιοῖ
1287 2203 1380 2254 καὶ
1404 2204 1461 2255 τὸ
1485 2204 1730 2271 Πνεῦμα,
1754 2204 1943 2271 ἁγίους

356 2287 715 2343 ἁποδεικνύον
744 2291 870 2352 τοὺς
901 2292 959 2344 ἐν
988 2288 1071 2355 οἷς
1101 2291 1166 2345 ἂν
1197 2293 1431 2361 γένοιτο,
1459 2294 1591 2357 Θεὸς
1622 2294 1729 2365 ἄρα
1757 2296 1817 2349 τὸ
1844 2294 1944 2366 τὴν

363 2378 513 2432 θείαν
550 2380 838 2449 ἐνέργειαν
870 2381 991 2453 ἔχον
1019 2384 1078 2436 ὲν
1108 2384 1289 2455 ἐαυτῷ
1321 2386 1588 2453 φυσικῶς.

833 2476 930 2529 Ἐκ
958 2475 1065 2529 τοῦ
1090 2478 1484 2547 Εὑαγγελίου.
1602 2468 1607 2471 μ

443 2571 615 2642 Ἀμὴν
664 2570 810 2637 λέγω
866 2568 1018 2637 ὑμῖν,
1075 2568 1179 2633 ὅτι,
1235 2569 1331 2621 ἐὰν
1387 2569 1464 2639 μὴ
1520 2571 1547 2622 ὁ
1604 2569 1734 2633 Υἱὸς
1800 2572 1945 2641 ὑμᾶς

359 2660 729 2732 ἐλευθερώσῃ,
785 2657 963 2711 δοῦλοί
1018 2659 1162 2712 ἐστε.
1222 2659 1501 2728 Ποιήματι
1567 2660 1666 2730 μὲν
1721 2660 1830 2731 γὰρ
1887 2664 1946 2715 τὸ

357 2753 626 2807 δύνασθαι
652 2752 812 2805 τοῦτο
837 2752 1014 2803 ποιεῖν
1049 2750 1110 2801 οὑ
1147 2751 1432 2818 πρόσεστι,
1466 2753 1614 2823 μόνῳ
1642 2753 1698 2805 δὲ
1730 2756 1803 2817 ὡς
1834 2754 1947 2826 Υίῷ

360 2848 459 2898 καὶ
485 2843 810 2913 κληρονόμῳ
833 2841 909 2912 τῷ
932 2843 996 2893 ὲκ
1018 2840 1152 2893 Θεοῦ
1179 2842 1393 2911 [12:95,-
1418 2844 1736 2913 προελθόντι
1764 2847 1944 2915 Λόγῳ.

359 2938 428 2991 Et
479 2936 658 2990 τοίνυν
701 2933 861 3005 μόνου
914 2932 1049 3005 πρὸς
1098 2932 1412 3003 ἐλευθερίαν
1460 2934 1751 2995 καλοῦντος
1800 2938 1945 3007 ἡμᾶς

358 3026 461 3083 τοῦ
492 3025 625 3080 Υἱοῦ
656 3025 905 3094 φαίνεται
938 3022 1032 3077 καὶ
1069 3024 1130 3076 τὺ
1160 3023 1385 3093 Πνεῦμα
1404 3024 1560 3076 τοῦτο
1592 3025 1798 3087 ποιοῦν,
1832 3027 1948 3088 πῶς

361 3121 472 3173 οὒκ
512 3119 668 3171 ἔσται
714 3117 815 3186 τῆς
870 3115 1056 3177 οὐσίας
1106 3114 1271 3169 αὐτοῦ
1323 3116 1383 3168 τὸ
1433 3117 1507 3179 ὡς
1555 3117 1717 3182 αὐτὸς

362 3213 611 3283 πράττον
646 3210 785 3279 μετά
824 3206 1108 3277 δυνάμεως
1141 3204 1512 3275 θεοπρεποῦςς
1540 3207 1601 3259 Et
1629 3206 1685 3259 δὲ
1710 3207 1867 3261 τοῦτο
1887 3210 1946 3262 οὐ

364 3304 575 3371 κτίσμα
606 3302 776 3365 ἐστὶν,
815 3298 937 3352 οὐδὲ
968 3298 1184 3368 ποίημα
1208 3297 1271 3349 τὸ
1298 3297 1523 3369 Πνεῦμα
1555 3302 1781 3371 Κυρίου.
1815 3303 1951 3356 Πολ.

362 3398 467 3466 λὴν
497 3394 607 3466 γὰρ
632 3396 660 3448 ὸ
684 3392 845 3462 λόγος
868 3392 968 3463 τὴν
997 3390 1255 3444 ἀσέϐειαν
1282 3391 1417 3459 ἔχει.

680 3487 778 3540 Ἐκ
807 3484 919 3554 τῆς
962 3482 1231 3538 Ἰακώϐου
1272 3483 1658 3552 Ἐπιστολῆς.

448 3581 541 3649 Μὴ
565 3578 904 3641 πλανᾶσθε,
925 3577 1178 3645 ἀδελφοί
1190 3594 1312 3645 μου
1328 3579 1644 3645 ἀγαπητοί.
1663 3578 1834 3634 Πᾶσα
1856 3579 1951 3633 δό-

372 3692 470 3741 σις
488 3673 703 3744 ἀγαθὴ,
731 3672 827 3727 καὶ
869 3669 996 3728 πᾶν
1031 3671 1270 3739 δώρημα
1291 3671 1524 3724 τέλειον
1560 3672 1790 3726 ἄνωθέν
1819 3674 1952 3727 ἐστι

367 3767 729 3824 καταϐαῖνον
740 3767 810 3820 ἐκ
826 3764 932 3820 τοῦ
952 3765 1181 3834 Πατρός
1194 3762 1314 3817 τῶν
1329 3766 1556 3832 φώτων.
1574 3766 1636 3817 Et
1657 3769 1718 3818 ἐκ
1733 3765 1827 3818 τοῦ
1843 3768 1953 3819 Πα-

364 3863 499 3933 τρδς
516 3860 627 3914 τῶν
651 3859 849 3930 φώτων
868 3860 903 3929 ἡ
923 3858 1145 3927 ποικίλη
1172 3857 1282 3909 τῶν
1300 3857 1460 3910 θείων
1478 3859 1837 3927 χαρισμάτων
1854 3876 1952 3910 κα-

364 3947 723 4016 ταπέμπεται
759 3945 926 4011 δόσις,
954 3946 1086 4014 φησὶ
1129 3945 1184 3998 δὲ
1207 3948 1234 3998 ὁ
1259 3945 1490 4008 Παῦλος,
1526 3947 1715 4001 Ταῦτα
1755 3949 1954 4002 πάντα

367 4037 603 4107 inme?
634 4038 698 4091 τὸ
730 4036 982 4107 Πνεῦμα
1011 4036 1286 4104 διαιροῦν
1310 4037 1430 4104 ὶδιᾳ
1460 4037 1726 4104 ἑκάστῳ,
1757 4039 1953 4106 καθὼς

360 4133 692 4198 βούλεται·
726 4131 843 4196 πῶς
882 4132 945 4183 οὐ
976 4130 1109 4192 Θεὸς
1129 4168 1143 4191 ,
1186 4130 1278 4181 καὶ
1311 4132 1374 4182 ἐκ
1404 4130 1539 4181 Θεοῦ
1562 4170 1575 4193 ,
1615 4132 1710 4182 καὶ
1744 4133 1801 4182 ὲν
1834 4131 1953 4202 Θεῷ

367 4226 434 4277 τ’»
473 4223 726 4294 Πνεῦμα,
760 4224 821 4275 τδ
854 4224 923 4276 τὰ
952 4223 1131 4275 πάντα
1160 4222 1421 4290 ἐνεργοῦν
1451 4224 1516 4274 τὰ
1554 4222 1632 4292 τῷ
1671 4223 1789 4296 Θεῷ
1821 4224 1953 4287 πρέ·

369 4333 567 4380 ποντα,
620 4318 715 4370 καὶ
744 4314 907 4368 τοῦτο
950 4314 1410 4379 ὲξουσιαστικώς;
1466 4313 1675 4367 Οὔκουν
1714 4316 1949 4387 κτίσμα,

373 4407 628 4480 καθάπερ
664 4408 866 4461 ἐκεῖνοι
905 4406 1201 4477 ληροῦντές
1234 4422 1418 4473 φασιν.

723 4500 827 4553 Ἐκ
849 4496 955 4563 τῆς
986 4497 1212 4565 Πέτρου
1252 4495 1630 4564 Ἐπιστολῆς.

444 4590 879 4660 Σωφρονήσατε
906 4583 1045 4653 οὖν,
1072 4590 1171 4643 καὶ
1212 4588 1445 4656 νήψατε
1466 4591 1552 4652 εἱς
1582 4588 1953 4657 προσευχὰς,

365 4684 487 4751 πρὸ
528 4682 772 4736 πάντων
812 4682 881 4734 δὲ
918 4683 1034 4748 τὴν
1065 4684 1150 4747 εις
1179 4681 1435 4747 ἑαυτούς
1463 4680 1705 4750 ἀγάπην
1739 4679 1955 4748 ἐκτενῆ

366 4776 643 4843 ἔχοντες,
664 4774 752 4827 ὅτι
770 4775 807 4842 ἡ
832 4774 1038 4843 ἀγάπη
1065 4775 1356 4826 καλύπτει
1375 4772 1609 4842 πλῆθος
1632 4771 1957 4841 ἁμαρτιῶν.

368 4867 687 4932 Φιλόξενοι
709 4871 795 4932 είς
815 4865 1131 4932 ἀλλήλους
1148 4867 1296 4918 ἄνευ
1309 4866 1682 4934 γογγυσμοῦ,
1696 4865 1955 4929 ἕκαστος

369 4962 505 5016 καθ’
519 4960 550 5013 ὃ
565 4962 746 5014 ἔλαϐε
763 4960 1049 5028 χάρισμα,
1066 4960 1152 5023 εις
1168 4956 1426 5022 ἑαυτοὺς
1443 4959 1589 5010 αὐτὸ
1608 4956 1957 5010 διακονοῦν-

368 5072 494 5120 τες,
519 5055 599 5120 ὡς
622 5054 796 5107 καλοὶ
835 5052 1138 5118 οἰκονόμοι
1177 5048 1462 5116 ποικίλης
1501 5048 1743 5117 χάριτος
1783 5048 1956 5102 Θεοῦ.

372 5148 518 5211 Ὅρα
543 5146 604 5215 δή
632 5162 722 5213 μοι
746 5144 927 5206 πάλιν,
949 5144 1032 5195 ὅτι
1061 5141 1156 5194 τοῦ
1184 5141 1339 5207 ἁγίου
1366 5141 1679 5210 Πνεύματος
1710 5141 1953 5205 ἐξουσιαο

371 5237 597 5301 στικῶς,
634 5236 815 5297 καθὼς
841 5236 906 5289 ἄν
941 5235 1221 5306 βούληται,
1251 5233 1319 5285 τὰ
1346 5232 1465 5284 οεῖα
1492 5233 1807 5302 χαρίσματα
1841 5234 1955 5286 δια-

368 5330 629 5398 νέμοντός
655 5344 714 5380 τε
740 5328 833 5380 καὶ
864 5327 1080 5396 ἑκάστῳ
1112 5327 1222 5377 τῶν
1260 5322 1428 5390 ἁγίων
1461 5324 1893 5393 ἐπιμερίζοντος,
1932 5325 1959 5374 ὁ

368 5421 673 5489 θαυμάσιος
706 5420 910 5489 Πέτρος
954 5422 1019 5471 ὲκ
1052 5418 1187 5471 Θεοῦ
1219 5421 1313 5485 τῆς
1344 5415 1555 5468 τοιᾶσδε
1594 5416 1815 5486 χάριτος
1859 5418 1957 5485 τὴν

447 5626 462 5656 ⁸
488 5626 644 5678 “om.
679 5640 776 5686 γιι,
828 5624 913 5676 Μ.
990 5624 1010 5653 ¹
1044 5621 1171 5677 ibid.
1197 5624 1287 5678 Ἦ.

367 5697 387 5728 ⁷
427 5695 542 5757 iac.
584 5697 737 5759 ι,17.
814 5694 875 5745 ⁸1
907 5694 1033 5748 Cor.
1069 5711 1167 5760 xu,
1198 5696 1285 5749 11.

1405 5622 1424 5653 ³
1462 5623 1616 5675 nutu.
1675 5638 1789 5683 vm,
1827 5620 1881 5673 ‘2.

1364 5695 1383 5726 ⁹
1413 5692 1602 5747 ll‘etr.
1641 5708 1713 5757 tv,
1745 5692 1895 5745 7-H).

1999 5620 2015 5650 ⁸
2040 5618 2197 5674 Jun.
2237 5636 2344 5683 utr,
2377 5618 2429 5672 6.

2043 2036 2134 2101 sti,
2173 2044 2221 2088 et
2255 2036 2308 2088 in
2338 2034 2541 2102 Spiritu
2575 2035 2669 2089 Dei
2723 2038 2889 2089 nostri
2916 2038 2958 2089 ⁸.
2996 2037 3183 2105 itaque
3212 2039 3254 2090 si
3293 2037 3392 2090 soli
3433 2038 3541 2093 Deo
3569 2039 3633 2089 li-

2045 2142 2170 2182 cere
2206 2139 2423 2195 peecata
2460 2130 2733 2183 dimittere
2762 2132 3158 2194 concedemus,
3194 2130 3420 2184 dimittit
3445 2142 3627 2185 autem

2047 2220 2391 2290 ctjustilicat
2458 2223 2574 2290 ipse
2623 2222 2879 2290 Spiritus,
2921 2234 3140 2276 sanctos
3168 2222 3459 2277 declarans
3499 2240 3617 2286 eus,

2046 2313 2105 2368 in
2142 2313 2339 2381 quibus
2370 2324 2474 2379 est,
2509 2316 2652 2369 Deus
2687 2315 2875 2383 utique
2903 2325 3008 2379 est,
3042 2314 3135 2383 qui
3165 2315 3403 2369 divinam
3456 2318 3631 2370 actio-

2048 2420 2172 2459 nem
2208 2404 2372 2459 habet
2405 2407 2457 2459 in
2483 2421 2542 2459 se
2577 2408 2925 2460 naturaliter.

2618 2497 2701 2551 Ea:
2726 2496 3035 2565 Evangelia.

2120 2589 2293 2642 Amen
2329 2590 2450 2643 dico
2492 2592 2668 2652 vobis,
2704 2606 2800 2646 vos
2841 2607 2963 2645 esse
3016 2605 3228 2654 sems,
3261 2591 3365 2645 nisi
3415 2607 3511 2645 vos
3536 2591 3627 2644 Ιτμ

2050 2681 2152 2735 lius
2182 2682 2488 2735 liberaverit
2513 2682 2552 2736 ⁸.
2612 2682 2760 2738 llaue
2821 2685 2964 2737 enim
3027 2698 3114 2737 res
3168 2694 3464 2751 procreatae
3525 2700 3631 2737 non

2052 2776 2251 2830 habent
2287 2774 2624 2841 facultatem,
2655 2777 2748 2830 sed
2782 2776 2959 2829 solum
2999 2775 3258 2842 Verbum,
3330 2787 3389 2830 ιιι
3436 2776 3628 2834 Filius.

2051 2875 2107 2920 et
2139 2868 2341 2931 haeres,
2367 2876 2422 2920 et
2451 2880 2481 2919 ιι
2516 2865 2623 2922 Deo
2650 2867 2811 2922 Patre
2839 2867 3191 2937 proveniens.
3230 2867 3285 2920 Si
3322 2868 3483 2934 igitur
3540 2868 3634 2922 Fi-

2054 2958 2155 3012 lius
2180 2959 2330 3013 solus
2364 2974 2462 3011 nos
2497 2958 2571 3012 ita
2602 2970 2759 3014 vocat
2786 2962 2854 3013 ad
2892 2958 3223 3022 libertatem,
3287 2968 3343 3013 ut
3394 2970 3446 3012 et
3507 2959 3631 3029 Spi-

1976 3065 2020 3123 α
2055 3052 2193 3105 ritus
2228 3050 2371 3103 ἱιιυιιι
2401 3049 2630 3114 eﬂiciat,
2666 3052 2940 3119 quomodo
2981 3066 3088 3105 non
3125 3052 3499 3105 eritessentia:
3550 3054 3631 3119 ip-

1773 3117 1948 3213 ξῖάντῆι
2054 3144 2190 3207 sius,
2236 3143 2324 3212 qui
2374 3155 2431 3196 ut
2475 3144 2704 3213 ipsemet
2761 3147 2942 3197 omnia
3002 3144 3130 3198 facit
3196 3160 3317 3198 cum
3367 3154 3635 3213 potestate

2055 3234 2165 3290 Deo
2186 3236 2585 3290 conveniente?
2615 3236 2769 3303 Quod
2799 3239 2843 3291 si
2881 3237 2953 3290 ita
2983 3245 3088 3299 est,
3126 3252 3225 3289 nec
3270 3236 3469 3301 iactus,
3536 3254 3632 3291 uer.

2055 3340 2276 3382 creatus
2298 3339 2382 3383 est
2408 3329 2643 3399 Spiritus
2672 3328 2911 3385 Domini.
2952 3330 3006 3383 Id
3041 3331 3187 3383 enim
3236 3330 3421 3384 dicere
3477 3332 3636 3385 valde

2056 3420 2281 3490 impiunt
2311 3433 2415 3476 est.

2535 3508 2621 3562 Ea:
2646 3506 2835 3562 Jacobi
2885 3506 3150 3577 Epistola.

2136 3598 2317 3653 Nolite
2350 3616 2548 3663 errare,
2600 3601 2794 3667 fratres
2854 3598 3055 3663 dilecti,
3112 3612 3263 3650 omne
3310 3600 3492 3650 datum
3547 3599 3607 3651 bs

2055 3711 2200 3761 num,
2232 3705 2280 3748 et
2314 3711 2463 3748 omne
2518 3699 2713 3746 donum
2743 3693 3052 3761 perfectum,
3081 3711 3109 3746 e
3138 3709 3347 3746 sursum
3410 3704 3506 3757 est,
3546 3699 3639 3747 ds-

2057 3789 2302 3840 scendens
2336 3806 2365 3840 a
2400 3788 2559 3840 Patre
2595 3787 2851 3839 luminum
2906 3786 2948 3841 ⁷.
3000 3786 3056 3838 Si
3126 3786 3275 3838 varia
3326 3784 3632 3839 divinarum

2055 3879 2351 3948 gratiarum
2388 3878 2605 3947 largitio
2629 3894 2656 3930 a
2693 3877 2854 3931 Patre
2883 3876 3187 3931 demittitur
3221 3892 3234 3929 :
3270 3874 3399 3930 Πανί
3457 3888 3633 3929 autem

2055 3974 2254 4037 omnia,
2288 3981 2342 4027 ut
2376 3972 2574 4025 Paulus
2596 3972 2693 4035 ait,
2728 3970 2956 4038 Spiritus
3014 3972 3144 4038 agit,
3195 3970 3429 4023 dividens
3481 3970 3582 4039 sigi
3607 3999 3635 4008 -

2056 4062 2207 4115 latim
2240 4062 2538 4130 unicuique,
2571 4070 2625 4113 ut
2681 4060 2785 4113 vult
2818 4057 2862 4118 ⁸.
2895 4057 3169 4128 quomodo
3205 4054 3345 4111 Deus
3377 4070 3480 4109 non
3527 4070 3634 4120 est,

2056 4164 2112 4207 et
2168 4170 2234 4207 ex
2270 4154 2402 4216 Deo,
2437 4166 2492 4208 et
2524 4154 2575 4206 in
2610 4151 2721 4205 Deo
2756 4151 2992 4218 Spiritus
3029 4149 3161 4218 ipse,
3204 4149 3297 4216 qui
3358 4147 3485 4202 facit
3518 4163 3637 4201 0m-

2056 4247 2142 4299 uia
2174 4263 2294 4314 qua:
2326 4255 2631 4315 congruunt
2653 4243 2784 4309 Deo,
2819 4243 2980 4312 idque
3025 4253 3148 4296 cum
3183 4238 3492 4308 potestate?
3520 4239 3634 4291 Non

2055 4352 2185 4407 ergo
2202 4349 2417 4392 creatus
2453 4348 2557 4403 est,
2593 4346 2651 4391 ut
2690 4337 2780 4391 isti
2808 4336 2966 4404 nugis
2991 4335 3106 4392 suis
3136 4331 3430 4386 alﬁrmaut.

2555 4494 2642 4550 Es
2694 4494 2845 4550 Petri
2875 4492 3140 4560 Epistota.

2130 4591 2312 4644 Estote
2332 4591 2507 4660 itaque
2532 4591 2856 4658 prudentes,
2911 4598 2958 4640 et
2999 4584 3209 4655 vigilate
3273 4584 3327 4635 in
3380 4582 3629 4635 orationi-

2061 4683 2327 4737 bus.Ante
2358 4682 2535 4734 omnia
2567 4688 2742 4732 autem
2770 4686 3008 4729 mutuam
3037 4676 3090 4727 in
3118 4672 3491 4739 nobismetipsis
3516 4675 3640 4723 cha-

2063 4778 2277 4827 ritatem
2333 4772 2637 4824 continuam
2690 4768 2960 4829 habentes,
3021 4766 3148 4829 quia
3196 4764 3425 4815 charitas
3474 4764 3636 4832 operit

2063 4864 2455 4917 multitudinem
2504 4870 2857 4930 peccatorum.
2914 4858 3215 4925 llospitales
3272 4856 3491 4908 invicem
3527 4856 3640 4908 sine

2063 4959 2477 5011 murmuratione
2512 4973 2529 5010 :
2560 4956 2914 5025 unusquisque
2940 4956 3074 5005 sicut
3135 4952 3336 5020 accepit
3388 4951 3639 5020 gratiam,

2063 5054 2197 5104 inter
2224 5068 2307 5105 vos
2336 5048 2487 5101 illum
2512 5049 2967 5111 administrantes,
3009 5057 3064 5096 ut
3102 5044 3219 5096 boni
3253 5045 3598 5113 dispensator.
3621 5059 3642 5093 s

2061 5146 2399 5213 multiformis
2426 5144 2613 5210 gratia:
2643 5140 2735 5194 Dei
2769 5142 2809 5193 ’.
2844 5139 2941 5193 llic
2974 5138 3105 5191 mihi
3146 5152 3359 5191 rursum
3396 5138 3643 5189 animad-

2058 5249 2235 5301 rette,
2273 5252 2394 5292 cum
2428 5234 2663 5301 Spiritus
2696 5239 2916 5285 sanctus
2938 5238 3205 5296 potestate
3237 5244 3355 5289 sua,
3382 5228 3613 5295 quemail

2063 5332 2282 5383 modum
2314 5327 2445 5389 ruit,
2470 5323 2651 5378 divina
2686 5338 2909 5374 munera
2943 5321 3225 5389 largiatur.
3256 5329 3415 5384 atque
3439 5326 3589 5369 sanet
3620 5329 3642 5365 s

2064 5422 2338 5487 sigillatum
2376 5414 2694 5478 distribuat,
2727 5412 2947 5466 Petrum
2999 5407 3377 5464 admirabilem
3407 5405 3640 5456 allirma-

2543 5618 2562 5647 ⁸
2598 5615 2614 5668 l
2643 5616 2771 5670 Cor.
2836 5630 2908 5675 Vl,
2940 5611 3020 5665 Η.
3146 5611 3167 5641 ⁸
3210 5607 3369 5663 Joan.
3400 5619 3514 5670 rut,
3545 5604 3634 5659 36.
