4082 6420
423 228 522 294 871
1659 223 2046 287 EU'IHYMII
2084 184 2453 289 ZIGABENI
3589 217 3693 280 ετξ

421 361 483 398 re
511 342 715 398 variam
752 341 894 396 hanc
925 339 1048 395 talis
1075 340 1262 409 gratim
1298 338 1637 409 largitionem
1663 353 1691 391 a
1728 337 1834 393 Deo
1867 353 1994 407 pro-
2024 395 2026 400 η

2129 339 2374 393 ποικιλίαν
2396 355 2456 392 τε
2487 337 2581 392 καὶ
2609 335 2760 390 δόσιν
2783 330 2924 388 εἶναι
2949 335 3342 405 διισχυρίζεται
3365 373 3379 398 ,
3414 330 3514 384 οὒκ
3537 330 3697 383 ἀλλό-

425 437 622 500 ticisci,
651 435 852 504 quippe
889 433 980 504 qui
1013 434 1199 495 sciret,
1228 430 1490 499 Spiritum
1527 441 1779 484 sanctum
1813 445 1843 482 a
1901 445 2000 482 na-

2129 444 2256 497 :ptov
2293 429 2391 496 τῆς
2433 428 2585 488 θείας
2619 425 2835 493 φύσεως
2873 423 2934 476 τὸ
2958 423 3186 491 Πνεῦμα
3220 419 3399 476 εἰδώς.
3436 420 3570 471 Θεὸν
3604 418 3697 470 οὖν

425 537 546 580 tura
590 527 770 579 divina
803 540 906 578 non
939 537 1057 576 esse
1090 523 1348 575 alienum.
1383 522 1515 574 (lum
1585 519 1750 591 igitur
1808 519 2004 574 Petrus

2129 522 2166 572 ςδ
2205 521 2434 588 Πνεῦμα
2468 518 2762 579 κα).οῦντος
2792 516 2884 569 τοῦ
2913 517 3149 585 Πέτρου,
3182 514 3301 576 πῶς
3334 513 3394 564 οὐ
3430 511 3699 578 δυσσεόὴς

430 621 593 672 Deum
630 616 890 686 Spiritum
917 626 1166 667 sanctum
1205 613 1458 682 appellet,
1500 627 1682 666 nonne
1722 611 1921 680 impius
1951 619 2006 661 et

427 712 750 764 temerarius
786 709 889 772 est,
919 706 1004 774 qui
1043 706 1188 759 illum
1225 706 1363 758 inter
1411 721 1496 757 res
1546 703 1820 756 collocans
1876 717 2006 771 pro-

427 811 667 863 creatas,
712 799 1018 853 manifestis
1050 808 1366 850 sanctorum
1425 794 1798 864 apostolorum
1859 794 2009 846 testi—

428 894 626 949 mouiis
664 892 969 962 periculose
997 891 1153 942 audet
1189 888 1509 940 adversari?

883 979 967 1034 ΕΞ
1007 981 1233 1034 Joannis
1289 978 1545 1043 Epistoltt.

518 1076 690 1143 Iit-qui
740 1082 911 1127 servat
950 1071 1203 1123 mandata
1234 1072 1348 1138 ejus
1379 1071 1430 1121 in
1454 1072 1567 1138 ipso
1599 1081 1797 1134 manet,
1825 1082 1869 1123 et
1908 1071 2014 1134 ipse

426 1166 481 1218 in
507 1165 624 1225 illo,
642 1172 690 1217 et
713 1164 765 1216 in
795 1163 892 1214 hoc
921 1160 1303 1227 cognoscimus,
1323 1161 1460 1226 quod
1484 1161 1538 1210 in
1567 1160 1714 1211 nobis
1737 1171 1931 1222 manet,
1953 1174 2016 1209 ex

429 1261 657 1324 Spiritu,
716 1273 867 1326 quem
904 1255 1048 1307 dedit
1096 1255 1240 1306 nobis
1276 1257 1317 1309 ¹.
1370 1252 1424 1307 Si
1466 1253 1672 1322 Spiritu
1715 1266 1905 1306 sancto
1963 1256 2014 1305 in

428 1353 589 1402 nohis
613 1350 914 1410 habitante,
947 1345 1088 1399 Deus
1118 1354 1201 1398 est
1232 1345 1323 1412 qui
1361 1344 1414 1396 in
1443 1337 1596 1397 nobis
1625 1344 1860 1409 habitat,
1883 1358 2017 1412 quo-

430 1443 594 1494 modo
619 1455 725 1492 non
764 1438 903 1491 Deus
927 1452 992 1489 ex
1025 1437 1133 1488 Deo
1172 1433 1431 1503 Spiritus,
1466 1452 1624 1503 quem
1664 1435 1706 1487 si
1747 1437 1869 1502 quis
1903 1437 2006 1487 Ita-

431 1534 542 1595 het,
583 1531 748 1585 Deum
796 1529 1193 1583 inhabitantem
1223 1527 1402 1595 gerit?
1426 1527 1518 1596 qui
1548 1529 1712 1579 etiam
1736 1542 1832 1592 per
1883 1524 2017 1578 Pro-

431 1626 653 1693 phetam
688 1639 702 1676 :
734 1619 1079 1682 Iuhabitabo,
1104 1619 1300 1688 inquit,
1324 1620 1378 1672 in
1407 1620 1501 1683 eis,
1521 1629 1568 1671 et
1595 1618 1952 1676 iuambulabo.
1972 1627 2020 1670 et

2109 610 2204 660 καὶ
2244 610 2552 679 παράφρων
2582 609 2608 659 ὁ
2636 609 2748 670 τοῖς
2774 609 3076 675 ποιήμασιν
3105 603 3402 675 ἐνάριθμον
3427 603 3584 654 τοῦτο
3620 620 3702 652 τι·-

2110 703 2244 764 θεὶς,
2290 701 2384 754 καὶ
2427 705 2537 760 τοῖς
2600 701 2707 751 τῶν
2749 700 2918 767 ἀγεων
2981 699 3297 750 ἀποστόλων
3347 695 3700 766 κηρύγμασιν

2111 793 2572 863 ἀηιτιφοέγγεσῡαι
2615 793 3005 862 ῥιψοκινδύνως
3046 789 3449 858 κατατολμῶνς

2407 972 2502 1023 Ἐκ
2529 958 2639 1036 τῆς
2682 967 2976 1022 Ἰωάννου
3017 962 3414 1031 Ἐπιστολῆς.

2187 1064 2293 1119 Καὶ
2327 1069 2360 1118 ό
2383 1061 2579 1129 τηρῶν
2601 1061 2708 1125 τὰς
2733 1060 2990 1121 ἐντολὰς
3017 1055 3204 1109 αὐτοῦ
3227 1059 3294 1108 ἐν
3325 1055 3484 1119 αὐτῷ
3510 1055 3700 1122 μένει,

2118 1158 2214 1210 ναὶ
2244 1156 2428 1220 αὐτὸς
2447 1157 2514 1208 ἐν
2545 1153 2728 1218 αὐτῷ.
2758 1151 2862 1205 Καὶ
2889 1150 2955 1203 ὲν
2980 1153 3171 1216 τούτῳ
3191 1149 3582 1219 γινώσκομεν,
3617 1149 3704 1198 (ττι

2117 1252 2188 1302 ἐν
2206 1250 2350 1318 ἡμῖν
2365 1248 2556 1317 μένει.
2589 1249 2655 1299 ὲκ
2684 1244 2788 1298 τοῦ
2814 1245 3162 1312 Πνεύματος
3191 1237 3262 1296 οὗ
3291 1241 3514 1295 ἔδωκεν
3539 1239 3702 1309 ἡμῖν.

2122 1343 2183 1397 Εἰ
2211 1342 2306 1396 τοῦ
2337 1340 2494 1408 ἁγίου
2515 1337 2830 1406 Ιινεύματος
2866 1339 2922 1390 ὲν
2954 1339 3086 1406 ἡμῖν
3107 1335 3384 1397 οἰκοῦντος
3404 1335 3535 1396 Θεός
3560 1339 3705 1386 ἐστιν

2119 1437 2147 1487 ὁ
2179 1423 2477 1498 κατοικῶν,
2511 1431 2627 1494 πῶς
2661 1431 2721 1482 οὺ
2755 1429 2918 1493 θεὸς,
2949 1429 3045 1482 καὶ
3078 1429 3143 1480 ἐκ
3177 1429 3315 1480 Θεοῦ
3346 1427 3405 1480 τὸ
3436 1427 3658 1494 Πνεῦμα
3688 1445 3702 1488 ;

2122 1533 2259 1598 ὅπερ
2287 1528 2444 1588 εῐτις
2477 1526 2612 1594 ἔχει,
2657 1523 2791 1576 Θεὸν
2824 1522 3142 1576 ἐνοικοῦντα
3175 1522 3366 1590 φορεῖ,
3405 1519 3462 1582 ὃς
3491 1520 3582 1571 καὶ
3620 1520 3708 1572 διὰ

2123 1623 2217 1675 τοῦ
2267 1625 2549 1691 προφήτου
2597 1616 2802 1688 φησίνο
2841 1613 3180 1680 Ἐνοικήσω
3229 1615 3298 1667 ἐν
3335 1612 3563 1678 αὐτοῖς,
3608 1610 3708 1663 καὶ

431 1683 522 1769 ero
559 1717 790 1783 ipsorum
825 1711 964 1766 Deus
1011 1711 1079 1765 ’ἲ
1111 1683 1195 1764 Ει-
1213 1712 1257 1766 si
1286 1683 1438 1765 Deus
1490 1726 1556 1764 ex
1615 1709 1725 1762 Deo
1789 1711 2022 1778 Spiritus

2129 1683 2540 1784 uspmitriﬁo'w,
2692 1710 2907 1780 ἔσομαι
2931 1707 3131 1762 αὐτῶν
3161 1709 3324 1772 Θεός.
3343 1705 3455 1759 Καὶ
3479 1707 3526 1757 εὶ
3553 1704 3709 1765 Θεὸς,

436 1819 544 1868 est,
582 1805 706 1874 quis
733 1819 853 1856 eum
883 1812 1089 1857 temere
1148 1810 1394 1856 creatura
1454 1784 1642 1857 dicens
1691 1803 2017 1871 supplicium

433 1900 606 1953 evitet
632 1897 1028 1964 sempiternum
1058 1894 1082 1947 ἲ

1041 1983 1128 2039 Ea:
1168 1985 1372 2039 eadem.

510 2079 576 2132 Et
613 2078 839 2142 Spiritus
871 2086 966 2139 est,
993 2079 1082 2146 qui
1115 2077 1278 2131 Deum
1308 2076 1560 2144 Spiritum
1589 2079 1860 2131 veritatem
1907 2094 2024 2131 esse

437 2182 682 2224 testatur.
708 2170 969 2233 Quoniam
999 2179 1104 2222 tres
1147 2177 1292 2232 sunt,
1351 2169 1440 2240 qtti
1477 2170 1832 2222 testimonium
1889 2170 2024 2237 affe-

440 2271 563 2315 runt
614 2263 668 2314 iu
725 2261 874 2323 coelo,
910 2259 1095 2328 Pater,
1135 2259 1359 2313 Verbum
1387 2269 1434 2314 et
1466 2260 1714 2328 Spiritus,
1745 2272 1794 2314 et
1842 2261 1894 2313 hi
1924 2273 2025 2313 tres

437 2371 599 2408 unum
626 2365 771 2408 sunt.
799 2351 864 2406 Et
897 2365 1000 2408 tres
1028 2348 1151 2408 siint
1179 2356 1269 2424 qui
1295 2355 1654 2408 testimonium
1679 2357 1806 2408 dant
1835 2356 1888 2406 iu
1918 2365 2024 2406 ter-

438 2465 524 2513 ra,
560 2447 815 2514 Spiritus,
866 2463 1027 2516 aqua,
1063 2447 1297 2516 sanguis.
1333 2445 1401 2499 Et
1443 2446 1495 2498 hi
1554 2458 1658 2499 tres
1691 2463 1850 2498 unum
1877 2455 2022 2500 sunt.

439 2539 502 2592 Si
554 2539 910 2592 testimonium
975 2537 1247 2590 hominum
1297 2539 1610 2606 accipimus,
1671 2545 2024 2590 testiinonium

440 2629 538 2682 Dei
571 2632 746 2698 majus
773 2641 847 2683 est
874 2631 919 2684 ⁸.
949 2629 1206 2684 Veritatis
1264 2645 1442 2700 praeco
1473 2645 1714 2694 rursum,
1738 2642 1791 2680 ιιι
1826 2630 2022 2691 sides,

437 2730 490 2774 et
527 2721 693 2774 Deum
747 2730 804 2774 et
838 2735 904 2774 ex
962 2718 1075 2773 Deo
1133 2719 1456 2774 naturaliter
1513 2719 1778 2789 Spiritum
1843 2725 2022 2772 vocat.

438 2811 574 2865 Cum
606 2814 747 2864 enim
807 2811 1058 2876 dixisset,
1103 2810 1367 2880 Spiritum
1416 2825 1560 2876 esse,
1623 2811 1713 2879 qui
1771 2819 2023 2875 testatur,

446 2903 720 2974 paululum
782 2903 1180 2971 progrediens:
1223 2901 1626 2966 Testimonium,
1681 2901 1876 2970 inquit,
1933 2900 2027 2954 Dei

442 2995 619 3064 majus
648 3005 746 3048 est.
775 2994 1058 3060 Quomodo
1087 2994 1251 3062 igitur
1272 3002 1490 3048 creatus
1509 3005 1615 3058 est,
1653 2995 1744 3063 qui
1770 3009 1873 3047 una
1902 3009 2023 3047 cum

442 3087 603 3141 Patre
631 3103 810 3141 rerum
846 3088 1086 3140 omnium
1132 3088 1272 3142 Deus
1312 3086 1532 3153 dicitur,
1561 3098 1616 3142 et
1647 3096 1894 3142 sanctam
1923 3103 2020 3140 ex-

444 3175 550 3244 plet
583 3173 908 3228 Triuitatem
937 3174 960 3228 τ

675 3369 757 3422 Ea:
789 3367 1086 3439 Evangelia
1122 3377 1407 3424 secundum
1457 3371 1790 3428 Matthteum.

515 3461 644 3515 Jesu
683 3461 878 3517 Christi
931 3474 1103 3516 autem
1138 3467 1409 3532 generatio
1465 3466 1544 3519 sic
1578 3475 1741 3519 erat:
1779 3464 1913 3520 Cum
1941 3481 2025 3520 es-

446 3562 523 3606 set
553 3551 865 3618 desponsata
891 3565 1062 3606 mater
1093 3555 1258 3624 ipsius
1285 3555 1460 3609 Maria
1487 3555 1705 3624 Ioseph,
1742 3569 2023 3626 antequam

445 3649 799 3708 convenirent,
825 3647 1033 3700 iuventa
1060 3659 1134 3700 est
1172 3649 1226 3701 in
1256 3660 1404 3702 utero
1453 3649 1644 3702 habens
1703 3651 1767 3702 de
1824 3648 2025 3717 Spiritu

444 3751 628 3792 sancto
651 3740 694 3790 ⁵.
725 3737 780 3791 Si
837 3738 1057 3791 creandi
1092 3737 1326 3794 facultas
1351 3739 1449 3793 soli
1481 3743 1636 3794 adest
1693 3749 1920 3806 naturae,
1973 3750 2029 3791 ot

449 3831 550 3882 hoc
574 3828 743 3896 ipsius
775 3839 856 3881 est
890 3830 1171 3892 eximium,
1201 3827 1360 3880 simul
1413 3844 1534 3881 cum
1565 3827 1686 3881 aliis
1743 3827 2024 3896 dignitati-

447 3921 549 3974 bus
577 3919 774 3973 divinis
793 3919 865 3971 ilti
888 3919 1330 3986 congruentibus,
1358 3916 1594 3986 Spiritus
1619 3929 1799 3971 autem
1829 3917 1883 3970 in
1904 3916 2026 3970 Vir-

448 4012 576 4079 gine
610 4009 851 4062 divinum
883 4009 1137 4078 templum
1165 4019 1340 4072 creat,
1394 4023 1575 4062 nonne
1624 4009 1668 4062 si
1731 4007 1852 4074 quis
1903 4019 2027 4060 eum

447 4110 691 4155 creatum
729 4099 884 4164 dicit,
911 4100 958 4154 is
992 4099 1189 4168 impius
1213 4099 1376 4152 simul
1421 4109 1585 4167 atque
1629 4113 1816 4152 amens
1841 4099 2033 4166 depre-

461 4192 774 4246 hendettlr?

669 4282 754 4335 Ea:
818 4281 1109 4351 Evangelia
1169 4282 1452 4335 secundum
1477 4281 1772 4337 'Joanuem.

527 4373 791 4443 Quotquot
822 4383 998 4426 autem
1030 4383 1345 4440 acceperunt
1388 4388 1529 4436 eum,
1557 4381 1866 4438 potestatem
1889 4369 2031 4424 dedit

451 4473 526 4525 eis
559 4479 616 4522 ut
663 4467 765 4537 ﬁlii
800 4467 898 4520 Dei
953 4467 1160 4533 ﬁerent,
1196 4467 1286 4534 qui
1321 4481 1427 4519 non
1458 4481 1522 4520 ea:
1553 4464 1920 4534 sanguiuibus,
1944 4481 2034 4518 ne-

453 4579 552 4634 que
579 4576 643 4615 ea:
669 4559 932 4614 voluntate
963 4558 1212 4624 hominis,
1249 4573 1412 4628 neque
1451 4573 1514 4611 ex
1540 4558 1809 4611 voluntate
1835 4557 2033 4618 carnis,

451 4654 541 4709 sed
589 4669 654 4708 ea:
689 4652 796 4706 Deo
835 4653 948 4704 uati
993 4660 1117 4704 sunt
1143 4650 1186 4705 ⁸.
1236 4650 1292 4704 Si
1351 4651 1586 4718 Spiritus
1634 4659 1736 4714 est,
1790 4649 1879 4716 qui
1943 4661 2038 4717 per

457 4752 612 4800 tidem
641 4749 691 4798 in
747 4745 1023 4798 Christum
1054 4753 1338 4812 regenerat
1373 4757 1468 4796 nos
1504 4743 1570 4794 ad
1611 4742 1863 4804 salutem,
1901 4741 2038 4794 adeo

457 4850 510 4890 ιιι
540 4838 660 4905 ejus
698 4837 870 4905 gratia
911 4850 1012 4890 nos
1058 4834 1152 4888 tilii
1194 4835 1533 4888 declaremur
1593 4833 1706 4897 Dei,
1766 4832 2036 4900 quomodo

460 4928 694 4992 Spiritus
730 4942 834 4979 non
872 4927 974 4980 erit
1005 4925 1185 4980 Deus?
1215 4925 1367 4990 Quod
1398 4935 1578 4978 autem
1610 4940 1728 4989 nos,
1769 4924 1860 4992 qui
1911 4937 2035 4977 cre-

457 5021 653 5076 di‘uus.
692 5032 757 5069 ex
788 5016 994 5083 Spiritu
1020 5018 1214 5080 simus,
1250 5025 1481 5069 testatur
1525 5016 1810 5078 Servator,
1848 5016 1925 5068 sic
1954 5015 2033 5066 al-

459 5111 687 5176 Ιηιιιιμιιε
716 5109 1069 5162 Nicodemuin
1102 5125 1119 5164 :
1150 5107 1382 5175 Spiritus
1413 5108 1502 5160 ubi
1562 5107 1672 5160 vult
1727 5110 1922 5174 spirat,
1984 5117 2032 5159 et

456 5219 624 5254 t-ormu
647 5203 760 5271 ejus
787 5202 964 5264 audis,
991 5205 1079 5256 sed
1105 5204 1270 5256 nescis
1297 5203 1433 5256 unde
1458 5203 1653 5265 veniat,
1688 5215 1780 5254 aut
1809 5220 1910 5271 quo
1939 5220 2029 5255 va-

455 5299 566 5346 dat.
600 5292 688 5346 Sic
709 5295 806 5346 erit
843 5293 1034 5357 omnis,
1056 5294 1147 5363 qui
1172 5304 1326 5347 natus
1353 5303 1431 5348 est
1478 5309 1542 5347 ex
1574 5294 1776 5362 Spiritu
1813 5295 1854 5347 “.

537 5613 733 5667 ‘Joan.
772 5628 855 5670 ut.
885 5612 978 5667 24.
1055 5612 1076 5643 ³
1104 5609 1281 5668 Levii.
1341 5626 1489 5674 xsvr,
1543 5609 1646 5676 12;
1689 5607 1730 5664 II
1759 5608 1886 5666 Cor.
1932 5627 2006 5680 vr,
2050 5613 2135 5668 l6.

471 5685 558 5750 19.,
589 5685 675 5740 t5.
749 5683 770 5715 ‘
802 5683 959 5741 .luau.
1000 5698 1082 5749 ut,
1120 5681 1172 5737 8.

2128 1811 2222 1861 καὶ
2246 1810 2310 1860 ἐκ
2335 1806 2476 1858 Θεοῦ
2507 1805 2569 1857 τὸ
2601 1804 2849 1873 Πνεῦμα,
2881 1802 2966 1863 τίς
2995 1801 3126 1853 αὐτό
3157 1799 3582 1868 ῥιψοκινδύνως,
3623 1799 3710 1850 ὅτι

2127 1900 2358 1971 γενητὸν
2386 1897 2475 1968 εἴη
2502 1897 2680 1964 λέγων
2698 1935 2713 1958 ,
2747 1896 2850 1964 τὴν
2879 1894 3101 1946 αἰώνιον
3132 1891 3660 1963 ὲκὸήσεταικό).ασιν
3689 1905 3704 1953 ;

2684 1989 2781 2040 Ἐκ
2812 1986 2920 2054 τῆς
2969 1985 3186 2054 αὐτῆς.

2198 2083 2308 2138 Καὶ
2331 2087 2396 2136 τὸ
2418 2081 2665 2150 Πνεῦμά
2689 2081 2819 2133 ἐστι
2845 2081 2912 2132 τὸ
2935 2079 3305 2148 μαρτυροῦν,
3325 2078 3416 2134 ὅτι
3438 2077 3502 2130 τὸ
3523 2075 3714 2130 Πνεῦ-

2118 2176 2208 2243 μὰ
2229 2177 2399 2228 ἐστιν
2422 2177 2457 2242 ἠ
2476 2175 2750 2240 ἀλήθεια.
2771 2173 2902 2226 Ὅτι
2926 2174 3079 2241 τρεῖς
3099 2177 3257 2225 εἰσιν
3275 2174 3328 2224 οὶ
3341 2167 3716 2239 μαρτυροῦν-

2125 2289 2228 2336 τες
2248 2271 2316 2324 ἐν
2339 2269 2420 2335 τῷ
2441 2267 2699 2337 οὐρανῷ,
2721 2271 2753 2321 ό
2773 2267 2999 2335 Πατὴρ,
3023 2271 3055 2320 ό
3077 2267 3290 2336 Λόγος,
3312 2263 3411 2317 καὶ
3446 2263 3513 2316 τὸ
3543 2261 3719 2330 ἅγιον

2127 2363 2371 2432 Πνεῦμα
2391 2379 2402 2389 ·
2424 2361 2524 2414 καὶ
2546 2355 2713 2416 οὗτοι
2740 2363 2794 2412 οὶ
2813 2359 2968 2427 τρεῖς
2989 2361 3058 2412 ἓν
3083 2363 3224 2413 εἱσι.
3249 2356 3358 2412 Καὶ
3381 2355 3534 2424 τρεῖς
3553 2358 3719 2407 εἰσιν

2127 2457 2182 2508 οι
2192 2451 2644 2522 μαρτυροῦντες
2660 2450 2729 2502 ἐν
2748 2447 2822 2517 τῇ
2844 2447 2940 2518 γῇ,
2961 2450 3028 2502 τὸ
3051 2449 3312 2517 Πνεῦμα,
3337 2449 3517 2499 καὶτὸ
3536 2446 3714 2510 ὕδωρ,

2127 2547 2228 2602 καὶ
2256 2544 2324 2598 τὸ
2351 2539 2526 2614 οἶμαι
2553 2542 2654 2596 καὶ
2684 2545 2738 2595 οἱ
2784 2542 2943 2610 τρεῖς
2965 2545 3053 2607 εὶς
3092 2546 3156 2596 τὸ
3186 2542 3256 2594 ἐν
3288 2543 3468 2594 εισιν.
3503 2541 3572 2593 Ei
3601 2539 3718 2602 τὴν

2122 2637 2455 2708 μαρτυρίαν
2468 2633 2585 2688 τῶν
2601 2633 2934 2702 ἀνθρώπων
2945 2634 3350 2703 λαμϐάνομεν,
3375 2634 3413 2702 ἠ
3427 2630 3722 2702 μαρτυρία

2127 2725 2234 2779 τοῦ
2271 2724 2418 2778 Θεοῦ
2463 2721 2678 2792 μείζων
2701 2724 2857 2778 ἐστι.
2887 2723 3000 2778 Θέα
3033 2725 3098 2796 δὴ
3128 2725 3309 2788 πάλιν,
3334 2727 3416 2776 ὅτι
3447 2725 3544 2792 τῆς
3586 2721 3724 2789 ἁλη-

2129 2815 2280 2876 θείας
2316 2815 2344 2867 ὁ
2399 2812 2576 2884 κῆρυξ
2611 2813 2745 2865 Θεόν
2791 2830 2853 2866 τε
2909 2815 3005 2867 καῖ⁵
3054 2815 3118 2866 ὲκ
3172 2814 3309 2867 Θεοῦ
3369 2813 3613 2881 φυσικῶς
3654 2813 3720 2863 τὸ

2129 2905 2356 2975 Πνεῦμα
2388 2902 2562 2956 καλεῖ.
2592 2904 2840 2974 Εἱρηκὼς
2870 2905 3002 2974 γὰρ,
3023 2905 3106 2957 ὅτι
3132 2905 3192 2958 τὸ
3219 2905 3443 2974 Πνεῦμά
3473 2906 3590 2955 ἐστι
3623 2902 3717 2955 τοῦ

2053 3029 2095 3086 C
2129 2997 2262 3052 Θεοῦ
2295 2998 2356 3049 τὸ
2405 2996 2747 3068 μαρτυροῦν,
2784 2999 2979 3068 μικρόν
3010 3015 3061 3049 τι
3103 2996 3384 3067 προελθὼν
3445 2997 3721 3066 ἐπιφέρει,

2134 3095 2244 3148 «Ἡ
2307 3096 2585 3166 μαρτυρὲα
2630 3091 2722 3145 τοῦ
2782 3091 2918 3144 Θεοῦ
2975 3090 3182 3160 μείζων
3215 3091 3355 3144 ἐστι.
3399 3109 3418 3144 s
3457 3087 3724 3154 Πῶς”οὗν

2131 3190 2249 3240 ἐστι
2289 3185 2501 3256 ποίημα
2536 3185 2596 3237 τὸ
2619 3183 2728 3236 τῶν
2775 3183 2911 3235 ὅλων
2943 3183 3117 3251 Πατρὶ
3172 3181 3717 3252 συνοεολογούμενον,

2133 3276 2229 3331 καὶ
2263 3275 2359 3347 τῆς
2389 3275 2550 3344 ἁγίας
2583 3275 2816 3345 Τριάδος
2847 3272 3336 3343 συμπληρωτικόν;

2323 3372 2424 3424 Ἐκ
2467 3368 2574 3423 τοῦ
2598 3366 2750 3421 κατὰ
2794 3365 3096 3421 Ματθαῑον
3150 3366 3540 3434 Εὐαγγελίου.

2173 3461 2282 3516 Τοῦ
2299 3461 2367 3513 δὲ
2377 3460 2585 3527 Ἰησοῦ
2601 3457 2863 3526 Χριστοῦ
2881 3459 2918 3525 ἡ
2938 3457 3227 3526 γέννησις
3245 3457 3316 3511 οὕ
3325 3475 3435 3522 τως
3448 3455 3546 3528 ἦν.
3561 3461 3721 3524 Μνη-

2129 3553 2499 3619 στευθείσης
2524 3551 2633 3621 γὰρ
2660 3548 2770 3618 τῆς
2788 3551 3019 3618 μητρὸς
3040 3547 3228 3601 αὑτοῦ
3250 3550 3482 3614 Μαρίας
3504 3548 3583 3613 τῷ
3602 3550 3720 3602 Ἰω-

2129 3646 2283 3714 σὴφ,
2317 3645 2462 3712 πρὶν
2483 3643 2521 3712 ἧ
2550 3640 2876 3696 συνελθεῖν
2902 3639 3148 3706 αὐτοὺς,
3179 3640 3394 3708 εὑρέθη
3415 3642 3486 3693 ἐν
3509 3638 3723 3708 γαστρὶ

2130 3739 2364 3808 ἔχουσα
2387 3739 2456 3791 ἐκ
2489 3739 2842 3806 Πνεύματος
2869 3735 3066 3803 ἁγίου.
3098 3733 3163 3786 Ei
3195 3733 3334 3804 μόνῃ
3363 3733 3422 3785 τὸ
3455 3732 3720 3785 δύνασθαι

2131 3830 2337 3894 κτίζειν
2367 3831 2435 3900 τῇ
2477 3828 2599 3900 Θείᾳ
2628 3829 2891 3898 πρόσεστι
2937 3825 3136 3895 φύσει,
3201 3827 3297 3879 καὶ
3339 3824 3499 3878 τοῦτο
3551 3825 3724 3892 αὐτῆς

2135 3919 2274 3990 μετά
2338 3920 2448 3972 τῶν
2495 3920 2669 3973 ἄλλων
2715 3921 2888 3990 αὐτῆς
2921 3919 3247 3991 θεοπρεπῶν
3299 3921 3362 3973 τὸ
3421 3919 3721 3990 ἐξαίρετον,

2135 4013 2309 4076 κτίζει
2338 4011 2396 4064 δὲ
2429 4011 2489 4064 τὸ
2521 4011 2748 4080 Πνεῦμα
2781 4013 2840 4064 τὸ
2878 4011 3020 4064 οεῖον
3059 4014 3118 4064 ὲν
3159 4014 3226 4081 τῇ
3269 4011 3530 4079 Παρθένῳ
3568 4011 3724 4074 ναὸν,

2136 4104 2220 4167 τίς
2251 4103 2385 4155 αὐτὸ
2416 4102 2947 4172 πεποιῆσθαιλέγων
2995 4102 3118 4174 οὐχὶ
3164 4101 3432 4172 δυσσεϐὴς
3473 4119 3532 4155 τε
3586 4100 3726 4171 ὁμοῦ

2145 4198 2235 4249 καὶ
2268 4195 2574 4268 παράφρων
2607 4195 2971 4266 εὑρεθήσεται
2995 4216 3010 4263 ;

2333 4288 2436 4341 Ἐκ
2489 4287 2592 4341 τοῦ
2629 4286 2781 4340 κατὰ
2823 4286 3115 4356 Ἰωάννην
3144 4288 3547 4358 Εὐαγγελιόυ.

2211 4381 2388 4435 Ὅσοι
2409 4381 2477 4433 δὲ
2496 4381 2720 4435 ἔλαϐον
2740 4381 2952 4444 αὐτὸν,
2973 4381 3199 4436 ἔδωκεν
3211 4382 3418 4447 αὐτοῖς
3431 4382 3731 4446 ἐξουσίαν

2137 4472 2323 4526 τέκνα
2348 4471 2498 4526 Θεοῦ
2520 4469 2834 4540 γενέσθαι,
2859 4470 2916 4524 οἳ
2945 4474 3057 4525 οὐκ
3077 4472 3148 4535 ἐξ
3171 4471 3458 4540 αἱμάτων,
3487 4470 3632 4524 οὐδὲ
3657 4471 3728 4524 ἐκ

2145 4563 2483 4630 θελήματος
2535 4561 2782 4628 ἀνδρὸς,
2812 4559 2959 4613 οὐδὲ
2987 4561 3056 4613 ἐκ
3100 4561 3443 4630 θελήματος
3477 4564 3730 4629 σαρκὸς,

2143 4651 2282 4706 ἀλλ’
2307 4651 2375 4703 ἐκ
2400 4650 2549 4702 Θεοῦ
2581 4649 3026 4718 ἐγεννήθησαν.
3056 4651 3117 4701 Εἰ
3155 4650 3216 4702 τὸ
3249 4649 3472 4719 Πνεῦμα
3498 4652 3615 4703 ὲστι
3642 4650 3732 4704 διὰ

2144 4745 2241 4810 τῆς
2260 4741 2499 4803 πίστεως
2522 4739 2622 4809 τῆς
2645 4743 2724 4803 εἰς
2750 4741 2985 4811 Χριστὸν
3010 4743 3320 4810 ἀναγεννῶν
3341 4743 3489 4812 ἡμᾶς
3512 4745 3593 4806 εις
3619 4760 3726 4796 σω-

2134 4832 2349 4902 τηρίαν,
2390 4831 2465 4893 ὼς
2511 4831 2676 4882 αὑτοῦ
2727 4831 2792 4901 δὴ
2821 4831 3009 4884 τούτου
3048 4834 3210 4902 χάριν
3259 4834 3551 4903 γεννητοὺς
3586 4835 3729 4902 ἡμᾶς

2135 4923 2496 4993 γρηματξζειν
2525 4922 2686 4989 Θεοῦ,
2709 4924 2828 4987 πῶς
2857 4925 2957 4976 οὐκ
2988 4925 3052 4978 διν
3091 4927 3174 4994 εἴη
3226 4925 3358 4988 Θεὸς
3380 4925 3441 4978 τὸ
3469 4925 3727 5002 Πνεῦμα;

2135 5017 2259 5068 ’Ὁτι
2294 5015 2350 5066 δὲ
2380 5017 2629 5083 γεννητοὶ
2659 5015 2980 5084 ῐινεύματος
3016 5019 3179 5085 ἡμεῖς
3217 5019 3268 5070 oi
3311 5017 3728 5079 πιστεύσαντες,

2139 5105 2478 5175 μαρτυρήσει
2514 5106 2686 5174 λέγων
2729 5109 2755 5157 ὁ
2807 5108 2998 5177 Σωτὴρ
3050 5111 3184 5174 πρὸς
3240 5107 3586 5178 Νικόδημον·
3655 5105 3729 5159 Τὸ

2145 5195 2387 5264 Πνεῦμα
2423 5197 2575 5249 ὅπου
2609 5197 2766 5250 θέλει
2799 5199 2957 5262 πνεῖ,
2989 5199 3090 5251 καὶ
3132 5201 3249 5265 τὴν
3276 5200 3487 5268 φωνὴν
3539 5199 3729 5253 αὐτοῦ

2143 5289 2408 5354 ἀκούεις,
2441 5291 2718 5344 ἀλλὀὐκ
2752 5289 2921 5358 οἶδας
2973 5295 3160 5347 πόθεν
3209 5295 3468 5361 ἔρχεται,
3519 5293 3558 5359 ἢ
3611 5290 3731 5346 ποῦ

2147 5381 2386 5437 ὑπείκει.
2445 5383 2630 5446 Οῦτως
2675 5384 2822 5437 ἔσται
2876 5387 2982 5448 πᾶς
3029 5386 3058 5437 ὀ
3121 5384 3463 5455 γεννώμενος
3524 5387 3586 5437 ὲκ
3640 5381 3737 5437 τοῦ

2152 5474 2290 5528 Πνεύ
2298 5491 2487 5544 ματος.

2245 5617 2259 5646 ¹
2295 5617 2313 5671 Ι
2345 5615 2501 5670 Joun.
2541 5633 2588 5678 ι’,
2619 5617 2713 5670 5-⁸)
2852 5619 2870 5649 ⁵
2897 5616 3088 5672 Matth.
3150 5635 3188 5682 I,
3229 5619 3311 5673 l8.
3435 5621 3452 5648 ⁵
3501 5617 3656 5673 Joau.
3688 5632 3730 5684 ι,
