4082 6414
426 314 537 380 877

1397 322 1771 389 PANOPLIA
1816 324 2268 423 ῡοαιιιιτιελ.
2310 346 2379 360 -’
2407 325 2558 385 ΤΙΤ.
2589 325 2737 386 XIV.

3588 322 3701 386 878

419 473 452 526 6
493 470 716 544 Κύριος.
776 474 1185 532 ΟΡΘΟΔΟΞΟΣ.
1233 478 1309 531 Οὔ
1347 477 1509 549 μόνον
1549 480 1880 552 εὐσεϐοῦμεν
1925 481 2002 536 λέ-

2116 462 2466 518 incarnatum
2528 466 2765 520 animam
2810 480 3030 536 quoque
3081 466 3344 524 habuisse
3402 467 3700 526 aﬂirmetis.

419 578 629 631 γοντες,
668 564 750 617 ὅτι
791 565 1076 635 ὁμοοῦσιός
1121 568 1269 623 ἐστιν
1308 571 1337 622 6
1378 569 1507 633 Υἱὸς
1542 569 1622 641 τῷ
1665 570 1860 641 Πατρὶ,
1896 572 2010 626 ἀλλ’

415 655 503 709 ὅτι
539 656 631 710 καὶ
666 656 845 726 ψυχὴν
866 654 976 728 εἶχε
1018 659 1341 730 σαρκωθείς.
1379 661 1543 714 Οὐδὲν
1572 661 1628 714 δὲ
1665 662 1808 733 μέγα
1837 666 2010 727 ποιεῖς

422 748 753 818 ἀρνούμενος
780 749 842 801 τὸ
867 751 1171 820 ὁμοούσιον.
1202 756 1249 806 εἰ
1270 752 1447 824 ψυχὴν
1485 755 1647 808 αὑτὸν
1673 756 1816 827 ἔχειν
1848 757 2005 828 ἀρνῇ.

423 836 593 890 Τοῦτο
620 838 729 909 γάρ
761 840 908 893 ἐστιν
942 838 1071 893 ἴδιον
1106 840 1215 895 τῶν
1250 842 1311 895 τὸ
1342 842 1651 914 ἒτεροῦσιον
1689 844 1784 898 καὶ
1812 846 1873 898 τὸ
1919 846 2011 898 ἀν-

412 928 605 997 όμοιον
633 928 919 997 λεγόντων.
960 932 1076 985 Ἵνα
1121 932 1229 1003 γὰρ
1268 934 1519 1006 παθητὴν
1567 936 1665 1007 τὴν
1698 938 1886 991 οὐσίαν
1912 937 2007 991 τοῦ

419 1018 761 1087 Μονογενοῦς
796 1018 1042 1083 εἴπωσιν,
1076 1022 1283 1093 ἄψυχον
1311 1024 1551 1093 λέγουσι,
1591 1028 1685 1081 καὶ
1722 1028 1785 1081 ἐκ
1817 1029 2007 1083 τούτου

418 1108 888 1175 κατασκευάζουσι
910 1112 970 1165 τὸ
1000 1115 1271 1186 ἀνόμοιον.
1300 1118 1521 1171 Μακεὸ.
1557 1118 1697 1171 Ἀλλ’
1729 1121 1888 1190 ἡμεῖς
1923 1123 2010 1175 ἀν-

410 1202 602 1272 όμοιον
628 1204 729 1275 μὲν
756 1205 817 1258 οὑ
836 1205 1084 1277 λέγομεν,
1109 1207 1313 1279 ἄψυχον
1339 1210 1658 1282 δὲλέγομεν.
1678 1211 1833 1281 Ὀρθ.
1851 1215 2009 1284 Ὁμο-

418 1295 617 1364 λογεῖς,
664 1298 746 1350 ὅτι
791 1299 941 1369 παρὰ
982 1299 1058 1369 τῷ
1101 1298 1317 1373 θανάτῳ
1358 1301 1560 1372 ἦρξατο
1598 1304 1881 1357 λυπεῖσθαι
1914 1306 2008 1359 καὶ

416 1388 728 1458 ἀδημονεῖν,
770 1389 847 1453 ὡς
888 1393 945 1446 ὲν
977 1391 1056 1463 τῷ
1089 1394 1231 1446 κατὰ
1262 1392 1541 1449 Ματθαίον
1571 1395 1888 1467 Εὑαγγελίῳ
1920 1397 2010 1465 γέ-

412 1494 687 1548 γραπται,
724 1479 818 1533 καὶ⁵
861 1483 919 1534 ὲν
949 1482 1030 1552 τῷ
1067 1483 1209 1536 κατὰ
1234 1483 1480 1554 Μάρκον,
1515 1482 1753 1556 Ἤρξατο
1785 1485 1986 1556 θαμϐεῖ

412 1570 544 1624 σθαι
600 1570 695 1626 καὶ
751 1570 1087 1643 ἀδημονεῖνς
1138 1573 1361 1629 Mrtua.
1421 1575 1547 1629 Ναί.
1628 1578 1776 1645 Ὀρθ.
1854 1579 2009 1651 Ἀδη-

412 1662 573 1732 μονετ
620 1658 677 1713 δὲ
716 1662 812 1715 καὶ
841 1661 1199 1733 ὲκθαμϐεἴται
1240 1664 1431 1736 θεότης
1470 1666 1561 1719 τὸν
1601 1666 1911 1742 θάνατον,ἢ
1944 1671 2007 1724 τὸ

415 1757 625 1827 ἄψυχον
654 1756 847 1829 αῶμας
879 1756 1102 1812 Marses.
1131 1761 1383 1831 Δηλονότι
1416 1763 1449 1833 ὴ
1493 1760 1682 1834 θεότης
1725 1778 2005 1835 σεσαρκω-

416 1848 578 1919 μένη.
622 1848 769 1917 Ὀρθ.
830 1846 1106 1921 ’Λνὸμοιος
1160 1850 1267 1922 ἄρα
1309 1853 1343 1923 ἡ
1405 1852 1500 1905 τοῦ
1535 1852 1667 1906 Υίοῦ
1701 1853 1891 1925 θεότης
1933 1857 2000 1927 τῇ

416 1939 514 1995 τοῦ
562 1938 776 2018 Ila-spec
818 1941 1066 2013 036nm;
1123 1942 1348 2000 Μακεδ.
1401 1942 1495 2017 Μὴ
1538 1945 1782 2013 γένοιτοι
1854 1947 2000 2016 Ὀρθ.

418 2032 483 2086 Εἰ
539 2032 800 2105 ἀδημονεῖ
851 2034 946 2089 καὶ
1002 2034 1358 2107 ἐκθαμϐεἶται
1412 2036 1505 2090 τὸν
1576 2036 1830 2103 θάνατον,
1886 2036 2005 2104 πῶς

415 2123 640 2179 δύναται
690 2126 873 2197 ὅμοιος
927 2122 1064 2181 εἶναι
1116 2130 1210 2183 καὶ
1263 2129 1680 2201 ἀπαράλλακτος
1729 2129 1808 2201 τῷ
1869 2132 2006 2202 μήτε

418 2215 797 2287 ἀδημονοῦντι,
836 2221 974 2291 μήτε
999 2219 1345 2291 λυπουμένῳ,
1371 2222 1509 2293 μήτε
1538 2220 2003 2292 ἑκθαμϐουμένῳς

415 2309 645 2364 Haud.
682 2312 900 2381 Ἐπειδὴ
936 2312 1095 2383 σῶμα
1137 2312 1475 2385 ἀνθρώπινον
1518 2313 1695 2383 lux“,
1730 2312 2007 2384 ἅδημονεϊ.

418 2406 577 2472 Ὃρθ.
644 2402 816 2473 Σῶμα
851 2401 909 2455 δὲ
974 2401 1182 2472 ἄψυχον
1224 2401 1324 2454 οὐκ
1363 2400 1640 2471 ἁδημονεῐ,
1671 2397 1773 2453 οὐκ
1802 2400 2011 2473 ἔκθαμ-

405 2495 606 2559 ϐεἰται,
638 2493 697 2546 οὐ
732 2493 1007 2547 λυπεῖται.
1031 2491 1257 2545 Μακεδ.
1301 2490 1438 2543 Ἀλλ’
1464 2486 1578 2561 εἶχε
1611 2492 1843 2563 θεότητα
1890 2493 2015 2550 ἀντὶ

404 2584 508 2652 τῆς
553 2582 752 2653 ψυχῆς.
822 2581 968 2649 Ὀρθ.
1043 2580 1116 2634 T6
1195 2580 1357 2651 σῶμα
1418 2583 1591 2635 ἐποίει
1638 2582 1738 2653 τὴν
1782 2581 2013 2654 θεότητα

404 2672 829 2744 ἐκθαμϐεῖσθαι,
858 2671 891 2743 ἦ
928 2674 961 2742 ὴ
997 2670 1189 2743 θεότης
1234 2673 1297 2726 τὸ
1327 2674 1523 2743 σῶμα;
1558 2674 1780 2729 Μακεδ.
1808 2674 1906 2727 Διὰ
1949 2672 2012 2727 τὸ

404 2764 571 2835 σῶμα
609 2766 642 2836 ἡ
685 2764 879 2837 θεότης
922 2764 1293 2835 ὲξεθαμϐεἰτο.
1330 2764 1545 2833 Ὀρθόδ.
1589 2766 1867 2821 Ἐθολοῦτο
1917 2762 2010 2820 οὗν

403 2859 439 2928 ἡ
481 2856 674 2928 θεότης
709 2856 813 2911 ὑπὸ
868 2856 1153 2928 σώματος,
1210 2859 1287 2921 ὡς
1329 2858 1393 2911 τὸ
1450 2858 1779 2928 ἡγεμονικὸν
1827 2858 2005 2931 ἡμῶν.

400 2947 628 3003 Μακεδ.
680 2947 773 3018 Μὴ
832 2948 1043 3017 γένοιτο
1097 2948 1307 3001 ενιπεῖνι
1392 2950 1542 3017 Ὀρθ.
1623 2949 1865 3021 Ἀνάγκη
1914 2945 2008 3003 οὗν

398 3042 585 3096 δοῦναι
617 3042 795 3115 ψυχὴν
841 3043 941 3113 τὴν
980 3042 1336 3114 θολουμένην.
1375 3043 1599 3098 Mauri.
1634 3043 1727 3116 Μὴ
1761 3044 2003 3113 γένοιτοι

2116 555 2612 614 ORTHODOXUS.
2650 557 2769 617 Non
2797 559 2960 615 modo
2982 559 3238 631 religiose
3264 562 3553 625 sentimus,
3576 576 3701 616 cum

2113 643 2265 699 Patri
2314 648 2839 703 consubstantialem
2886 663 3008 704 esse
3050 646 3290 705 Filium:
3343 649 3439 705 sed
3482 656 3535 704 et
3578 665 3701 705 cum

2115 750 2242 792 eum
2281 739 2628 794 iucarnalum
2660 740 2899 794 animam
2930 741 3190 797 habuisse
3223 741 3569 797 confitemur.
3596 740 3699 798 Ne-

2115 846 2223 900 que
2271 847 2401 885 vero
2441 833 2621 903 magni
2653 833 2785 903 quid
2834 833 3031 891 feceris
3070 836 3699 891 consubstantialitatem

2116 938 2344 992 negans,
2370 924 2414 978 si
2438 926 2673 978 animam
2705 940 2829 979 eum
2858 925 3057 980 habere
3080 926 3384 996 negaveris.
3415 925 3527 979 Hoc
3554 928 3699 981 enim

2114 1031 2305 1070 eorum
2349 1026 2432 1072 est
2474 1017 2775 1087 proprium,
2825 1017 2917 1087 qui
2964 1018 3288 1075 substantia:
3323 1019 3699 1074 diversitatem

2115 1115 2170 1161 et
2195 1107 2696 1165 dissimilitudinem
2733 1119 3005 1165 asserunt.
3039 1110 3110 1165 Ut
3155 1113 3299 1166 enim
3333 1112 3699 1167 substantiam

2112 1200 2389 1273 Unigeniti
2411 1203 2597 1257 dicant
2620 1219 2743 1258 esse
2767 1204 3068 1272 patibilem,
3091 1203 3445 1257 inanimatam
3472 1220 3593 1259 eam
3617 1204 3701 1258 di-

2114 1301 2266 1359 cunt,
2296 1300 2461 1363 atque
2492 1293 2619 1348 inde
2644 1294 3150 1350 dissimilitudinem
3188 1296 3511 1350 substantiae
3545 1311 3700 1351 com-

2112 1385 2505 1439 miniscuntur.
2532 1384 2741 1440 Haced.
2767 1385 2879 1441 Nos
2899 1402 3029 1442 vero
3049 1386 3552 1444 dissimilitudinem
3575 1390 3700 1445 sub-

2104 1478 2331 1533 stantiae
2344 1493 2452 1533 non
2468 1479 2725 1544 dicimus,
2740 1479 2837 1535 sed
2853 1479 3035 1534 anima
3052 1494 3241 1535 carere
3257 1480 3508 1536 dicimus.
3539 1480 3694 1539 Ortn.

2109 1570 2395 1628 F-ateriSne
2424 1571 2708 1628 Christum
2734 1573 2787 1628 in
2808 1573 3000 1627 mortis
3025 1588 3199 1642 agone
3225 1573 3459 1643 ccepisse
3490 1574 3699 1629 contri-

2096 1665 2244 1721 stari
2353 1673 2409 1718 et
2520 1672 2749 1721 mtastus
2775 1673 2922 1729 esse,
2944 1672 3003 1720 ut
3020 1665 3077 1719 in
3100 1664 3394 1735 Evangelia
3413 1666 3697 1721 Matthaeus

2106 1757 2291 1819 habet,
2327 1755 2508 1827 Cmpit
2542 1757 2857 1813 contristari
2912 1767 2966 1813 et
3034 1769 3267 1813 mmstus
3320 1772 3466 1823 esse,
3519 1766 3575 1813 et
3637 1768 3698 1812 ut

2107 1847 2348 1910 Marcus,
2381 1848 2562 1918 Coepit
2608 1864 2807 1919 pavere
2865 1856 2921 1904 et
2973 1848 3206 1904 undere?
3237 1847 3448 1906 Maced.
3493 1847 3691 1903 Etiam.

2106 1940 2264 1997 Orth.
2300 1939 2495 1995 Utrum
2525 1950 2721 1996 intesta
2742 1948 2827 1997 est
2859 1948 2912 1994 et
2938 1952 3169 1997 mortem
3213 1949 3374 2013 pavet
3402 1940 3689 2002 divinitas.

2109 2049 2181 2088 an
2215 2050 2412 2104 corpus
2441 2032 3003 2090 animatum?Maced.
3024 2034 3296 2090 Divinitas
3325 2043 3473 2089 certe
3502 2034 3688 2087 incarv

2109 2137 2259 2185 nata.
2295 2128 2449 2184 Ortlr.
2480 2127 2603 2182 Filii
2637 2128 2804 2198 igitur
2834 2127 3097 2189 divinitas
3135 2125 3425 2183 dissimilis
3452 2130 3538 2181 est
3569 2124 3687 2179 dei-

2108 2220 2204 2275 tati
2238 2220 2454 2275 Patris?
2495 2218 2701 2273 Maced.
2742 2217 2933 2273 Absit!
2969 2217 3154 2306 ΟνιΙι..
3181 2216 3241 2272 Si
3283 2223 3479 2273 maesta
3515 2221 3601 2270 est
3634 2219 3692 2306 et

2110 2319 2271 2379 pavet
2303 2318 2559 2374 mortem,
2591 2311 2870 2381 quomodo
2897 2310 3096 2367 similis
3127 2305 3225 2381 per
3268 2309 3450 2365 omnia
3483 2306 3591 2363 erit
3636 2305 3689 2360 ei

2084 2390 2177 2459 qui
2220 2401 2324 2443 nec
2356 2388 2605 2458 angitur,
2637 2402 2746 2445 nec
2784 2388 3178 2456 contristatur,
3226 2405 3330 2446 nec
3378 2389 3647 2444 turbatur
3672 2394 3696 2440 ’ξ

2085 2479 2294 2534 Haud.
2322 2479 2539 2548 Corpus
2560 2478 2847 2543 habuit,et
2875 2480 3084 2536 idcirco
3117 2482 3499 2539 contristatur.
3524 2483 3685 2540 Ortlt.

2085 2575 2153 2629 At
2173 2588 2374 2644 corpus
2393 2572 2515 2629 sine
2545 2572 2729 2627 anima
2750 2588 2874 2627 non
2894 2576 3133 2643 angitur,
3150 2589 3260 2629 non
3281 2575 3555 2639 turbatur,
3576 2592 3689 2631 non

2085 2665 2365 2720 tristatur?
2378 2662 2588 2719 Maced.
2617 2663 2724 2720 Sed
2755 2666 2876 2720 loco
2896 2665 3093 2720 animae
3113 2666 3456 2722 divinitatem
3473 2667 3685 2722 habuit.

2086 2754 2240 2812 Orth.
2259 2756 2341 2811 An
2364 2771 2565 2825 corpus
2582 2756 2855 2811 divinitati
2878 2771 3130 2827 pavorem
3154 2759 3408 2822 incussit,
3428 2769 3523 2814 aut
3546 2759 3688 2814 divi—

2085 2849 2229 2905 nitas
2250 2844 2505 2919 corpori?
2537 2847 2747 2903 Μαρια.
2770 2850 2997 2920 Propter
3011 2866 3213 2920 corpus
3236 2852 3498 2909 divinitas
3514 2869 3686 2925 expa-

2085 2942 2358 2997 vesccbat.
2378 2940 2534 2997 Orth.
2567 2940 2838 2997 Nimirum
2853 2953 2913 2997 ut
2941 2945 3281 3014 principatus
3300 2947 3465 3000 animi
3486 2948 3683 3009 nostri,

2085 3033 2159 3087 ita
2182 3038 2239 3087 et
2263 3032 2527 3089 divinitas
2551 3049 2581 3088 a
2614 3050 2846 3104 corpore
2880 3036 3232 3090 turbabatur.
3272 3034 3489 3091 Maced.
3525 3032 3686 3092 Absit

418 3135 566 3203 Ὀρθ.
636 3134 763 3199 Πῶς
835 3128 930 3191 οῦν
976 3134 1185 3207 ἀκούσῃ
1220 3134 1315 3189 τοῦ
1366 3136 1601 3206 ἀγγέλου
1648 3136 1897 3205 λέγοντος
1927 3135 2002 3209 τῷ

2096 3133 2144 3181 ut
2176 3126 2504 3183 bocdicaml
2536 3126 2993 3183 0rtk.Concedas
3020 3130 3187 3195 igitur
3204 3137 3419 3198 oportet
3441 3130 3683 3183 animam

411 3222 645 3297 Ἰωσήφ·
697 3244 716 3276 ι
746 3226 1041 3297 Παράλαπϐε
1094 3227 1195 3299 τὴν
1254 3228 1467 3299 μητέρα
1518 3226 1613 3282 καὶ
1661 3227 1723 3281 τὸ
1770 3228 2002 3294 παιδίον,

396 3318 498 3370 καὶ
550 3316 720 3387 φεῦγε
777 3320 859 3383 εις
918 3317 1232 3388 Αἴγυπτονο
1288 3319 1472 3392 μέλλει
1541 3319 1650 3390 γὰρ
1692 3320 1722 3373 6
1760 3318 2005 3392 Ἡρώδης

395 3408 585 3480 ζητεῖν
614 3408 712 3480 τὴν
733 3408 913 3480 ψυχὴν
940 3409 1037 3462 τοῦ
1071 3411 1282 3465 παιδίου
1304 3428 1316 3441 ·
1340 3430 1360 3463 ι
1393 3407 1491 3465 καὶ
1525 3410 1717 3465 ’πάλιν⁸
1758 3429 1778 3462 ι
1822 3411 2006 3483 Ἐγερ-

396 3497 512 3562 θεὶς
558 3497 846 3569 παράλαϐε
877 3498 1114 3571 Μαριὰμ
1148 3499 1246 3570 τὴν
1279 3500 1517 3569 γυναῖκά
1557 3516 1675 3563 σου,
1707 3500 1802 3553 καὶ
1843 3499 2004 3571 δεῦρο

401 3589 479 3652 εἰς
526 3588 634 3659 γῆν
678 3589 926 3661 Ἰσραήλ·
962 3590 1261 3662 τεθνήκασι
1311 3591 1423 3662 γὰρ
1471 3591 1521 3643 ot
1569 3590 1860 3661 ζητοῦντες
1904 3591 2005 3662 τὴν

401 3679 575 3751 ψυχὴν
621 3680 717 3734 τοῦ
763 3681 979 3735 παιδίου
1002 3696 1016 3710 °
1046 3701 1065 3733 ι
1120 3683 1216 3735 καὶ
1274 3682 1441 3746 αὐτὸς
1486 3683 1517 3736 6
1562 3682 1769 3753 Κύριος
1813 3683 1999 3750 λέγει⁸

402 3790 423 3825 ι
461 3772 605 3842 Ἐγώ
643 3774 759 3843 εἰμι
792 3774 822 3825 ὁ
869 3774 1075 3845 ποιμὴν
1126 3775 1154 3827 6
1204 3773 1404 3837 καλός·
1457 3776 1486 3828 6
1524 3775 1731 3846 ποιμὴν
1766 3777 1796 3828 6
1838 3773 2003 3838 καλὸς

392 3866 492 3935 τὴν
530 3864 708 3936 ψυχὴν
732 3864 897 3919 αὑτοῦ
937 3864 1152 3935 τίθησιν
1196 3866 1339 3937 ὑπὲρ
1371 3864 1483 3921 τῶν
1510 3865 1865 3937 προϐάτωνί
1906 3867 2001 3921 καὶ

392 3956 589 4010 πάλιν·
634 3975 652 4008 ι
688 3957 818 4010 Ὅτε
872 3956 1032 4019 θέλω,
1081 3956 1272 4027 1ιῖίθημι
1323 3956 1514 4028 αὐτὴν,
1553 3958 1649 4011 καὶ
1690 3958 1778 4010 ὅτε
1827 3957 1991 4023 θέλω,

392 4050 658 4121 λαμϐάνω
687 4050 897 4121 αὐτήν;
924 4067 940 4100 ι
976 4046 1201 4103 Μακεδ.
1241 4048 1458 4118 Ἐπειδὴ
1486 4048 1582 4101 καὶ
1613 4049 1642 4101 ὁ
1676 4049 1866 4118 Πατὴρ
1912 4048 2000 4102 λέ-

392 4152 515 4210 γει’,
549 4160 568 4191 ι
598 4139 710 4203 Τὰς
736 4139 1032 4212 νεομηνίας
1089 4138 1247 4210 ὑμῶν
1272 4139 1365 4193 καὶ
1391 4139 1459 4191 τὰ
1498 4138 1751 4193 Σάϐϐατα
1783 4141 1934 4209 μισεῖ
1959 4141 1994 4209 ἡ

390 4232 541 4304 ψυχή
580 4218 707 4304 μου,
737 4251 756 4284 ι
803 4227 914 4303 ἄρα
954 4231 1044 4288 διὰ
1085 4231 1245 4285 τοῦτο
1280 4232 1376 4285 καὶ
1415 4231 1508 4286 τὸν
1557 4232 1780 4300 Πατέρα
1817 4232 1998 4304 ψυχὴν

389 4324 539 4394 ἔχειν
584 4324 848 4396 λέξομενς
886 4324 1037 4393 Ὀρθ.
1086 4323 1313 4396 Πρῶτον
1380 4320 1410 4376 6
1470 4324 1797 4394 παρήγαγες
1831 4324 1997 4395 ῥητὸν

388 4414 493 4466 οὐκ
520 4411 771 4484 ἐνόησας.
802 4413 879 4467 Οὐ
910 4413 1022 4484 γὰρ
1077 4411 1225 4483 ἔχεις
1259 4412 1466 4476 δεῖξαι,
1504 4412 1586 4465 ὅτι
1622 4414 1816 4483 Πατήρ
1844 4413 1996 4467 ἐστιν

2085 3218 2258 3275 fuisse
2270 3235 2392 3290 quae
2407 3220 2626 3273 turbata
2642 3226 2748 3275 est.
2766 3217 2985 3273 Maced.
3004 3220 3162 3276 Absit
3184 3221 3196 3273 l
3218 3219 3373 3275 Orth.
3392 3219 3683 3286 Quomodo

2083 3327 2217 3381 ergo
2261 3312 2516 3381 angelum
2563 3311 2758 3367 audies
2799 3309 3043 3381 Josepho
3081 3310 3355 3368 dicentem
3381 3332 3394 3365 :
3425 3331 3444 3363 ι
3479 3312 3685 3384 Accipe

2085 3418 2316 3474 puerum
2341 3414 2397 3459 et
2421 3411 2651 3458 tuatrem
2686 3403 2831 3471 ejus,
2867 3412 2923 3458 et
2954 3404 3080 3475 fuge
3119 3405 3174 3458 in
3222 3403 3554 3476 Egyptum:
3593 3404 3683 3460 fu-

2084 3505 2268 3551 turum
2286 3505 2371 3552 est
2391 3498 2537 3551 enim
2556 3503 2614 3548 ut
2632 3494 2877 3551 Herodes
2894 3508 3104 3565 quaerat
3123 3498 3361 3551 animam
3397 3497 3578 3568 pueri‘
3626 3515 3676 3563 ς»

2092 3600 2150 3644 et
2204 3590 2404 3644 iterum
2441 3607 2500 3642 τι
2550 3588 2728 3658 Surge
2764 3597 2818 3643 et
2861 3589 3052 3658 accipe
3102 3588 3328 3643 Mariam
3387 3589 3682 3659 conjugem

2084 3687 2258 3743 tuam,
2284 3689 2339 3736 et
2365 3679 2502 3757 vade
2533 3681 2589 3734 in
2614 3690 2818 3735 terram
2840 3680 3009 3735 Israel
3041 3697 3055 3733 :
3086 3679 3336 3735 defuncti
3360 3689 3487 3736 sunt
3509 3681 3679 3744 enim,

2084 3774 2177 3844 qui
2206 3774 2528 3843 quaerebant
2555 3774 2794 3827 animam
2831 3775 2983 3843 pueri
3012 3775 3032 3805 ¹
3063 3790 3077 3840 ;
3110 3791 3128 3824 ι
3167 3780 3221 3827 et
3253 3771 3520 3829 Dominus
3560 3773 3681 3843 ipso

2084 3861 2202 3917 ait:
2241 3880 2260 3913 ι
2293 3859 2407 3932 Ego
2450 3876 2572 3916 sum
2623 3867 2815 3931 pastor
2855 3862 3033 3917 bonus
3070 3880 3084 3915 :
3120 3861 3298 3916 bonus
3333 3868 3523 3931 pastor
3558 3861 3680 3915 ani-

2085 3969 2229 4008 mam
2263 3969 2419 4009 suam
2448 3954 2603 4024 ponit
2633 3970 2734 4025 pro
2756 3955 2953 4009 ovibus
2984 3968 3041 4021 8;
3069 3974 3086 4006 ι
3129 3955 3412 4021 et_iterum
3440 3975 3455 4009 :
3493 3973 3510 4004 ι
3537 3955 3677 4008 Cum

2085 4048 2229 4110 volo,
2257 4054 2625 4111 ponoeam,et
2648 4058 2774 4101 cum
2791 4047 2937 4110 volo,
2958 4062 3178 4101 resumo
3196 4060 3316 4101 eam
3359 4047 3396 4100 ⁸.
3424 4064 3441 4097 ι
3467 4044 3676 4102 Maced.

2085 4137 2316 4204 Quando
2345 4152 2477 4193 vero
2498 4148 2552 4192 et
2568 4137 2785 4193 Patrem
2812 4137 3067 4193 audimus
3095 4139 3431 4207 loquentem,
3499 4155 3516 4188 ι
3542 4135 3681 4191 Sab-

2086 4226 2211 4281 bata
2224 4235 2280 4282 et
2304 4229 2625 4284 neomenias
2644 4237 2859 4285 vestras
2876 4228 2992 4283 odit
3009 4230 3192 4282 anima
3211 4242 3333 4283 mea
3366 4239 3408 4296 ε,
3442 4247 3459 4279 i
3485 4228 3680 4285 idenne

2084 4324 2141 4374 et
2181 4319 2363 4389 ipsum
2393 4318 2612 4376 Patrem
2657 4322 2897 4375 animam
2944 4320 3145 4377 habere
3187 4321 3483 4377 dicemus?
3516 4320 3678 4377 Orth.

2085 4408 2206 4466 Non
2220 4411 2583 4467 considerasti
2608 4426 2757 4475 eum,
2774 4429 2937 4482 quem
2962 4411 3244 4467 adduxisti
3275 4413 3474 4467 locum.
3491 4411 3683 4482 Neque

387 4506 420 4556 ὁ
450 4505 645 4573 λέγων.
678 4504 904 4559 Μακεό.
946 4504 1110 4557 Ἀλλὰ
1154 4504 1298 4569 τίνος
1351 4505 1503 4557 ἐστὶν
1535 4504 1570 4573 ὴ
1616 4505 1805 4574 φωνής
1843 4506 1988 4572 ἀρθ.

2096 4504 2233 4559 enim
2272 4503 2662 4560 demonstrare
2698 4505 2905 4573 poteris
2934 4503 3150 4559 Patrem
3184 4518 3331 4569 esse,
3363 4503 3456 4573 qui
3493 4504 3682 4559 istbzuc

387 4597 500 4651 Τοῦ
526 4597 654 4651 Υἱοῦ
686 4595 783 4650 τοῦ
813 4595 948 4650 Θεοῦ
989 4596 1084 4649 τοῦ
1116 4595 1439 4668 εἰρηκότοςν
1475 4614 1493 4647 ι
1527 4596 1712 4664 Ἔγνω
1743 4593 1872 4664 βοῦς
1898 4596 1993 4652 τὸν

2096 4595 2366 4664 loquatur.
2401 4591 2613 4647 Maced.
2661 4592 2833 4662 Cujus
2882 4608 3015 4663 ergo
3051 4600 3139 4650 est
3180 4608 3289 4648 vox
3333 4593 3478 4651 ista?
3516 4593 3676 4649 Orth.

388 4690 737 4759 κτησάμενον
767 4689 953 4754 αὐτὸν,
989 4688 1085 4741 καὶ
1113 4688 1233 4752 ὄνος
1274 4687 1375 4760 τὴν
1415 4688 1625 4761 φάτνην
1658 4687 1750 4742 τοῦ
1797 4687 1991 4763 κυρίου

2096 4685 2214 4741 Filii
2266 4685 2395 4749 Dei,
2434 4685 2529 4755 qui
2567 4684 2750 4739 dixit:
2781 4684 3094 4755 «Cognovit
3148 4685 3249 4740 bos
3298 4700 3677 4755 possessorem

386 4780 583 4835 αὐτοῦ’
625 4780 841 4853 Ἰσραὴλ
875 4780 934 4833 δέ
970 4797 1038 4850 με
1075 4780 1177 4833 οὐκ
1209 4779 1375 4849 ἔγνω,
1421 4780 1518 4834 καὶ
1548 4783 1578 4834 ὁ
1607 4780 1734 4844 λαός
1780 4797 1884 4850 μου
1925 4782 1988 4837 οὗ

2096 4793 2275 4842 suum,
2305 4785 2361 4834 et
2395 4778 2595 4834 asinus
2613 4790 2859 4847 praesepe
2892 4777 3099 4832 domini
3135 4776 3221 4832 sui
3253 4795 3268 4832 :
3294 4776 3464 4833 Israel
3496 4789 3678 4833 autem

387 4872 614 4943 συνῆκε.
638 4890 661 4924 ι
692 4870 919 4927 Marcet}.
966 4864 1138 4936 Οὗτος
1183 4865 1277 4924 οὖν
1329 4874 1477 4925 ἐστιν
1507 4872 1537 4925 6
1573 4871 1781 4941 λέγων·
1827 4889 1849 4924 ι
1877 4871 1990 4937 Τὰς

2096 4886 2178 4926 me
2201 4885 2312 4925 non
2343 4869 2700 4940 eognovit,et
2725 4869 2961 4939 populus
2981 4884 3136 4924 meus
3149 4885 3259 4924 non
3281 4869 3552 4925 intellexit
3584 4876 3621 4927 ⁸.
3656 4892 3675 4923 ι

386 4960 680 5035 νεομηνίας
758 4962 914 5034 ὑμῶν
972 4963 1068 5017 καὶ
1116 4963 1189 5017 τὰ
1236 4959 1489 5018 Σάϐϐατα
1558 4966 1706 5035 μισεῖ
1752 4966 1785 5035 ἡ
1841 4964 1986 5038 ψυχή

2096 4960 2303 5017 Haud.
2341 4959 2569 5016 Hiccine
2598 4967 2684 5015 est
2715 4961 2807 5031 qui
2838 4961 2973 5016 dicit
3000 4981 3013 5016 :
3052 4979 3070 5013 ι
3093 4960 3426 5018 Neomenias
3462 4972 3681 5021 vestras

391 5073 531 5126 μου;
561 5075 582 5108 ι
623 5056 778 5124 Ὀρθ.
838 5056 953 5109 Καὶ
1010 5057 1171 5110 πάνυ.
1221 5056 1354 5109 Τότε
1385 5056 1493 5127 γὰρ
1533 5056 1674 5110 αὐτὰ
1703 5056 1985 5128 ἐμίσησεν,

2096 5061 2145 5109 et
2173 5051 2415 5108 Sabbata
2454 5053 2570 5107 odit
2600 5052 2783 5106 anima
2823 5054 2978 5109 mea?
3002 5074 3020 5107 ι
3046 5052 3201 5110 Orth.
3242 5053 3388 5111 Sane
3433 5056 3678 5126 quidem.

389 5149 481 5201 ὅτε
512 5147 922 5219 ὲνηνθριίνπησε,
954 5149 1047 5202 καὶ
1074 5149 1175 5219 τὴν
1210 5148 1419 5219 Καινὴν
1446 5149 1723 5220 Διαθήκην
1759 5148 1983 5204 διέθετο.

2096 5142 2232 5198 Tum
2267 5142 2414 5198 enim
2447 5143 2564 5197 odit
2593 5158 2680 5205 ea,
2721 5145 2944 5213 quando
2974 5144 3299 5204 incarnatus
3346 5155 3452 5211 est,
3486 5156 3541 5202 et
3582 5148 3686 5203 fce-

390 5239 617 5294 Μακεδ.
654 5240 764 5292 Καὶ
780 5235 893 5309 εἶχε
916 5239 1116 5310 ψυχὴν,
1144 5242 1232 5293 ὅτε
1267 5240 1424 5311 ὤφθη
1444 5240 1521 5307 τῷ
1557 5242 1790 5311 Ἡσαΐας
1832 5242 1984 5311 Ὀρθ.

390 5332 603 5402 ’Ὥσπερ
636 5331 738 5384 οὐκ
771 5329 886 5402 εἶχε
921 5334 1112 5402 χεῖρας
1142 5332 1237 5385 καὶ
1263 5333 1433 5394 πόδας
1467 5334 1833 5401 σωματικοὺς,
1860 5331 1986 5385 οὔτε

390 5424 499 5494 μὴν
532 5425 724 5495 ἱμάτια
770 5425 1060 5495 σωματικὰ
1101 5425 1210 5497 πρὸ
1241 5424 1351 5495 τῆς
1380 5424 1864 5496 ινανθρωπήσεως,
1896 5425 1984 5477 ὅτε

387 5515 577 5582 ἔλεγεν
598 5555 612 5579 ,
650 5534 669 5567 ι
702 5515 943 5585 Ὠρυξαν
989 5515 1181 5589 χεῖρας
1229 5534 1335 5586 μου
1385 5515 1479 5568 καὶ
1526 5516 1692 5578 πόδας
1730 5532 1854 5583 μου,
1891 5516 1985 5568 καὶ

386 5609 486 5661 ἰπὶ
530 5608 623 5663 τὸν
661 5608 956 5679 ἱματισμόν
996 5625 1101 5676 μου
1148 5608 1340 5661 ἔϐαλον
1372 5608 1629 5678 κλήρους,
1659 5627 1677 5659 ι
1734 5606 1870 5660 ἀλλὰ
1914 5606 1984 5661 τὰ

2093 5235 2199 5290 dus
2230 5250 2434 5289 novum
2474 5236 2731 5291 instituit.
2767 5234 2972 5292 Maced.
3012 5237 3175 5309 Atqui
3197 5242 3437 5294 animam
3468 5241 3681 5304 habuit,

2091 5341 2216 5381 cum
2248 5326 2403 5382 Isaia:
2430 5328 2582 5383 visus
2604 5328 2725 5383 est?
2750 5328 2907 5385 Orth.
2935 5330 3409 5397 Quemadmodum
3432 5347 3534 5385 nec
3564 5346 3683 5386 ma-

2090 5435 2217 5483 nus,
2248 5434 2349 5476 nec
2381 5420 2547 5492 pedes
2575 5434 2894 5491 corporeos,
2932 5439 3107 5494 neque
3146 5423 3319 5478 etiam:
3354 5423 3679 5493 vestimenta

2089 5524 2357 5581 cerporea
2388 5513 2597 5579 habuit,
2618 5524 2746 5568 ante
2771 5515 3223 5578 incarnationem,
3254 5512 3478 5583 quando
3499 5513 3668 5573 dixit.

2097 5622 2114 5653 ι
2146 5600 2429 5658 Foderunt
2452 5620 2649 5661 manus
2681 5620 2831 5659 meas
2862 5614 2918 5659 et
2948 5604 3116 5676 pedes
3161 5618 3316 5660 meos
3350 5621 3365 5659 :
3411 5610 3467 5659 et
3511 5617 3677 5674 super

491 5802 507 5832 ¹
538 5802 729 5858 Matth.
764 5819 823 5868 ιι,
858 5802 946 5858 15.
1020 5804 1042 5836 ³
1070 5802 1207 5861 ibid.
1241 5804 1332 5861 20.
1403 5805 1423 5837 ³
1461 5804 1617 5863 Joan.
1650 5822 1703 5873 ιι,
1748 5806 1828 5861 Η.
1908 5804 1927 5837 ⁵
1966 5807 2002 5863 il

2096 5851 2101 5865 .
2137 5812 2221 5866 ts.
2294 5810 2314 5841 ι
2346 5808 2445 5866 tta.
2480 5827 2518 5879 I,
2556 5810 2637 5867 ιδ.
2714 5810 2733 5842 ο
2762 5809 2894 5864 ibid.
2931 5809 2982 5864 δ.
