4082 6378
3548 267 3667 332 880

390 279 500 342 879
1636 279 2025 342 EUTHYMII
2064 278 2424 340 ZlGABENI

384 437 592 484 vestem
618 412 794 483 mcum
823 426 1093 482 miserunt
1127 425 1363 482 sortetn'
1395 467 1409 488 ,
1437 446 1453 477 ι
1496 427 1589 480 sed
1629 443 1752 494 quae
1794 428 1976 479 futura

2081 439 2340 508 μέλλοντα
2370 431 2617 502 γίνεσθαι
2649 429 2836 499 ἔλεγεν
2856 445 2870 461 ⁸
2908 427 3050 482 οὕτω
3083 425 3178 480 καὶ
3207 422 3337 495 περὶ
3378 421 3557 494 ψυχῆς
3584 419 3671 474 λὲ-

383 526 543 572 eraut
570 518 944 587 pronuntiavit
980 535 994 572 :
1032 518 1112 571 sic
1158 516 1301 570 etde
1343 518 1523 570 anima
1551 519 1782 585 loquens
1801 517 1970 572 dixit:

2076 502 2188 599 γῶν
2230 525 2384 582 εἴπεο
2421 545 2441 580 ‹
2473 527 2702 596 Μισεϊή
2752 524 2898 596 ψυχή
2953 539 3077 594 μου.
3109 541 3129 574 ρ
3182 518 3407 574 Μακεδ.
3458 519 3672 588 Δῶμεν,
3744 502 3760 529 ⁸

391 628 409 660 ι
431 608 558 665 Odit
578 611 758 663 anima
779 625 917 663 mea.
951 629 968 660 ι
997 608 1205 664 Maced.
1242 607 1324 663 Sit
1358 625 1491 664 sane
1523 609 1642 664 Filii
1673 626 1775 665 vox
1811 610 1927 665 hazc
1955 629 1971 666 :

2077 622 2223 692 ὁτιή
2275 620 2426 692 φωνὴ
2474 618 2569 672 τοῦ
2622 615 2752 670 lto?)
2805 619 2953 668 ἐστι⁹
3009 613 3084 684 μὴ
3148 612 3244 666 καὶ⁵
3305 611 3394 664 ὅτε
3449 609 3670 677 ἔλεγεν,

387 701 636 770 nunquid
669 711 721 754 et
759 712 869 754 tum
918 700 1087 756 Filius
1121 703 1386 771 loquitur,
1423 717 1546 754 cum
1578 702 1712 754 dicit
1747 721 1759 756 :
1801 701 1975 757 (Et-ce

2083 732 2102 765 ι
2143 713 2273 765 Ἰδοὺ
2304 714 2333 764 6
2369 713 2510 776 Παῖς
2560 728 2662 782 μου
2703 711 2731 763 6
2773 705 3056 777 ἀγαπητός
3093 721 3232 774 μου,
3281 705 3360 768 εἰς
3406 702 3466 755 ὃν
3512 702 3674 772 ηὐδό-

387 807 523 862 puer
571 809 724 846 mens
777 793 1032 858 dilectus,
1072 795 1123 847 in
1186 809 1344 863 quem
1405 795 1740 863 complacuit
1790 797 1975 848 anima

387 899 530 940 mea.
568 898 764 952 ponant
794 881 1058 951 Spiritum
1089 899 1268 938 meum
1307 899 1472 952 super
1505 885 1655 936 ettm’
1698 883 1720 933 ?
1751 903 1769 936 ι
1815 881 1972 937 Ortlt.

386 975 601 1030 Patrem
628 977 740 1038 hic,
768 991 874 1028 non
910 975 1130 1038 Filium,
1169 979 1317 1046 loqui
1360 978 1415 1030 in
1449 976 1706 1030 confesso
1737 984 1822 1030 est
1854 995 1866 1029 :
1894 985 1972 1029 at-

385 1078 568 1124 tamen
603 1084 712 1123 non
753 1069 911 1138 quod.
939 1071 1175 1124 animam
1229 1071 1426 1125 habeat
1464 1072 1546 1125 sic
1589 1070 1833 1138 loquitur
1871 1068 1974 1121 Pa-

385 1166 492 1222 ter,
525 1159 619 1214 sed
661 1159 934 1227 cujusque
976 1160 1152 1213 sant-ti
1200 1160 1461 1220 animam,
1518 1173 1675 1212 suam
1733 1159 1973 1211 animam

386 1251 544 1304 dicit.
578 1250 929 1319 Qutccunque
981 1252 1148 1320 igitur
1185 1252 1366 1304 anima
1416 1251 1521 1306 sibi
1573 1251 1974 1319 complacuerit

388 1341 443 1394 in
470 1339 627 1403 Filio,
679 1341 805 1404 ista,
853 1342 1051 1410 inquit,
1100 1351 1181 1396 cst
1225 1342 1408 1395 anima
1458 1357 1599 1395 mea.
1648 1340 1863 1395 Etenim
1916 1347 1977 1393 ut

388 1433 553 1486 homo
581 1432 788 1511 justus,
827 1432 919 1486 Dei
958 1433 1121 1486 homo
1165 1433 1408 1487 dicitur:
1467 1433 1540 1486 ita
1579 1433 1761 1486 anima
1800 1433 1973 1502 justa,

391 1523 484 1578 Dei
520 1525 701 1578 anima
749 1532 1100 1592 nuncupatur
1146 1533 1201 1579 et
1245 1533 1350 1578 est.
1394 1523 1604 1579 Maced.
1638 1523 1781 1590 Quid
1814 1525 1980 1595 igitur

387 1625 474 1673 est
498 1618 943 1687 bencplacitum?
968 1617 1120 1672 Ortlt.
1156 1617 1394 1673 Verbum
1442 1618 1786 1688 complacuit,
1847 1632 1977 1688 pro-

391 1711 554 1779 pheta
638 1710 809 1766 lsaias
855 1711 1252 1782 interpretatur
1303 1713 1552 1778 suscepit,
1593 1711 1684 1766 ubi
1739 1711 1970 1766 scribit:

394 1819 415 1852 ι
444 1800 614 1855 Jacob
645 1816 837 1857 servus
880 1819 1057 1865 incus,
1105 1802 1404 1872 suscipiam
1448 1818 1573 1856 eum
1611 1820 1625 1856 :
1656 1802 1826 1857 Israel
1858 1803 1972 1856 ele-

2077 807 2310 876 κησενὴ
2352 805 2497 876 ψυχή
2544 820 2673 874 μου·
2713 801 2867 873 θήσω
2901 799 2966 852 τὸ
3018 796 3246 867 Πνεῧμά
3301 813 3402 864 μου
3444 794 3529 846 ἐπ’
3577 794 3675 848 αὑ·

2075 897 2230 956 τὸν,»
2275 897 2307 948 6
2356 895 2484 958 Υἱός
2536 895 2682 946 ἐστιν
2727 895 2754 946 6
2787 892 2992 960 λέγων;
3057 889 3215 956 Ὀρθ.
3281 886 3394 939 Οὐκ
3437 883 3587 937 ἐστιν
3643 886 3673 938 ὁ

2078 987 2206 1049 Υἱὸς
2235 988 2264 1039 6
2299 986 2495 1054 λέγων,
2521 985 2634 1038 ἁλλ’
2661 981 3111 1055 ὁμολογουμένως
3139 982 3168 1034 6
3197 979 3410 1049 Πατήρ.
3449 978 3525 1030 Οὐ
3563 977 3674 1048 μὴν

2077 1080 2154 1142 ὡς
2196 1079 2360 1141 αὐτὸς
2405 1077 2583 1148 ψυχὴν
2627 1076 2766 1147 ἔχων
2817 1074 2993 1128 ταῦτα
3043 1071 3222 1127 λαλεῖ’
3305 1070 3443 1125 ἀλλὰ
3491 1071 3674 1123 πᾶσαν

2081 1170 2256 1242 ψυχὴν
2305 1169 2488 1238 ἁγίαν,
2517 1167 2711 1223 ἑαυτοῦ
2766 1167 2944 1238 ψυχὴν
2997 1165 3165 1232 λέγει.
3199 1164 3356 1225 "Hm;
3393 1158 3487 1216 οὖν
3523 1161 3671 1232 ψυχὴ

2081 1264 2160 1325 εἰς
2209 1262 2301 1315 τὸν
2330 1261 2459 1314 Υἱὸν
2513 1260 2803 1330 ηὑδὸκησε,
2851 1259 2990 1329 αὕτη
3044 1274 3166 1328 μου,
3217 1255 3402 1324 φησὶν,
3455 1254 3600 1306 ἔστιν
3635 1256 3670 1323 ή

2081 1351 2246 1423 ψυχή.
2285 1353 2372 1414 Ὠς
2404 1351 2512 1422 γὰρ
2539 1353 2567 1404 6
2597 1350 2804 1412 δίκαιος
2819 1349 3122 1420 ἄνθρωπος,
3157 1344 3248 1398 τοῦ
3283 1343 3418 1396 θεοῦ
3453 1343 3671 1411 λέγεται

2084 1443 2386 1513 ἄνθρωπος·
2415 1442 2558 1495 οὕτω
2587 1442 2680 1495 καὶ
2713 1443 2746 1512 ἡ
2776 1440 2960 1494 δικαία
2989 1438 3135 1509 ψυχὴ
3159 1435 3251 1490 τοῦ
3280 1434 3415 1490 Θεοῦ
3449 1434 3668 1502 λέγεται

2085 1535 2180 1587 καὶ
2205 1533 2321 1586 ἔστι
2359 1533 2529 1604 ψυχή.
2566 1532 2787 1588 Μακεδ.
2819 1532 2882 1585 Τί
2923 1526 3014 1585 οὖν
3047 1531 3195 1584 ἐστιν
3237 1527 3480 1592 εὐδοκία;
3517 1526 3661 1594 Ὀρΰ.

2091 1624 2154 1675 '0
2179 1625 2464 1695 προφήτης
2500 1625 2726 1686 Ἡσαΐας
2755 1624 2815 1676 τὸ
2848 1623 3180 1691 ηὑδόκησε,
3227 1617 3658 1688 προσεδέξατο,

2087 1709 2233 1780 εἷπε,
2274 1716 2474 1785 λέγων’
2521 1735 2540 1768 t
2583 1714 2777 1769 Ἰακὼὸ
2809 1718 2837 1769 6
2863 1717 2990 1779 παῖς
3015 1733 3140 1786 μου,
3163 1715 3256 1768 ἀντ
3269 1714 3527 1784 ιλήψομαι
3565 1714 3666 1766 αὑ-

2080 1809 2207 1862 τοῦο
2249 1809 2463 1881 Ἰσραὴλ
2492 1811 2520 1862 6
2566 1808 2820 1871 ἐκλεκτός
2873 1825 2996 1879 μου,
3045 1807 3409 1880 προσεδέξατο
3437 1805 3598 1859 αὑτὸν
3629 1805 3666 1876 ἡ

388 1903 511 1947 ctus
534 1909 710 1957 meus,
742 1909 905 1964 quem
936 1895 1172 1964 benigne
1199 1894 1444 1964 suscepit
1474 1895 1658 1948 anima
1688 1909 1832 1949 mea.
1871 1893 1974 1950 Po—

2080 1899 2226 1971 ψυχή
2260 1900 2587 1971 μουσέδωκα
2620 1901 2678 1954 eo
2715 1899 2942 1970 Πνεῦμιά
2985 1917 3086 1968 μου
3119 1898 3461 1952 ὲπάὑτόνΑ
3504 1897 3665 1960 Ἤτις

387 1985 471 2039 sui
507 1983 774 2054 Spiritum
809 2002 988 2041 meum
1016 2002 1182 2057 super
1207 2003 1356 2041 eum.
1390 2006 1408 2039 ›
1430 1985 1782 2057 Quaecunque
1806 1988 1974 2058 igitur

2073 1989 2174 2046 οὖν
2201 1993 2346 2066 ψυχὴ
2377 1995 2583 2060 τοῦτον,
2607 1996 2665 2049 ὃν
2692 1996 2939 2066 δείκνυμι
2969 1995 3095 2064 ὑμῖν
3139 1994 3304 2049 παῖδά
3330 2011 3455 2064 μου,
3477 2008 3666 2064 ’προσ-

388 2073 572 2128 anitna
605 2075 773 2138 hunc,
802 2091 964 2146 quem
1007 2077 1260 2140 ostendo,
1298 2092 1520 2132 servum
1561 2092 1742 2132 meum
1780 2094 1975 2135 susce-

2075 2085 2316 2150 εδέξατο,
2354 2087 2490 2158 αὕτη
2525 2106 2624 2159 μου
2663 2089 2782 2142 ἐστὶ
2815 2088 2982 2158 ψυχή.
3010 2084 3234 2140 Μακεδ.
3267 2086 3456 2156 Ἡμεῖς
3497 2099 3666 2138 κατα·-

385 2164 490 2232 pit,
514 2179 578 2219 ea
611 2174 698 2220 est
727 2181 846 2221 mea
876 2167 1076 2222 anima.
1123 2167 1329 2222 Maced.
1367 2166 1476 2222 Nos
1525 2167 1824 2241 improprie
1870 2169 1974 2226 Pa-

395 2262 667 2316 tremista
705 2261 946 2314 locutum
985 2260 1156 2314 fuisse
1175 2261 1428 2314 dicimus.
1461 2257 1646 2327 Neque
1664 2257 1810 2310 enim
1835 2255 1982 2325 quod

392 2351 631 2404 animam
696 2349 915 2414 habeat,
965 2349 1136 2404 dicit:
1179 2369 1196 2400 ι
1226 2347 1284 2403 1η
1329 2362 1438 2418 quo
1485 2348 1591 2402 sibi
1651 2343 1981 2416 complacuit

391 2442 572 2496 anima
603 2457 723 2496 mea
748 2459 780 2497 :-
802 2459 820 2493 ι
848 2457 1024 2512 neque
1059 2433 1146 2496 dc’
1171 2442 1351 2494 anima
1396 2441 1678 2495 hominum
1715 2438 1979 2506 loquitur,

389 2544 529 2591 uttu
584 2537 802 2605 quidem
851 2536 1156 2589 existimas.
1199 2532 1352 2589 Ortlt.
1397 2532 1696 2604 lmproprie
1739 2531 1981 2587 animam

386 2626 538 2682 Patri
575 2627 742 2681 tribui
787 2627 1183 2684 concedamus,
1219 2625 1466 2694 nunquid
1498 2625 1648 2678 etde
1687 2621 1828 2677 Filio
1874 2622 1980 2675 im-

390 2718 652 2789 proprie?
683 2717 892 2770 Maced.
920 2716 1119 2769 Etiam.
1155 2714 1309 2770 Orth.
1343 2713 1484 2779 Qttid
1509 2715 1552 2768 si
1591 2721 1774 2768 autem
1817 2711 1980 2768 Pater

393 2815 555 2864 homo
578 2811 816 2874 dicatur,
852 2816 907 2862 et
931 2809 974 2862 si
1008 2808 1304 2878 improprie
1322 2807 1490 2861 Pater
1518 2807 1744 2869 dicitur,
1764 2801 1893 2859 n‘um
1925 2813 1981 2859 et

389 2897 886 2968 Filiusimpropric
931 2898 1096 2950 homo
1144 2897 1402 2950 dicetur?
1429 2894 1638 2962 Macati.
1679 2895 1788 2950 Ubi
1839 2895 1978 2950 scri-

392 3004 540 3059 ptum
567 2999 652 3044 est
686 2987 906 3042 Patrem
953 2979 1254 3057 impmprie
1293 3003 1419 3042 esse
1465 2986 1776 3041 hominem?
1818 2985 1977 3043 Orth.

386 3081 553 3135 Filius

2082 2175 2398 2243 χρηστικῶς
2441 2176 2532 2229 τὸν
2568 2179 2789 2249 Πατέρα
2831 2179 3060 2248 λέγομεν
3092 2175 3371 2247 εἰρηκέναι
3401 2174 3502 2245 τὴν
3548 2186 3664 2240 φω-

2059 2265 2178 2335 νην.
2227 2261 2364 2316 Οὔτε
2411 2262 2519 2334 γὰρ
2567 2262 2743 2332 ψυχὴν
2790 2261 2929 2332 ἔχων
2975 2262 3003 2313 ὁ
3046 2262 3239 2333 Πατὴρ
3290 2261 3470 2330 λέγει·
3514 2275 3535 2311 t
3565 2259 3662 2324 Εις

2057 2354 2118 2410 ὃν
2161 2355 2463 2426 ηὐδόκησεν
2494 2357 2527 2424 ἡ
2563 2354 2707 2424 ψυχή
2745 2370 2876 2423 μου·
2903 2373 2920 2404 ι
2962 2353 3111 2414 οὔτε,
3155 2353 3229 2418 ὡς
3266 2355 3329 2407 σὺ
3365 2355 3652 2425 νενόηκας,

2060 2447 2191 2517 περὶ
2222 2446 2322 2517 τῆς
2362 2445 2472 2498 τῶν
2514 2442 2816 2514 ἀνθρώπων
2843 2441 3021 2513 ψυχῆς
3053 2443 3220 2510 λέγει.
3261 2443 3407 2510 Ὀρθ.
3439 2444 3655 2514 Δῶμεν,

2059 2538 2141 2590 ὅτι
2183 2534 2638 2607 καταχρηστικῶς
2694 2533 2911 2604 εἴρηται
2958 2534 3086 2605 περὶ
3117 2533 3211 2586 τοῦ
3255 2534 3498 2605 Πατρός’
3543 2531 3656 2606 ἆρα

2059 2628 2157 2680 καὶ
2189 2626 2436 2699 περὶτοῦ
2473 2625 2600 2678 Υἱοῦ
2646 2625 3100 2696 καταχρηστικῶς
3141 2625 3389 2697 εἴρηται;
3426 2626 3651 2681 Μακεδ.

2061 2718 2186 2772 Ναί.
2231 2718 2385 2784 Ὀρο.
2425 2716 2550 2769 Ἐὰν
2609 2712 2702 2769 οὖν
2736 2716 2831 2768 καὶ
2897 2715 3183 2788 ἄνθρωπος
3215 2717 3439 2788 λέγηται
3472 2721 3502 2771 6
3543 2719 3656 2771 Πα-

2059 2811 2184 2882 τὴρ,
2228 2811 2682 2882 καταχρηστικῶς
2715 2809 2931 2882 εἴρηται
2954 2828 2967 2841 ο
3003 2809 3098 2863 καὶ
3143 2813 3192 2864 εἰ
3229 2814 3356 2882 περὶ
3395 2812 3491 2864 τοῦ
3535 2813 3662 2865 Πα-

2059 2903 2204 2974 τρὸς,
2245 2899 2352 2974 ἆρα
2406 2903 2500 2956 καὶ
2547 2903 2638 2956 τὸν
2664 2903 2806 2956 ’Υίὸν
2859 2903 3315 2974 καταχρηστικῶς
3360 2903 3651 2974 ’ἄνθρωπον

2059 2993 2312 3066 λέξομεν;
2357 2993 2579 3050 Μακεδ.
2627 2994 2737 3049 Ποῦ
2775 2995 3088 3065 γέγραπται
3133 2995 3593 3065 καταχρηστικῶς
3621 2999 3656 3049 ὁ

768 3079 887 3146 ipse
920 3078 974 3130 in
1012 3076 1329 3146 Evangeliis
1363 3077 1643 3132 hominem
1671 3078 1852 3147 ipsum
1888 3093 1976 3131 vo-

2072 3087 2249 3158 [Ιατὴρ
2322 3086 2643 3156 ἄνθρωποςς
2719 3089 2873 3155 Ὀρθ.
2950 3088 3122 3150 Αὐτὸς
3173 3089 3201 3141 6
3240 3087 3368 3148 Υἱὸς
3421 3087 3481 3138 ὲν
3537 3091 3654 3151 τοῖς

386 3173 497 3220 cat.
522 3165 733 3220 Maced.
768 3167 984 3222 Locum
1021 3168 1309 3236 -lege,.quo
1337 3167 1521 3236 ipsum
1566 3167 1840 3221 hominem
1883 3183 1975 3222 vo-

2072 3178 2410 3246 [εὐαγγελίοις
2457 3179 2606 3247 λέγει
2647 3179 2815 3232 αὐτὸν
2869 3178 3174 3250 ἄνθρωπον.
3221 3181 3442 3234 Μακεδ.
3495 3181 3655 3234 Ἀνά-

386 3265 496 3313 cat.
530 3258 683 3316 Orth.
709 3259 944 3326 Quando
967 3298 974 3303 .
997 3259 1153 3326 dicit,
1192 3278 1210 3310 t
1248 3259 1678 3330 Homo-quidam
1707 3260 1839 3315 fecit
1869 3277 1976 3314 nu-

2072 3270 2226 3339 γνωθί
2269 3289 2360 3342 μοι
2400 3271 2698 3326 ποῦιαίηὸν
2740 3271 2886 3340 λέγει
2928 3271 3242 3344 ἄνθρωπον.
3285 3274 3441 3341 Ὀρθ.
3481 3275 3654 3327 Ὅταν

387 3351 531 3422 ptias
563 3351 671 3405 lilio
702 3366 804 3405 suo
833 3359 876 3416 ³,
907 3369 923 3402 ι
946 3352 1162 3420 qualem
1205 3350 1478 3406 hominem
1506 3350 1775 3405 dicit?~Et
1800 3366 1976 3421 quan.

2072 3363 2211 3434 te’m,
2250 3383 2268 3412 ι
2303 3362 2623 3434 Ἄνθρωπός
2656 3381 2738 3427 τις
2791 3363 3016 3434 ἐποίησε
3054 3364 3266 3434 γάμους
3302 3365 3379 3436 τῷ
3419 3365 3518 3435 υἱῷ
3555 3367 3653 3418 αὑ-

385 3446 456 3499 do
514 3445 667 3508 dicit,
703 3462 722 3493 ι
754 3444 931 3499 Homo
954 3445 1178 3512 quidam
1216 3445 1484 3514 plantavit
1523 3447 1762 3508 vineam,
1797 3453 1846 3499 et
1895 3445 1976 3499 lo-

2072 3454 2171 3518 εοῦ,
2195 3472 2212 3506 ι
2249 3454 2397 3507 ποῖον
2426 3453 2571 3522 λέγει.
2603 3456 2924 3527 ἄνθρωπονς
2960 3455 3074 3510 Καὶ
3103 3455 3230 3508 ὅταν
3260 3456 3392 3528 λέγῃ
3413 3473 3427 3486 ·
3470 3475 3488 3507 ι
3524 3457 3648 3510 Ἀνο

384 3538 664 3591 cavitcam
686 3537 950 3608 agricolis
973 3541 1016 3596 ⁵,
1049 3555 1070 3588 ι
1102 3539 1317 3606 qualem
1359 3537 1620 3606 intelligis
1653 3537 1976 3593 hominem?

2072 3544 2276 3615 ipumdt;
2304 3563 2388 3608 τις
2417 3546 2718 3615 ἐφύτευσεν
2751 3545 3073 3616 ἀμπελῶνα,
3115 3547 3210 3600 καὶ
3241 3546 3451 3614 ἐξέδοτο
3488 3548 3646 3600 αὑτὸν

383 3626 595 3682 Mat-ed.
642 3628 698 3682 lu
746 3628 1010 3698 parabola
1044 3626 1290 3682 Patrem.
1322 3627 1477 3683 Orth.
1523 3628 1738 3698 Ergone
1785 3630 1971 3700 igitur,

2072 3641 2355 3708 γεωργοῖς,
2393 3657 2412 3690 ι
2471 3644 2624 3694 ποῖον
2685 3642 2825 3704 νοεῖς
2896 3639 3224 3711 ἀνθρωπονς
3283 3639 3505 3694 Μακεδ.
3560 3640 3650 3692 Ἐν

381 3734 507 3773 cum
545 3721 599 3774 in
637 3720 1166 3790 parabolistPatrem
1212 3719 1362 3774 dicat
1391 3720 1768 3786 hominetn,ct
1800 3723 1855 3775 in
1891 3738 1976 3778 ea-

2072 3730 2342 3801 πταραεολῇ
2377 3731 2470 3783 τὸν
2509 3731 2762 3801 Πατέρα.
2830 3733 2984 3798 Ὃρθ.
3043 3728 3193 3802 *Δρα
3222 3726 3336 3795 οὖν,
3371 3730 3557 3802 ἐπειδὴ
3589 3731 3648 3784 ἐν

379 3812 504 3866 dem
536 3814 625 3866 illa
658 3814 917 3883 parabola
955 3815 1195 3885 scipsum
1233 3815 1380 3868 dicat
1405 3814 1678 3868 hominem
1709 3821 1831 3883 post
1855 3830 1975 3868 ser-

2072 3824 2393 3895 ταραὸολαῖς
2448 3823 2539 3877 τὸν
2592 3825 2814 3894 Πατέρα
2871 3825 3020 3893 λέγει
3076 3824 3385 3896 ἄνθρωπον,
3440 3825 3536 3878 καὶ
3589 3826 3649 3877 ὲν

379 3917 479 3959 vos
502 3902 1525 3975 missutn,:'Filiumipsumimpropric
1567 3904 1845 3958 hominem
1893 3903 1972 3957 fa-

2072 3915 2194 3984 ιὺτῇ
2242 3917 2306 3985 τῇ
2359 3915 2644 3987 παραϐολῇ
2699 3917 2794 3968 καὶ
2834 3916 3029 3969 ἑαυτὸν
3082 3917 3317 3987 Χριστὸν
3363 3915 3650 3984 ἄνθρωπον

377 4005 532 4052 ctum
590 3996 763 4051 luisse
821 3996 1165 4051 dixerimus?
1207 3995 1416 4049 Maced.
1480 3996 1656 4049 Absit.
1707 3995 1860 4049 Orth.
1915 3996 1973 4049 Si

2072 4003 2200 4055 ιετὰ
2244 4004 2370 4066 τοὺς
2403 4003 2627 4068 δούλους
2659 4005 3094 4076 ἀπεσταλμένον,
3145 4006 3393 4076 εἴποιμεν
3443 4006 3509 4060 ἂν
3554 4008 3651 4059 καὶ¹

379 4103 511 4160 ergo
535 4088 873 4144 audierimus
893 4088 1086 4143 faciem
1117 4087 1319 4153 Patris,
1348 4102 1514 4157 quam
1541 4103 1838 4157 puerorum
1857 4102 1961 4139 an-

2072 4093 2218 4145 ιύτὺν
2266 4093 2358 4146 τὸν
2416 4094 2545 4148 Υῐὸν
2597 4096 3056 4166 καταχρηστικῶς
3097 4097 3648 4168 ’ἐνηνορωπηκέναις

379 4181 483 4250 geli
519 4181 810 4234 videntzsi
848 4181 977 4234 item
1014 4179 1368 4234 audierimus
1408 4179 1604 4234 faciem
1632 4178 1802 4240 Filii,
1849 4195 1973 4248 qua:

2072 4182 2277 4235 ιῖιικεδ.
2331 4183 2423 4254 Μὴ
2474 4183 2719 4252 γένοιτοι
2791 4185 2946 4254 Ὀρθ.
3027 4187 3154 4240 Ἐὰν
3213 4187 3270 4240 δὲ
3320 4186 3650 4258 ἀκούσωμεν

380 4276 436 4327 in
467 4280 651 4327 monte
672 4271 1037 4341 resplenduit,
1077 4280 1131 4326 et
1158 4286 1336 4340 quam
1381 4270 1634 4326 minister
1680 4271 1968 4326 Pontificis

2072 4273 2348 4343 πρόσωπον
2374 4275 2604 4349 Πατρὸς,
2631 4276 2659 4330 ὃ
2693 4277 2982 4346 βλέπουσιν
3008 4279 3227 4348 ἄγγελοι
3256 4279 3364 4332 τῶν
3397 4281 3656 4345 παιδίων,

380 4363 660 4433 percussit
687 4381 698 4415 :
733 4364 881 4418 itane
908 4362 1127 4432 prepria
1162 4363 1454 4431 utrobique
1474 4363 1872 4433 signiﬁcatione
1890 4362 1970 4416 fa-

2072 4365 2131 4429 ὓς
2181 4368 2240 4420 ὲν
2273 4368 2628 4437 Εὑαγγελίοις
2675 4371 3022 4442 γέγραπται’
3073 4373 3397 4442 ἀκούσωμεν
3439 4373 3496 4426 δὲ
3555 4375 3651 4428 καὶ

377 4456 518 4509 ciem
547 4455 903 4523 accipiemus,
935 4464 1028 4509 aut
1049 4456 1190 4510 hanc
1210 4453 1433 4524 quidem
1459 4454 1712 4524 corporis
1746 4453 1965 4520 faciem,

2072 4459 2354 4530 πρόσωπον
2393 4461 2544 4525 Υἱοῦ,
2592 4462 2620 4514 ὃ
2654 4462 2893 4533 ἔλαμψεν
2936 4465 2994 4517 ὲν
3044 4464 3122 4535 τῷ
3165 4465 3308 4533 ὖρει,
3343 4465 3438 4518 κοιλ⁸
3481 4467 3649 4537 appa-

379 4549 526 4601 illam
561 4548 856 4618 improprie
885 4549 1282 4618 appellabimus
1316 4546 1533 4610 faciem,
1553 4562 1675 4617 qua:
1692 4547 1967 4618 esthypo-

2072 4571 2212 4608 πτισεν
2248 4558 2276 4607 6
2305 4555 2582 4628 ὑπηρέτης
2604 4572 2619 4588 ο
2651 4556 2825 4620 οὕτως
2872 4556 3177 4628 ἀκούσομεν
3223 4558 3333 4611 τῶν
3381 4575 3650 4628 σημαινο-

379 4641 591 4697 Stasis?
627 4639 835 4694 Maced.
863 4639 1123 4694 Omnium
1157 4655 1434 4695 consensu
1459 4638 1620 4694 aliter
1642 4638 1812 4702 Patri,
1856 4639 1965 4692 ali-

2072 4645 2271 4709 κὲνωνς
2300 4645 2332 4715 ἢ
2371 4645 2433 4698 τὸ
2467 4645 2566 4715 μὲν
2613 4645 2862 4715 σώματος
2913 4647 3238 4716 πρόσωπον,
3271 4648 3334 4700 τὸ
3365 4647 3427 4700 δὲ
3473 4664 3650 4700 κατα-

377 4740 462 4784 ter
507 4730 648 4784 Filio
692 4731 974 4785 tribuitur.
1032 4730 1186 4786 Orth.
1221 4729 1340 4784 Non
1395 4745 1530 4800 ergo
1565 4730 1613 4786 si
1660 4729 1966 4799 improprie

2072 4735 2367 4806 (ρηοτικῶς
2385 4737 2726 4807 ὀνομάσομεν
2749 4739 3060 4808 πρόσωπον,
3088 4739 3115 4791 ὃ
3143 4740 3289 4792 ἐστιν
3312 4740 3646 4805 ὑπόστασις;

379 4823 560 4877 anima
590 4821 760 4884 Patri,
795 4825 1060 4878 continuo
1083 4833 1137 4876 et
1159 4822 1298 4876 Filio
1328 4822 1631 4893 improprie
1677 4823 1960 4876 tribuitur.

2072 4821 2278 4875 Μακεδ.
2317 4821 2793 4894 Ὀμολογουμένως
2821 4826 2997 4890 ἄλλως
3027 4828 3119 4880 ἐπὶ
3151 4827 3244 4880 τοῦ
3277 4828 3514 4900 Πατρὸς,
3553 4831 3647 4882 καὶ

380 4914 476 4968 Est
505 4915 620 4967 luce
639 4911 1063 4969 Manichaeorum
1101 4915 1317 4969 insania
1352 4955 1365 4976 ,
1398 4915 1598 4970 docere
1622 4913 1823 4968 Filium
1864 4914 1960 4967 Dei

2072 4912 2231 4975 ἱλλως
2277 4914 2370 4966 ἐπὶ
2403 4912 2495 4966 τοῦ
2532 4914 2685 4974 Υίοῦ.
2729 4917 2882 4984 Ὀρθ.
2930 4918 3044 4971 Οὐκ
3094 4917 3223 4990 ἄρα,
3257 4919 3352 4972 καὶ⁴
3398 4922 3447 4974 εἰ
3516 4921 3650 4992 περὶ.

378 5021 486 5060 non
520 5004 688 5058 fuisse
713 5005 989 5059 hominem
1023 5006 1251 5060 factum.
1282 5005 1493 5059 Maced.
1526 5006 1819 5060 Hominem
1836 5021 1960 5059 eum

2072 5002 2150 5056 τοῦ
2191 5004 2402 5074 Πατρὺς
2443 5007 2897 5078 καταχρηστικῶς
2949 5010 3162 5080 εἴρηται
3213 5010 3394 5081 ψυχὴ,
3428 5012 3645 5076 πάντως

374 5098 580 5151 factum
605 5094 976 5159 confitemur;
1012 5097 1107 5150 sed
1147 5099 1387 5149 animam
1437 5095 1809 5163 assumpsisse
1850 5110 1960 5148 non

2072 5095 2150 5147 ιαὶ
2187 5095 2312 5164 περὶ
2354 5095 2449 5149 τοῦ
2498 5098 2659 5152 Υίοῦ·
2706 5100 3022 5170 Mavanin
3056 5101 3165 5173 γὰρ
3195 5102 3336 5174 αὕτη
3369 5104 3401 5174 ὴ
3446 5105 3645 5174 μανία,

374 5189 526 5244 item.
566 5185 720 5241 Orth.
766 5183 882 5239 Non
939 5187 1217 5240 hominem
1253 5187 1429 5241 solum
1477 5186 1588 5248 dic,
1627 5186 1721 5239 sed
1756 5194 1808 5239 et
1840 5197 1964 5238 car-

2072 5185 2116 5237 :6
2149 5184 2323 5252 λέγειν
2357 5185 2430 5257 μὴ
2483 5187 2968 5261 ὲνηνθρωπηκέναι
3019 5190 3111 5243 τὸν
3165 5191 3296 5244 Υίὸν
3340 5191 3433 5244 τοῦ
3486 5191 3644 5246 Θεοῦ.

374 5297 498 5336 nem
523 5280 750 5334 factum.
782 5277 970 5347 Neque
1001 5277 1150 5330 enim
1196 5280 1358 5332 homo
1401 5278 1580 5332 lactus
1613 5285 1716 5337 est,
1749 5276 1795 5330 si
1836 5289 1960 5329 cor-

2072 5277 2279 5333 Μαχεδ.
2319 5279 2828 5352 Ἐνηνθρωπηκέναι
2868 5281 3128 5351 λέγομενο
3163 5282 3276 5336 ἀλλ’
3306 5285 3426 5353 οὐχὶ
3465 5284 3649 5356 ψυχὴν

371 5387 475 5440 pus
528 5373 831 5426 animatum
873 5385 984 5424 non
1033 5371 1356 5439 assumpsit.
1401 5368 1608 5423 Μαι-αα.
1667 5370 1806 5434 Quid
1847 5367 1963 5421 ita?

2072 5368 2355 5438 εἰληφέναι.
2397 5371 2550 5438 Ὀρθ.
2601 5371 2692 5442 Μὴ
2733 5370 2859 5440 λέγε
2921 5373 3404 5444 ἐνηνθρωπηκέναι
3459 5377 3644 5446 μόνον,

375 5465 529 5518 Orth.
553 5466 691 5530 Quia
723 5479 929 5533 corpus
964 5463 1238 5525 exanime,
1271 5464 1416 5531 quod
1447 5463 1516 5515 ab
1548 5463 1744 5515 anima:
1787 5461 1960 5514 ratio-

2072 5461 2192 5515 ma
2234 5462 2328 5515 καὶ
2362 5465 2754 5535 σεσαρκῶσοαι.
2794 5467 2857 5518 Εἰ
2891 5465 2999 5536 γὰρ
3029 5467 3129 5520 οὐκ
3161 5468 3353 5522 ἔλαϐεν
3400 5467 3647 5539 ἔμψυχον

375 5555 515 5609 nalis
545 5556 934 5610 communione
979 5551 1291 5621 sejunctum
1327 5562 1432 5618 est,
1481 5568 1587 5606 non
1621 5560 1709 5607 est
1755 5566 1957 5620 cozpus

2072 5555 2238 5623 ςῶμα,
2274 5555 2395 5608 οὐδὲ
2441 5555 2848 5626 ἐνηνορώπησε.
2899 5558 3124 5613 Μακεδ.
3181 5558 3281 5612 Διὰ
3317 5559 3406 5626 τί;
3483 5559 3644 5626 Ὀρθ.

455 5761 470 5793 ⁸
514 5761 653 5822 Psal.
691 5787 801 5833 ut,
837 5770 898 5822 Π
942 5769 1024 5822 l9.
1104 5769 1123 5796 ε
1154 5769 1254 5821 lsa.
1299 5784 1429 5836 xui,
1472 5768 1522 5820 l.
1594 5769 1612 5798 ³
1651 5765 1840 5822 Matth.
1881 5783 1976 5821 tm;

2072 5773 2096 5820 '..
2169 5766 2188 5796 ‘
2220 5765 2406 5820 Matth.
2443 5778 2556 5832 ut,
2585 5764 2668 5820 55.
