4082 6392
404 368 508 433 881

1361 377 1741 440 PANOPLIA
1783 374 2246 439 DOGMATICA.
2287 405 2354 416 -
2384 377 2537 441 TI'l‘.
2580 379 2735 439 XIV.

3572 379 3679 443 882

405 512 527 568 Ὅτι
561 512 720 584 σῶμα
749 512 978 585 ἄψυχον,
1004 513 1065 568 τὸ
1100 515 1175 587 μὴ
1207 518 1542 590 κοινωνῆσαν
1584 520 1730 591 ψυχῇ
1775 521 1984 594 λογικῇ,

2092 525 2412 579 humanum.
2447 523 2559 578 Cur
2575 530 2757 577 autem
2778 522 2954 577 instar
2982 540 3001 572 ι
3027 520 3235 593 aspidis
3248 519 3429 576 surda:
3446 528 3497 575 et
3518 518 3680 583 obtu-

401 605 503 658 οὐκ
545 604 693 657 ἐστιν
732 604 1070 676 ἀνθρώπινον
1109 607 1286 677 σῶμα.
1328 610 1455 673 Πῶς
1501 610 1558 663 δὲ
1609 611 1685 674 ῶς
1721 632 1739 662 α
1767 614 1993 677 ἀσπίδος

402 698 596 767 κωφῆς
639 697 734 750 καὶ
779 697 1015 768 βυούσης
1060 698 1129 752 τὰ
1176 694 1290 753 ῶτα
1341 702 1531 769 αὐτῆς,
1576 703 1698 772 ἣτις
1728 706 1830 757 οὐκ
1878 707 1992 758 είσ-

403 787 703 842 ακούσεται
736 790 919 858 φωνῆς
968 790 1281 859 ὲπᾴδοντος,
1330 811 1347 843 ι
1394 792 1567 856 οὕτως
1612 794 1840 847 ἀκούετε
1897 794 1990 848 τοῦ

404 879 618 949 Πέτρου
647 879 897 947 λέγοντος
920 882 976 933 ἐν
1000 885 1118 945 ταῖς
1135 883 1372 953 Πράξεσι
1397 884 1505 936 τῶν
1539 886 1872 948 ἀποστόλων,
1910 888 1992 940 ὅτι

411 991 429 1022 ι
449 970 631 1042 Οὕτεή
819 972 984 1024 αὑτοῦ
1019 973 1344 1045 κατελείφθη
1374 976 1453 1038 είς
1478 976 1627 1047 ᾅδου,
1656 977 1779 1030 οὔτε
1806 979 1991 1050 ήσὰρξ

404 1063 569 1117 αὑτοῦ
634 1060 745 1118 οἶδε
802 1065 1134 1136 διαφθοράν;
1194 1068 1302 1120 Καὶ
1359 1069 1387 1120 ὁ
1440 1072 1725 1140 προφήτης
1767 1073 1992 1137 Ἡσαΐας

402 1155 533 1226 βοᾷ·
583 1175 601 1206 ι
642 1156 769 1209 Ἐὰν
810 1155 945 1208 δῶτε
978 1158 1110 1228 περὶ
1143 1158 1417 1228 ἁμαρτίας
1455 1158 1555 1229 τὴν
1593 1159 1769 1231 ψυχὴν
1814 1162 1987 1231 ὑμῶν,

398 1246 595 1315 ὄψεσθε
628 1247 847 1317 σπέρμα
878 1248 1226 1319 μακρόϐιον.»
1264 1250 1372 1302 Καὶ
1401 1250 1748 1319 βουλεύσεται
1784 1252 1990 1323 Κύριος

398 1339 461 1391 ὲν
493 1339 635 1408 χειρὶ
679 1338 843 1392 αὑτοῦ
879 1339 1096 1408 ἀφελεῖν
1138 1340 1231 1393 τοῦ
1265 1342 1430 1394 πόνου
1464 1342 1563 1413 τῆς
1594 1343 1773 1413 ψυχῆς
1802 1345 1988 1408 αὐτοῦ,

398 1430 571 1495 δεῖξαι
598 1429 749 1500 αὑτῷ
778 1430 913 1499 φῶς,
950 1432 1044 1484 καὶ
1076 1431 1278 1486 πλάσαι
1325 1435 1391 1504 τῇ
1438 1434 1670 1498 συνέσει,
1700 1435 1990 1491 δικαιῶσαι

397 1520 608 1574 δίκαιον
642 1517 701 1574 εὖ
752 1521 1069 1576 δουλεύοντα
1126 1524 1375 1588 πολλοῖςο
1429 1527 1524 1579 καὶ
1569 1527 1667 1589 τὰς
1716 1528 1991 1599 ἁμαρτίας

398 1610 578 1665 αὐτῶν
612 1612 771 1676 αὐτὸς
818 1614 1041 1667 ἀνοίσει.
1076 1615 1175 1669 Διά
1201 1615 1359 1670 τοῦτο
1386 1616 1548 1680 αὐτὸς
1592 1618 1989 1691 κληρονομήσει

398 1703 663 1768 πολλοὺς,
710 1706 807 1759 καὶ
850 1705 960 1759 τῶν
1012 1707 1244 1779 ἰσχυρῶν
1284 1711 1463 1780 μεριεῖ
1516 1709 1707 1763 σκῦλα.
1749 1710 1887 1763 ‘Ave’
1917 1705 1993 1763 ὧν

403 1794 687 1866 παρεδόθη,
720 1798 801 1859 εἰς
854 1795 1083 1851 θάνατον
1137 1800 1169 1869 ή
1223 1798 1370 1870 ψυχὴ
1426 1800 1614 1864 αὑτοῦ,
1647 1803 1739 1855 καὶ
1788 1804 1847 1855 ὲν
1877 1805 1992 1865 τοῖς

398 1883 622 1953 ἀνόμοις
667 1884 952 1957 ἐλογίσθη,
990 1888 1083 1941 καὶ
1126 1889 1287 1952 αὐτὸς
1321 1891 1593 1961 ἁμαρτίας
1639 1893 1848 1946 πολλῶν
1892 1896 1989 1947 ἀν-

399 1975 619 2044 ήνεγκε,
667 1976 762 2030 καὶ
819 1977 908 2032 διὰ
959 1978 1058 2051 τὴς
1108 1981 1337 2052 ἀνομίας
1396 1984 1575 2036 αὐτῶν
1640 1985 1980 2057 παρεδόθη.»

395 2065 622 2121 Maura.
663 2068 773 2120 Καὶ
806 2070 968 2139 ἡμεῖς
1005 2068 1183 2140 ἴσμεν,
1229 2072 1311 2125 ὅτι
1354 2074 1619 2144 πολλαχοῦ
1668 2076 1881 2147 εἴρηται
1928 2079 1986 2129 ἐν

394 2160 465 2230 τῇ
510 2158 724 2229 Γραφῇ,
776 2160 859 2214 ὅτι
906 2161 1085 2235 ψυχὴν
1131 2160 1307 2235 εἶχενσ
1339 2165 1478 2220 ἀλλά
1530 2166 1986 2238 καταχρηστικῶς

400 2265 641 2335 εἴρηται,
705 2265 801 2317 καὶ
848 2266 947 2318 οὐκ
992 2262 1251 2334 ἀληθείᾳ.
1314 2262 1466 2328 Ὀρθ.
1512 2258 1699 2312 Πάντα
1744 2253 1837 2310 οὖν
1885 2257 1985 2309 ὃσα

398 2355 613 2427 εἴρηται
656 2356 782 2425 περὶ
812 2353 979 2408 αὐτοῦ
1020 2354 1357 2425 ἀνθρώπινα,
1384 2348 1495 2405 οἷον
1538 2350 1716 2420 ἀκοὴ,
1768 2349 1982 2420 ὅρασις,

395 2446 687 2516 ισφρησις,
716 2446 888 2516 φωνὴ,
905 2445 1112 2513 γεῦσις,
1126 2444 1409 2515 ἐπιθυμία,
1424 2442 1590 2514 λύπη,
1607 2441 1833 2513 θάμϐος,
1864 2444 1983 2512 ἁδη-

398 2538 577 2607 μθνία,
621 2537 944 2606 περίπατος,
983 2534 1441 2608 καταχρηστικῶς
1474 2534 1726 2606 εἴρηται,
1760 2534 1854 2587 καὶ
1887 2535 1984 2585 οὐκ

392 2626 652 2696 ἁληθείᾳ;
687 2628 909 2681 Μακεδ.
946 2627 1133 2681 Πάντα
1164 2626 1337 2679 ταῦτα
1364 2626 1433 2679 τὰ
1461 2626 1829 2695 προειρημένα
1862 2624 1988 2691 ἀλη-

394 2718 505 2780 θῶς
536 2719 771 2790 εἴρηται,
796 2718 941 2790 ψυχὴ
972 2720 1028 2772 δὲ
1064 2716 1539 2791 καταχρηστικῶς.
1596 2718 1749 2784 Ὁρθ.
1801 2716 1911 2769 Καὶ
1957 2716 1986 2767 ὁ

392 2807 737 2872 καταξιώσας
765 2810 1026 2863 κοπιῶντι
1052 2811 1128 2880 τῷ
1164 2809 1398 2880 σώματι,
1424 2810 1520 2863 καὶ
1546 2808 1604 2874 ἐξ
1637 2808 1860 2869 ὀστέων,
1895 2807 1987 2861 καὶ

391 2900 626 2969 νεύρων,
654 2902 749 2953 καὶ
784 2899 1020 2969 φλεϐῶν,
1045 2902 1139 2954 καὶ
1158 2900 1453 2971 ἀρτηριῶν,
1476 2900 1570 2951 καὶ
1608 2899 1782 2953 ἄλλων
1812 2897 1986 2967 μελῶν

390 2990 487 3043 τοῦ
510 2990 756 3061 σώματος
777 2993 869 3044 καὶ
891 2992 1070 3061 μερῶν
1091 3008 1155 3044 συ
1164 2991 1432 3061 μπαγέντι
1453 2990 1738 3060 ἐνωθῆναι,
1756 2990 1855 3042 οὐκ
1872 2985 1987 3059 εἶχε

389 3081 601 3152 ψυχήνς
637 3082 857 3136 Μακεδ.
882 3082 946 3135 Τί
978 3082 1166 3153 χρείαν
1204 3079 1315 3151 εἶχε
1346 3081 1523 3151 ψυχῆς
1554 3083 1586 3151 ἡ
1621 3083 1740 3149 Ζωή
1766 3097 1781 3145 ;
1826 3082 1981 3148 Ὀρθ.

2094 617 2270 672 rantis
2290 632 2451 672 aures
2486 632 2637 681 suas,
2671 631 2792 686 quae
2820 630 2930 668 non
2968 614 3227 679 exaudiet
3256 628 3445 669 vocem
3486 612 3682 666 incan-

2094 710 2262 764 tantis
2292 716 2336 771 ‘,
2358 728 2375 761 ι
2413 711 2488 763 ita
2513 724 2611 764 vos
2644 715 2698 763 et
2724 706 2946 762 Petrum
2988 706 3215 769 auditis,
3258 706 3312 759 in
3346 705 3503 759 Actis
3549 718 3682 772 apo-

2094 802 2359 855 stolorum
2388 800 2660 857 dicentem
2684 821 2697 855 :
2724 820 2742 852 ι
2774 799 2892 855 Non
2923 800 3242 859 derelictam
3269 813 3394 853 esse
3423 798 3565 867 apud
3592 799 3682 851 in-

2094 894 2240 950 feros
2267 895 2502 949 animam
2536 894 2675 963 ejus,
2704 908 2881 963 neque
2902 907 3123 947 carnem
3150 891 3272 960 ejus
3297 889 3543 945 sensisse
3565 903 3685 944 eor-

2094 988 2435 1055 ruptionein’
2466 987 2489 1040 ?
2522 1006 2539 1037 ι
2583 996 2637 1041 et
2683 986 2880 1040 lsaiam
2905 985 3242 1039 clamantem
3280 999 3295 1036 :
3329 1002 3347 1035 ι
3382 982 3441 1036 Si
3474 981 3684 1037 dabitis

2094 1093 2194 1147 pro
2228 1086 2454 1147 peccato
2479 1078 2721 1131 animam
2757 1085 3015 1139 vestram,
3038 1073 3295 1129 videbitis
3332 1088 3526 1129 semen
3554 1074 3681 1126 Ion--

2094 1185 2337 1239 gaevum-
2362 1168 2428 1222 Et
2458 1170 2573 1223 vult
2598 1167 2865 1232 Dominus
2898 1168 2951 1221 in
2981 1182 3146 1221 manu
3170 1166 3292 1235 ejus
3312 1164 3533 1220 auferre
3582 1165 3681 1220 dco

2095 1262 2263 1314 Inrem
2296 1261 2492 1315 anima!
2521 1261 2662 1330 ejus,
2693 1259 2986 1315 ostendere
3019 1260 3067 1312 ei
3101 1258 3303 1319 lucem,
3340 1263 3394 1311 et
3436 1256 3677 1311 formare

2092 1349 2531 1421 intelligentiam,
2574 1351 2925 1404 innocentem
2993 1348 3206 1402 eﬂicere
3259 1347 3491 1415 justum,
3539 1346 3681 1399 bene

2094 1440 2424 1495 servientem
2455 1441 2681 1506 multis;
2716 1448 2770 1494 et
2803 1447 3026 1509 peccata
3049 1454 3239 1492 eorum
3264 1437 3379 1506 ipse
3414 1435 3678 1505 portabit.

2093 1530 2440 1602 Quapropter
2471 1533 2587 1601 ipse
2620 1532 2923 1602 possidebit
2954 1530 3179 1591 multos,
3228 1539 3283 1583 et
3318 1527 3542 1581 fortium
3589 1528 3679 1591 di-

2094 1627 2249 1681 videt
2279 1626 2477 1696 spolia.
2515 1624 2624 1680 Pro
2642 1641 2709 1680 eo
2740 1632 2920 1679 autem
2954 1624 3101 1692 quod
3126 1624 3328 1677 tradita
3350 1622 3506 1677 estin
3531 1637 3681 1675 mor-

2094 1726 2199 1773 tem
2229 1720 2411 1771 anima
2454 1717 2601 1787 ejus,
2634 1726 2688 1772 et
2720 1718 2865 1771 inter
2905 1717 3129 1785 iniquos
3172 1723 3456 1784 reputatus
3496 1722 3598 1780 est,
3624 1724 3681 1769 et

2094 1807 2208 1876 ipse
2232 1814 2457 1875 peccata
2489 1808 2789 1861 multorum
2823 1806 2969 1867 tulit,
3008 1813 3061 1860 et
3100 1814 3324 1875 propter
3355 1805 3678 1875 iniquitates

2087 1915 2277 1955 eorum
2330 1898 2564 1954 traditus
2608 1907 2692 1954 est
2725 1904 2764 1953 ³.
2797 1918 2815 1950 ι
2865 1897 3076 1951 Maced.
3142 1898 3360 1953 Scimus
3413 1913 3557 1968 saepe
3619 1899 3677 1952 in

2095 1990 2381 2061 Scriptura
2409 1992 2543 2055 dici,
2578 1992 2758 2061 ipsum
2794 1991 2995 2045 habere
3023 1991 3289 2056 animam,
3326 1990 3421 2046 sed
3468 1992 3677 2061 impro-

2091 2084 2231 2155 prie,
2304 2099 2415 2139 non
2480 2100 2630 2149 vere,
2686 2083 2891 2137 dictum
2941 2094 3045 2140 est.
3112 2082 3265 2139 Orth.
3323 2083 3676 2151 Quamunquo

2094 2177 2263 2247 igitur
2291 2176 2529 2230 humana
2559 2176 2626 2230 de
2656 2176 2779 2245 ipso
2814 2184 2945 2229 sunt
2975 2177 3154 2238 dicta,
3191 2176 3374 2245 qualia
3409 2183 3539 2230 sunt
3574 2187 3675 2229 au-

2094 2269 2270 2334 ditus,
2297 2269 2474 2331 visus,
2508 2266 2765 2326 oll‘actus,
2801 2281 2927 2327 vox,
2957 2275 3171 2333 gustus,
3201 2262 3675 2331 concupiscentia,

2092 2362 2269 2425 dolor,
2307 2369 2521 2430 stupor,
2553 2359 2822 2422 anxietas,
2854 2357 3246 2419 obambulatio,
3276 2356 3525 2419 figurate,
3560 2368 3672 2407 non

2094 2453 2334 2523 proprie,
2379 2452 2527 2506 dicta
2563 2450 2809 2505 fuerint?
2839 2448 3048 2502 Μαρια.
3097 2446 3211 2501 lino
3253 2462 3315 2500 ea
3346 2461 3467 2515 quae
3510 2445 3672 2498 modo

2092 2547 2369 2601 recensita
2401 2552 2551 2609 sunt,
2587 2544 2771 2598 omnia
2805 2543 3025 2612 proprie
3049 2540 3154 2611 ipsi
3179 2546 3499 2608 competunt
3532 2556 3545 2591 :
3573 2538 3672 2591 sed

2093 2645 2276 2698 anima
2300 2642 2622 2712 improprie.
2656 2640 2807 2696 Orth.
2845 2638 3115 2692 Nimirum
3141 2635 3232 2704 qui
3262 2634 3336 2687 illi
3373 2632 3672 2696 laboranti,

2092 2745 2270 2799 exque
2322 2728 2568 2792 ossibus,
2650 2725 2860 2786 nervis,
2922 2724 3098 2783 venis,
3155 2719 3373 2773 arteriis
3440 2716 3673 2784 aliisque

2093 2818 2357 2874 membris
2401 2824 2456 2871 et
2517 2814 2774 2885 partibus
2821 2818 3107 2879 compacto
3154 2806 3374 2875 corpori
3408 2819 3467 2860 se
3515 2803 3673 2857 unire

2093 2910 2353 2980 dignatus
2379 2917 2488 2971 est,
2524 2907 2572 2961 is
2592 2906 2833 2959 animam
2858 2918 2968 2957 non
2999 2898 3230 2955 habuit?
3258 2895 3466 2951 Maced.
3494 2895 3673 2960 Quor-

2093 3018 2213 3058 sum
2232 3000 2355 3055 Vita
2381 3015 2519 3070 opus
2541 2997 2732 3052 habuit
2747 2995 2969 3049 anima?
3000 2992 3151 3048 Orth.
3174 2991 3238 3044 Et
3260 2990 3391 3060 quid
3413 3004 3577 3043 carne
3592 2986 3672 3041 illi

2091 3108 2233 3163 opus
2260 3091 2383 3153 fuit,
2409 3089 2501 3159 qui
2543 3086 2793 3157 patribus
2833 3084 3042 3138 nostris
3065 3083 3225 3135 etiam
3255 3081 3464 3149 absque
3503 3093 3673 3132 carne

390 3174 459 3226 Τί
482 3175 541 3227 δὲ
558 3174 747 3245 χρείαν
784 3170 899 3244 εἶχε
943 3175 1043 3245 τῆς
1072 3173 1294 3246 σαρκὸς,
1338 3175 1366 3226 ὁ
1399 3174 1528 3226 ἄνευ
1565 3172 1767 3242 σαρκὸς
1799 3170 1984 3239 ὀφθεὶς

2092 3185 2245 3239 visus
2276 3182 2399 3238 est?
2422 3180 2636 3234 Maced.
2668 3177 2848 3233 Carne
2890 3190 3028 3246 opus
3065 3173 3281 3235 habuit,
3328 3178 3386 3224 ut
3421 3168 3672 3239 cruciﬁgi

390 3268 532 3338 πρὸς
573 3270 701 3331 τοὺς
734 3268 977 3339 πατέρας
1006 3265 1200 3336 ἡμῶν;
1242 3263 1463 3319 Μακεδ.
1510 3264 1604 3325 Εἰς
1646 3262 1708 3315 τὸ
1742 3278 1989 3334 σταυρω-

388 3360 551 3430 θῆναι
575 3360 764 3431 χρείαν
804 3354 917 3429 εἷχε
952 3357 1175 3428 σαρκός.
1241 3357 1395 3423 Ὀρθ.
1449 3357 1561 3408 Καὶ
1593 3356 1671 3417 εἰς
1701 3354 1761 3405 τὸ
1814 3353 1988 3422 λυπη-

389 3455 571 3527 θῆναι,
608 3456 703 3507 καὶ
754 3453 1113 3524 ἀδημονῆσαι,
1163 3450 1259 3503 καὶ
1314 3446 1750 3517 ὲκθαμϐηθῆναι,
1785 3445 1879 3499 καὶ
1927 3445 1985 3497 ὲν

392 3545 520 3615 ᾅδου
564 3542 840 3614 γενέσθαι,
871 3543 1060 3612 χρείαν
1103 3536 1217 3611 εἶχε
1249 3539 1450 3610 ψυχῆς.
1501 3538 1671 3591 Τοῦτο
1708 3538 1818 3608 γάρ
1868 3539 1984 3589 ἐστι

404 3637 467 3690 τὸ
495 3636 745 3707 μορφὴν
760 3634 985 3689 δούλου
1009 3632 1234 3699 λαϐὼν,
1266 3632 1326 3684 οὐ
1363 3631 1424 3684 τὸ
1457 3632 1515 3685 ἐν
1553 3629 1764 3700 σώματι
1808 3631 1983 3698 φανῆ-

392 3747 475 3783 vat
508 3730 689 3800 μόνον,
717 3725 853 3781 ἀλλὰ
879 3723 1058 3779 καὶτὸ
1099 3724 1168 3777 τὰ
1195 3724 1342 3795 πάθη
1370 3723 1468 3793 τῆς
1494 3721 1737 3784 δουλείας
1767 3721 1974 3774 λαϐεῖν.

388 3822 612 3875 Μακεδ.
658 3817 894 3889 Μορφὴν
923 3815 1108 3870 δούλου
1134 3814 1313 3879 ἔλαϐε,
1358 3814 1538 3885 σάρκα
1590 3811 1790 3867 λαϐών.
1828 3813 1980 3880 Ὀρθ.

398 3912 467 3964 Ἦ
490 3910 676 3982 μορφὴ
703 3909 798 3964 τοῦ
821 3908 956 3963 Θεοῦ
986 3909 1165 3962 τελεία
1197 3909 1313 3961 ἐστὶ
1338 3908 1521 3979 μορφὴ
1553 3906 1685 3960 Θεοῦ
1709 3924 1723 3973 ;
1757 3906 1980 3961 Μακεδ.

395 4003 528 4057 Ναί.
588 4005 744 4072 Ὀρθ.
794 4002 906 4056 Καὶ
954 4004 987 4071 ὴ
1057 4001 1238 4072 μορφὴ
1288 4000 1395 4070 ἄρα
1445 3998 1539 4052 τοῦ
1573 3998 1757 4052 δούλου
1806 3998 1987 4052 τελεία

392 4094 575 4165 μορφὴ
602 4095 695 4147 τοῦ
731 4093 917 4147 δούλου
956 4092 1093 4145 ὲστί.
1127 4091 1225 4144 Διὰ
1270 4089 1431 4143 τοῦτο
1469 4088 1578 4160 γὰρ
1608 4090 1703 4142 καὶ
1753 4088 1983 4160 θάμϐος,

388 4185 486 4238 καὶ
534 4185 715 4256 λύπη,
762 4185 857 4238 καὶ
899 4182 1197 4254 ἀδημονία,
1239 4182 1329 4235 διὰ
1369 4182 1429 4235 τὸ
1467 4181 1675 4235 τελειαν
1716 4176 1856 4235 εἶναι
1888 4181 1984 4253 τὴν

385 4274 481 4329 τοῦ
528 4276 711 4330 δούλου
751 4275 984 4347 μορφήν.
1032 4272 1143 4326 Καὶ
1196 4273 1356 4326 τοῦτό
1407 4275 1523 4326 ἐστι
1570 4273 1630 4325 τὸ
1685 4273 1980 4346 πρόϐατον,

384 4368 416 4423 δ
461 4365 702 4441 ζητήσας
752 4369 847 4423 καὶ
903 4366 1105 4440 εὑρὼν,
1149 4367 1243 4421 ἐπὶ
1293 4367 1402 4420 τῶν
1433 4367 1598 4438 ὤμων
1648 4367 1834 4439 φέρει,
1884 4366 1984 4420 οὐκ

382 4462 553 4514 ἀσκὸν
582 4460 809 4531 ἄψυχον,
840 4460 952 4513 ἀλλ’
999 4459 1243 4531 ἔμψυχον
1277 4458 1435 4526 ζῶον,
1487 4459 1784 4530 συγχωρῶν
1833 4458 1983 4529 αὗτῷ

383 4552 531 4622 ἐχειν
572 4552 642 4605 τὰ
672 4551 856 4621 πάθη,
898 4551 959 4603 οὐ
992 4549 1061 4602 τὰ
1107 4548 1208 4619 τῆς
1256 4549 1561 4621 ἁμαρτίας,
1609 4548 1743 4602 ἀλλά
1773 4548 1843 4602 τὰ
1883 4548 1983 4620 τῆς
2015 4566 2056 4621 ι)
2087 4563 2156 4619 de

383 4643 639 4713 φύσεως·
696 4644 785 4696 ἵνα
845 4642 921 4714 μὴ
987 4642 1258 4712 φαντασία
1322 4642 1587 4713 νομισθῇ,
1637 4643 1730 4695 καὶ
1800 4643 1979 4696 Μανι-

382 4736 538 4805 χαῖος
595 4734 762 4804 μανῇ.
792 4732 1015 4789 Μακεδ.
1046 4732 1257 4802 Δῶμεν,
1285 4732 1366 4785 ὅτι
1399 4733 1529 4804 περὶ
1571 4731 1748 4803 ψυχῆς
1796 4729 1980 4793 καλῶς

381 4824 598 4894 λέγεις,
652 4824 741 4877 διά
778 4823 831 4875 τί
874 4824 969 4876 καὶ
1018 4823 1298 4894 όμοούσιον
1344 4823 1532 4892 λέγετε
1581 4823 1671 4876 τὸν
1719 4824 1848 4876 Υίὸν
1899 4823 1980 4894 τῷ

385 4915 597 4987 Πατρί;
667 4915 820 4983 Ὀρθ.
884 4914 1005 4967 Ὅτι
1042 4914 1100 4967 ὃν
1133 4916 1227 4969 ἐὰν
1253 4915 1413 4986 εἴπῃς
1444 4914 1601 4983 λόγον
1646 4916 1746 4986 τῆς
1790 4914 1978 4979 οὐσίας

388 5006 482 5059 τοῦ
516 5005 750 5077 Πατρὸς.
784 5006 973 5058 τοῦτον
1016 5005 1179 5059 αὑτὸν
1225 5006 1315 5060 τὸν
1359 5006 1514 5075 λόγον
1548 5003 1685 5060 εἶναι
1718 5008 1977 5079 τιθέμεθα

387 5096 483 5148 καὶ
540 5096 639 5166 τῆς
692 5095 785 5147 τοῦ
856 5094 987 5147 Υίοῦ
1055 5096 1260 5159 οὐσίας.
1319 5096 1543 5150 Μακεό.
1602 5096 1761 5150 Ἀλλά
1820 5096 1978 5152 τοῦτο

386 5187 486 5240 οὐκ
542 5186 690 5240 ἐστιν
751 5186 1066 5256 όμοούσιον,
1115 5187 1251 5240 ἀλλὰ
1302 5186 1658 5258 ὁμοιοούσιον.
1705 5190 1859 5256 Ὀρθ.
1902 5188 1975 5243 Τὸ

386 5280 743 5352 όμοιοούσιον,
792 5281 857 5333 ἵν’
892 5279 1065 5343 οὕτως
1098 5282 1255 5342 εἴπω,
1288 5280 1545 5350 ἄγροικος
1593 5278 1751 5347 σοφία
1794 5279 1973 5331 ἐστίν·

384 5372 458 5437 ὡς
501 5373 597 5427 ἐὰν
626 5373 758 5445 λέγῃ
789 5391 873 5435 τις
916 5373 1007 5427 τὸν
1056 5373 1359 5444 όμότροπον
1392 5373 1766 5444 ὁμοιότροπον,
1818 5371 1850 5441 ἢ
1884 5371 1975 5426 τὸν

382 5466 620 5536 ὁμογενῆ
658 5466 969 5537 ὁμοιογενῆ,
1002 5464 1034 5536 ἢ
1065 5464 1154 5519 τὸν
1183 5463 1437 5535 ὁμόδοξον
1466 5464 1795 5535 όμοιόδοξον,
1826 5464 1974 5535 ἢτὸν

381 5559 663 5631 ὁμόφρονα
695 5559 1045 5631 όμοιόφρονα.
1065 5556 1288 5612 Μακεδ.
1312 5556 1443 5611 Οὔκ·
1465 5558 1600 5612 ἀλλά
1640 5557 1698 5611 τὸ
1715 5558 1971 5629 όμοιοούο

379 5667 521 5705 mor
553 5651 648 5705 ἐπὶ
700 5651 809 5706 τῶν
840 5652 1177 5724 ἀσωμάτωνο
1210 5651 1269 5704 τὸ
1301 5651 1354 5704 δὲ
1390 5651 1713 5721 ὀμοούσιεν
1745 5650 1838 5705 ἐτιί
1866 5652 1973 5707 τῶν

2095 3283 2302 3345 posset.
2338 3272 2492 3329 Orth.
2544 3270 2636 3325 Sic
2681 3270 2863 3323 anima
2904 3282 3044 3337 opus
3094 3265 3310 3327 habuit,
3358 3271 3416 3317 ut
3464 3261 3668 3326 dolere,

2093 3366 2432 3431 contristari,
2468 3369 2529 3418 ut
2554 3375 2943 3431 expavescere,
3000 3367 3060 3413 ut
3097 3356 3241 3426 apud
3286 3354 3495 3410 inferos
3546 3367 3672 3407 esse

2094 3464 2299 3527 posset.
2337 3454 2453 3510 Hoc
2481 3461 2567 3511 est
2589 3454 2757 3517 enim,
2797 3453 3029 3521 formam
3061 3450 3194 3503 serti
3232 3448 3516 3515 accipiens,
3561 3459 3672 3497 non

2092 3551 2148 3604 in
2181 3562 2416 3617 corpore
2443 3546 2709 3600 duntaxat
2733 3558 2996 3613 apparere
3018 3580 3031 3603 ,
3064 3540 3156 3594 sed
3191 3537 3473 3592 servitutis
3503 3536 3670 3589 etiam

2092 3644 2380 3713 passiones
2411 3650 2714 3691 assumere.
2746 3633 2955 3687 Maced.
2997 3630 3248 3685 Formam
3280 3629 3421 3684 servi
3457 3643 3675 3682 assum-

2084 3734 2223 3804 psit,
2260 3730 2479 3801 quando
2506 3743 2727 3782 carnem
2768 3723 3090 3792 assumpsit.
3134 3721 3287 3776 Ort/t.
3329 3717 3527 3773 Forma
3581 3718 3673 3771 Dei

2092 3834 2250 3879 estne
2278 3823 2515 3892 perfecta
2535 3820 2626 3873 Dei
2648 3817 2861 3871 forma?
2894 3814 3104 3868 Maced.
3124 3813 3319 3866 Etiam.
3356 3809 3508 3865 Orth.
3532 3808 3674 3878 Ergo

2090 3927 2144 3973 et
2171 3918 2342 3971 forma
2383 3917 2547 3976 servi,
2566 3910 2804 3982 perfecta
2822 3909 2965 3965 servi
2987 3907 3157 3960 forma
3175 3912 3277 3959 est.
3296 3903 3435 3957 Hinc
3450 3901 3595 3956 enim
3619 3908 3673 3954 et

2091 4015 2283 4079 stupor
2300 4014 2353 4061 et
2367 4006 2521 4061 dolor
2538 4013 2590 4058 et
2609 4018 2800 4073 angor,
2818 4000 2961 4070 quod
2978 3998 3148 4052 forma
3166 3995 3306 4050 servi
3324 3992 3562 4064 perfecta
3577 3991 3669 4045 sit.

2088 4103 2267 4172 Atque
2285 4101 2402 4156 haec
2417 4107 2500 4155 cst
2518 4098 2637 4153 ovis
2655 4097 2747 4150 illa
2764 4110 2927 4165 quam
2942 4092 3034 4163 qui
3049 4091 3242 4161 quaerit
3264 4096 3316 4143 et
3340 4085 3566 4151 invenit,
3587 4100 3673 4138 su.

2091 4209 2188 4265 per
2205 4194 2465 4247 humeros
2485 4190 2607 4249 fert,
2624 4204 2733 4242 non
2755 4194 2812 4240 ut
2830 4201 2942 4240 rem
2962 4186 3201 4246 inanem,
3223 4180 3316 4236 sed
3333 4178 3531 4233 animal
3555 4177 3673 4230 ani-

2089 4292 2320 4346 matum,
2343 4283 2665 4354 permittens
2683 4280 2759 4334 illi
2794 4287 2853 4333 ut
2880 4274 3401 4348 passioneshabeat,
3419 4286 3527 4326 non
3552 4269 3673 4323 illas

2089 4376 2309 4445 quidem
2325 4375 2558 4445 peccati,
2578 4372 2673 4429 sed
2696 4382 2929 4425 naturae:
2957 4385 3023 4424 ne
3043 4366 3330 4439 phantasia
3350 4380 3473 4419 esse
3490 4362 3676 4417 existi-

2089 4475 2289 4531 metur,
2318 4466 2628 4520 etinsaniat
2652 4462 3007 4516 Manichacus.
3042 4456 3252 4511 Maced.
3292 4452 3674 4509 Concedamus

2378 4556 2558 4609 anima
2582 4553 2807 4622 pulchre
2830 4558 2883 4605 te
2913 4550 3221 4612 disserere;
3255 4543 3350 4599 sed
3382 4540 3511 4611 quid
3543 4555 3677 4593 cau-

2089 4664 2164 4706 sae
2192 4655 2278 4705 est
2329 4662 2428 4701 cur
2451 4641 2976 4700 consubstantialem
3026 4636 3218 4689 Filium
3252 4633 3401 4686 Patri
3434 4631 3676 4685 dicatis?

2093 4742 2243 4798 Orib.
2276 4740 2415 4807 Quia
2446 4752 2609 4809 quam
2642 4733 2846 4789 dixeris
2888 4745 3010 4785 esse
3052 4728 3323 4782 rationem
3354 4722 3676 4779 substantia:

2089 4832 2284 4898 Patris,
2326 4846 2445 4887 eam
2501 4832 2673 4899 ipsam
2709 4833 2762 4880 et
2814 4822 3133 4879 substantia:
3165 4817 3285 4873 Filii
3318 4832 3440 4872 esse
3480 4816 3676 4871 statui-

2090 4943 2231 4982 mus.
2264 4923 2470 4979 Maced.
2509 4921 2616 4976 Sed
2651 4919 2779 4973 illud
2804 4934 2913 4972 non
2935 4924 3017 4972 est
3050 4909 3539 4973 consubstantiale,
3577 4908 3677 4963 sed

2089 5018 2395 5077 substantia
2442 5015 2639 5071 simile.
2694 5011 2848 5069 Orth.
2918 5008 3109 5063 Simile
3141 5004 3448 5064 substantia
3478 5013 3584 5073 cst,
3618 5010 3679 5059 ut

2092 5114 2168 5169 ita
2198 5114 2401 5175 dicam,
2466 5107 2700 5181 agrestis
2751 5105 3019 5177 sapientia
3054 5122 3067 5158 :
3115 5109 3174 5155 ut
3210 5101 3256 5157 si
3288 5101 3412 5172 quis
3459 5097 3682 5165 dixerit,

2092 5201 2237 5272 quod
2270 5200 2411 5255 idem
2445 5198 2517 5253 sit
2546 5196 2709 5253 unius
2742 5196 2911 5249 moris
2957 5200 3010 5249 et
3044 5191 3238 5247 similis
3264 5190 3457 5254 moris,
3510 5188 3681 5242 idem-

2095 5308 2199 5361 que
2229 5289 2393 5343 unius
2430 5286 2648 5358 generis
2679 5296 2732 5340 et
2759 5285 2954 5340 similis
3006 5282 3242 5354 generis,
3298 5282 3461 5336 unius
3493 5277 3679 5348 gloriae

2091 5392 2146 5439 et
2177 5383 2372 5439 similis
2403 5381 2611 5452 gloriae,
2650 5362 3145 5435 unius’sententize
3199 5386 3251 5430 et
3306 5370 3498 5429 similis
3549 5385 3677 5425 sen-

2091 5478 2293 5531 tentire.
2328 5473 2539 5529 Maced.
2560 5473 2936 5543 Nequaquam,
2956 5469 3051 5525 sed
3070 5466 3371 5522 substantia
3403 5460 3580 5515 simile
3610 5459 3678 5514 de

2092 5570 2454 5637 incorporeis,
2487 5564 2940 5622 consubstantiale
2981 5562 3046 5617 de
3088 5556 3414 5627 corporibus
3449 5553 3671 5605 dicitur.

2095 5659 2246 5713 Oxtlz.
2285 5656 2402 5711 Dixi
2425 5663 2691 5727 agrestem
2724 5668 2847 5708 esse
2878 5648 3198 5723 sapientiam
3227 5666 3238 5699 :
3274 5645 3454 5716 potius
3477 5642 3677 5713 quippe

462 5863 477 5894 ‘
509 5860 649 5916 Psal.
680 5877 814 5929 Lvu,
849 5861 900 5927 5,
923 5862 978 5917 6.
1054 5861 1073 5893 '
1109 5858 1228 5915 Act.
1266 5874 1324 5924 ιι,
1356 5857 1415 5913 ’51
1447 5876 1460 5926 ;
1519 5857 1666 5914 Psat.
1700 5876 1789 5926 xv,
1826 5860 1910 5915 l0.

2093 5878 2139 5916 a.
2179 5880 2294 5932 Lm,
2328 5865 2517 5920 10-12.
