4082 6392
369 324 493 387 885·
1343 327 1718 391 PANOPLIA
1758 327 2215 390 DOGMATICA.
2256 352 2322 364 -
2361 326 2507 389 TiT.
2551 330 2708 394 XIV.
3550 336 3659 403 885

374 440 590 504 πικῶς·
628 440 825 506 θεῖκῶς
876 442 998 513 μὲν,
1042 444 1123 497 ὅτι
1170 442 1342 515 χωρὶς
1399 442 1632 514 ἀνδρός·
1677 416 1962 515 ἀνθρωπι-

2074 443 2287 505 dixerit,
2320 442 2543 506 divino.
2585 446 2715 516 quia
2755 461 2959 519 apsque
3002 448 3101 503 viri
3147 462 3348 518 opera;
3392 450 3659 520 humano,

370 534 489 597 κῶς
540 533 616 598 δὲ,
674 535 757 588 ὅτι
814 535 965 607 νόμῳ
1030 535 1316 608 κυήσεως,
1375 537 1575 607 ὁμοίως
1640 535 1824 601 ἄθεος.
1890 536 1959 591 Εἴ

2074 538 2190 606 quia
2246 537 2473 592 humani
2510 546 2812 609 conceptus
2843 540 2988 611 lege.
3020 556 3176 611 aeque
3212 541 3408 599 atheus
3456 552 3562 599 est.
3598 543 3658 600 Si

370 642 460 688 τις
509 624 914 681 διαπεπλασθαι
961 627 1053 682 τὸν
1088 629 1401 699 ἄνθρωπον,
1433 625 1534 682 εἷθ’
1569 628 1958 682 ὑποδεδυκωαι

2074 630 2193 700 quis
2220 628 2513 685 formatum
2570 630 2846 686 hominem
2899 632 3091 696 fuisse,
3142 634 3423 704 Deumque
3468 644 3658 706 postea

375 718 525 784 λέγοι
586 717 741 777 Θεὸν,
810 716 1156 787 κατάκριτος.
1219 719 1295 771 Οὐ
1364 721 1460 789 γὰρ
1517 720 1769 790 γέννησις
1826 714 1961 774 Θεοῦ

368 808 527 861 τοῦτό
567 810 746 869 ἐστιν,
790 807 927 861 ἀλλά
969 807 1113 878 φυγὴ
1159 810 1486 880 γεννήσεως.
1527 810 1594 862 Et
1629 828 1714 874 τις
1751 810 1963 880 εἰσάγει

368 901 464 954 δύο
500 901 683 963 Υἱοὺς,
710 900 807 953 ἕνα
837 900 935 970 μὲν
960 900 1052 953 τὸν
1084 902 1147 952 ὲκ
1174 900 1309 953 Θεοῦ
1334 901 1428 953 καὶ
1450 902 1684 973 Πατρὸς,
1710 902 1962 973 δεύτερον

368 991 430 1043 δὲ
460 991 549 1043 τὸν
589 993 652 1043 ἐκ
691 991 787 1059 τῆς
830 990 1055 1061 μητρὸς,
1094 990 1207 1042 ἀλλ’
1241 990 1363 1061 οὐχὶ
1394 992 1489 1046 ἕνα
1524 992 1737 1046 καὶτὸν
1775 992 1958 1057 αὑτὸν,

368 1078 467 1132 καὶ
513 1078 611 1149 τῆς
660 1079 931 1140 υἱοθεσίας
976 1079 1200 1132 ἐκπέσοι
1238 1078 1339 1149 τῆς
1379 1080 1795 1152 ἐπηγγελμένης
1845 1085 1959 1147 τοῖς

368 1171 545 1241 ὀρθῶς
599 1169 932 1224 πιστεύουσι.
989 1168 1184 1233 Φύσεις
1232 1172 1329 1241 μὲν
1381 1171 1490 1243 γὰρ
1540 1172 1635 1226 δύο
1680 1173 1812 1234 Θεὸς
1862 1173 1957 1228 καὶ

365 1262 678 1332 ἄνθρωπος,
710 1260 833 1313 ἐπεὶ
866 1260 960 1313 καὶ
990 1260 1135 1332 ψυχὴ
1178 1262 1271 1314 καὶ
1301 1261 1463 1332 σῶμα
1514 1275 1529 1292 ·
1666 1264 1771 1316 υἱοὶ
1810 1264 1957 1318 δὲηού

364 1353 483 1417 δύο,
521 1352 642 1404 οὐδὲ
675 1352 818 1406 Θεοί.
860 1352 993 1405 Οὐδὲ
1028 1352 1137 1424 γὰρ
1174 1352 1409 1406 ἐνταῦθα
1441 1354 1534 1407 δύο
1572 1354 1866 1426 ἄνθρωποι,
1908 1357 1957 1409 ει

366 1447 464 1499 καὶ
490 1444 664 1509 οὕτως
696 1447 724 1498 ὁ
759 1444 966 1507 Παῦλος
1008 1446 1068 1498 τὸ
1093 1445 1243 1509 ἐντὸς
1284 1445 1375 1499 τοῦ
1424 1446 1730 1518 ἀνθρώπου,
1766 1451 1860 1500 καὶ
1896 1448 1965 1502 ea

364 1538 526 1601 ὲκτδς
573 1537 1002 1609 προσηγόρευσε.
1056 1538 1166 1591 Καὶ
1217 1540 1265 1591 εἰ
1310 1539 1391 1592 δεῖ
1436 1539 1718 1610 συντόμως
1753 1540 1950 1605 εἰπεῖν,

364 1628 497 1681 ἄλλο
522 1628 620 1698 μὲν
647 1629 741 1681 καὶ
771 1628 897 1682 ἄλλο
915 1627 983 1681 τὰ
1009 1627 1067 1695 ὲξ
1091 1620 1165 1681 ὧν
1189 1630 1217 1682 ὁ
1243 1629 1435 1700 Σωτὴρ
1458 1628 1639 1701 (εἴπερ
1663 1630 1739 1700 μὴ
1763 1630 1955 1683 ταυτὸν

364 1720 431 1772 τὸ
454 1720 686 1790 ἀόρατον
714 1720 791 1789 τῷ
819 1719 1024 1791 ὁρατῷ,
1072 1721 1167 1773 καὶ
1202 1721 1262 1773 τὸ
1297 1722 1523 1792 ἄχρονον
1564 1721 1642 1791 τῷ
1683 1722 1789 1775 ὑπὸ
1829 1721 1957 1792 χρόα

364 1812 512 1877 νον),
558 1812 657 1863 οὐκ
694 1811 852 1874 ἄλλος
886 1811 943 1864 δὲ
993 1813 1086 1865 καὶ
1121 1812 1298 1876 ἄλλος’
1348 1812 1423 1883 μὴ
1454 1812 1683 1880 γένοιτο.
1728 1812 1810 1866 Τὰ
1845 1812 1957 1883 γὰρ

364 1904 654 1975 ἀμφότερα
684 1902 741 1957 ἓν
778 1906 844 1974 τῇ
887 1903 1187 1973 συγκράσει
1222 1937 1240 1963 .
1386 1904 1522 1957 Θεοῦ
1556 1905 1654 1974 μὲν
1686 1902 1955 1975 ὲνανθρω-

365 1998 665 2065 στήσαντος,
716 1993 1003 2063 ἀνθρώπου
1048 1995 1105 2047 δὲ
1148 1993 1460 2060 θεωθέντος,
1499 1996 1533 2066 ἢ
1584 1997 1733 2058 ὅπως
1770 1996 1836 2049 ἄν
1868 2012 1955 2057 τις

365 2086 678 2155 ὀνομάσειε.
720 2085 880 2152 Λέγω
918 2086 974 2138 δὲ
1018 2086 1147 2141 ἄλλο
1183 2088 1274 2139 καὶ
1303 2086 1432 2139 ἄλλο
1482 2124 1503 2152 π
1646 2086 1885 2156 ἔμπαλιν
1921 2086 1957 2156 ἦ

367 2175 465 2228 ἐπὶ
514 2176 613 2246 τῆς
663 2174 892 2247 Τριάδος
945 2175 1078 2246 ἔχει.
1136 2178 1281 2230 Ἑκεῖ
1337 2178 1436 2247 μὲν
1483 2178 1592 2249 γὰρ
1649 2178 1806 2241 ἄλλος
1861 2178 1956 2231 καὶ

368 2267 560 2330 ἄλλος,
592 2267 677 2318 ἵνα
710 2266 784 2337 μὴ
817 2266 915 2329 τὰς
956 2268 1285 2330 ὑποστάσεις
1313 2268 1649 2338 συγχέωμεν·
1688 2270 1789 2321 οὐκ
1828 2268 1956 2322 ἄλλο

368 2360 428 2413 δὲ
457 2359 553 2413 καὶ
581 2359 729 2423 ἄλλο,
767 2359 823 2411 ἓν
846 2358 952 2428 γὰρ
980 2359 1046 2412 τὰ
1078 2361 1204 2429 τρία
1233 2360 1327 2413 καὶ
1354 2359 1552 2413 ταυτὸν
1576 2362 1643 2430 τῇ
1669 2359 1903 2430 θεότητι.

2076 716 2315 770 subiisse
2343 714 2512 778 dicat,
2543 714 2882 771 damnationi
2921 719 3196 773 obnoxius
3227 728 3333 773 cst.
3368 719 3480 774 Hoc
3509 722 3660 776 enim
3725 746 3742 757 κ

2076 820 2188 860 non
2220 803 2315 861 Dei
2342 805 2622 875 generatio
2663 807 2851 871 fuerit,
2877 807 2972 863 sed
3006 811 3377 879 generationis
3412 812 3560 882 fuga.
3594 812 3654 868 Si

2076 898 2203 967 quis
2231 895 2371 952 duos
2406 896 2567 963 ﬁlios,
2598 898 2828 951 alterum
2866 914 2933 952 ex
2966 897 3079 953 Deo
3118 909 3172 953 et
3204 898 3384 965 Patre,
3420 902 3655 957 alterum

2075 1001 2140 1040 ex
2172 993 2364 1046 matre,
2397 1001 2506 1040 non
2540 993 2722 1041 autem
2756 1003 2925 1041 unum
2950 994 3115 1057 atque
3143 988 3396 1043 etuudem
3422 989 3655 1045 induxe-

2077 1080 2173 1141 rit,
2209 1077 2256 1132 is
2286 1079 2353 1132 ab
2382 1094 2443 1132 ea
2488 1094 2710 1148 quoque
2746 1078 2980 1133 ﬁliorum
3010 1079 3309 1151 adoptione
3349 1081 3364 1110 '
3410 1081 3656 1149 excidat,

2077 1184 2198 1239 qua:
2226 1178 2377 1225 recte
2414 1169 2768 1225 credentibus
2801 1170 3073 1241 promissa
3090 1180 3193 1228 est.
3226 1172 3485 1238 Quamvis
3506 1175 3654 1229 enim

2076 1260 2200 1317 diue
2229 1268 2439 1315 natura:
2479 1264 2589 1316 sint
2627 1261 2770 1316 Deus
2814 1270 2868 1316 et
2899 1261 3082 1325 homo,
3113 1262 3315 1334 quippe
3340 1265 3431 1333 qui
3472 1265 3655 1319 anima

2080 1353 2150 1408 tit
2177 1360 2232 1407 et
2260 1368 2483 1422 corpus,
2520 1367 2629 1406 non
2666 1362 2848 1407 tamen
2884 1352 2994 1406 duo
3031 1352 3124 1406 ﬁlii
3159 1361 3215 1408 et
3244 1355 3316 1408 dii
3350 1374 3361 1408 :
3393 1358 3656 1423 quemad-

2084 1445 2300 1499 modum
2348 1461 2416 1499 ne
2451 1444 2539 1499 hic
2574 1444 2791 1515 quidem
2826 1445 2935 1499 duo
2969 1444 3243 1508 homines,
3268 1448 3483 1501 tametsi
3511 1446 3658 1501 Pan-

2080 1536 2165 1594 lus
2195 1539 2260 1592 ad
2294 1538 2439 1593 hunc
2470 1536 2690 1591 modum
2728 1536 3000 1591 internam
3028 1544 3082 1591 et
3103 1545 3386 1591 externam
3418 1539 3657 1597 hominis

2078 1636 2288 1698 partem
2324 1629 2678 1698 appellaverit
2730 1632 2771 1682 '.
2804 1631 2998 1697 Atque,
3038 1634 3097 1680 ut
3136 1627 3328 1697 paucis
3359 1644 3469 1683 rem
3500 1644 3656 1684 coin-

2080 1721 2310 1790 plectar,
2344 1720 2494 1774 aliud
2521 1720 2741 1791 quidem
2786 1727 2950 1789 atque
2977 1720 3127 1773 aliud
3156 1727 3289 1774 sunt
3324 1734 3412 1787 ea,
3447 1736 3511 1774 ex
3536 1722 3660 1792 qni-

2081 1816 2183 1870 bus
2216 1816 2489 1877 Salvator,
2663 1814 2890 1885 (quippe
2927 1829 3051 1868 cum
3088 1829 3194 1867 non
3230 1814 3370 1868 idem
3401 1815 3473 1870 sit
3510 1816 3654 1885 quod

2079 1906 2232 1961 cerni
2265 1922 2373 1960 non
2405 1915 2610 1975 potest,
2651 1921 2781 1959 cum
2807 1920 2873 1960 eo
2904 1904 3049 1975 quod
3084 1905 3137 1957 in
3176 1914 3456 1974 aspectum
3486 1907 3657 1972 cadit;

2077 2006 2132 2053 et
2167 1998 2311 2069 quod
2358 1997 2623 2067 temporis
2675 2012 2871 2066 expers
2910 2006 3027 2061 est,
3069 2012 3193 2051 cum
3236 2012 3299 2051 eo
3333 1997 3497 2066 quod.
3525 2006 3659 2053 tem-

2080 2090 2198 2161 pori
2228 2090 2451 2160 subest)
2489 2105 2502 2140 :
2566 2103 2675 2143 non
2699 2097 2882 2145 tamen
2909 2090 3064 2145 alius
3085 2096 3247 2159 atque
3269 2090 3410 2145 alius
3436 2105 3449 2141 :
3486 2090 3652 2146 absit.

2077 2182 2255 2237 Ambo
2283 2181 2429 2237 enim
2462 2181 2575 2236 hac
2597 2181 2938 2237 connexione
2962 2197 3130 2237 unum
3158 2191 3308 2249 sunt,
3342 2183 3454 2239 Deo
3486 2184 3654 2238 nimi-

2079 2288 2199 2327 rum
2233 2272 2651 2335 humanitatem,
2675 2278 2839 2343 atque
2865 2272 3083 2328 homine
3106 2273 3443 2330 divinitatem
3476 2276 3657 2330 susci-

2080 2364 2286 2433 piente,
2340 2371 2435 2418 aut
2482 2377 2810 2433 quocunque
2855 2362 3072 2418 tandem
3107 2364 3329 2419 nomine
3374 2365 3665 2434 quispiam

378 2452 462 2506 uti
521 2451 693 2505 malit.
726 2450 895 2504 Porro
929 2451 1077 2505 aliud
1110 2458 1165 2506 et
1193 2451 1342 2506 aliud
1370 2452 1514 2516 dico,
1549 2460 1745 2510 contra
1778 2471 1942 2525 quam
1980 2456 2033 2510 in
2064 2456 2331 2513 Trinitato
2358 2473 2447 2513 res
2482 2459 2664 2514 habet.
2696 2458 2809 2513 Illic
2840 2461 2987 2515 enim
3048 2461 3201 2515 alius
3249 2470 3412 2531 atque
3476 2460 3643 2524 alius,

376 2559 450 2597 ne
485 2556 751 2613 personas
774 2539 1177 2598 confundamus
1206 2557 1353 2598 :uon
1382 2551 1570 2600 autem
1602 2545 1751 2600 aliud
1818 2556 1980 2616 atque
2015 2547 2187 2611 aliud,
2268 2550 2531 2617 quoniam
2578 2551 2682 2603 tria
2736 2551 2915 2620 quoad
2970 2552 3315 2608 divinitatem
3363 2569 3533 2609 unum
3580 2562 3657 2609 εις

376 2634 525 2691 idem
558 2643 707 2689 sunt.

454 2727 524 2780 Et
544 2743 649 2789 τις,
678 2725 756 2789 ὡς
783 2725 842 2778 ὲν
874 2724 1129 2795 προφήτῃ
1148 2762 1163 2784 ,
1193 2724 1341 2793 λέγοι
1370 2722 1515 2777 κατὰ
1546 2723 1705 2794 χάριν
1736 2724 1971 2797 ἐνηργη-

377 2819 567 2883 κέναι,
611 2815 750 2870 ἀλλά
811 2814 885 2886 μὴ
915 2816 1036 2868 κατ’
1080 2814 1267 2868 οὐσίαν
1306 2814 1578 2885 συνῆφθαι
1616 2831 1675 2867 τε
1710 2816 1804 2869 καὶ
1844 2834 1971 2871 συν-

377 2898 669 2974 άπτεσθαι,
701 2906 785 2978 εἴη
814 2906 969 2970 κενὸς
991 2906 1090 2976 τῆς
1117 2906 1423 2977 κρείττονος
1443 2906 1738 2977 ἐνεργείας,
1772 2908 1972 2977 μᾶλλον

374 3002 437 3056 δὲ
483 3000 700 3071 πλήρης
747 2998 845 3067 τῆς
888 2998 1155 3062 δναντίας.
1206 2998 1273 3050 Et
1300 3014 1383 3061 τις
1423 2997 1498 3068 μὴ
1545 3000 1839 3069 προσκυνεῖ
1878 2997 1973 3051 τὸν

382 3090 819 3162 ἐσταυρωμένον,
871 3088 1121 3159 ἀνάθεμα
1165 3086 1329 3151 ἔστω,
1388 3089 1484 3142 καὶ
1531 3088 1777 3160 τετάχθω
1833 3090 1972 3161 μετά

382 3183 497 3238 τῶν
529 3182 848 3237 θεοκτόνων.

385 3275 422 3345 ἦ
456 3272 597 3346 μετά
631 3274 696 3327 τὸ
717 3272 1019 3343 βάπτισμα,
1046 3272 1080 3342 ἢ
1115 3271 1251 3342 μετὰ
1279 3272 1376 3343 τὴν
1409 3273 1473 3325 ὲκ
1500 3273 1711 3344 νεκρῶν
1736 3274 1971 3327 ἀνάστα·-

389 3384 477 3421 σιν
508 3366 781 3430 υἱοθεσίας
810 3364 1073 3435 ἠξιῶσθαι
1100 3363 1271 3432 λέγοι,
1307 3364 1557 3435 καθάπερ
1584 3363 1678 3428 οὒς
1710 3356 1971 3437 Ἕλληνες

383 3457 851 3529 παρεγγράπτους
885 3457 1194 3525 εἰσάγουσιν
1239 3492 1258 3517 ,
1409 3457 1659 3527 ἀνάθεμα
1701 3457 1859 3512 ἔστω.
1896 3458 1969 3511 Τὸ

382 3544 496 3615 γὰρ
552 3545 854 3615 ἠργμένον,
899 3545 933 3617 ἢ
990 3543 1326 3617 προκόπτον,
1382 3543 1416 3614 ἢ
1468 3544 1871 3613 τελειούμενον,
1914 3544 1975 3596 οὐ

389 3637 544 3705 Θεὸς,
601 3638 706 3696 κᾶν
761 3639 852 3694 διὰ.
904 3640 1005 3710 τὴν
1058 3639 1201 3692 κατὰ
1255 3636 1457 3709 μικρὸν
1509 3637 1781 3701 ἀνάδειξιν
1838 3634 1979 3689 οὕτω

386 3731 638 3803 λέγηται.
672 3732 739 3785 Et
765 3749 850 3795 τις
883 3729 1271 3785 ἀποτεθεῖσθαι
1316 3729 1415 3783 νῦν
1446 3729 1547 3800 τὴν
1596 3729 1761 3798 ἁγίαν
1797 3729 1980 3799 σάρκα

382 3824 558 3895 λέγοι,
598 3824 691 3878 καὶ
723 3824 939 3895 γυμνὴν
966 3820 1105 3877 εἶναι
1140 3824 1240 3894 τὴν
1290 3822 1521 3893 θεότητα
1552 3820 1651 3876 τοῦ
1698 3822 1979 3892 σώματος,

384 3920 528 3974 ἀλλὰ
579 3919 655 3989 μὴ
706 3920 846 3988 μετά
900 3918 997 3971 τοῦ
1040 3917 1477 3987 πρωλήμματος
1531 3916 1629 3971 καὶ
1682 3914 1846 3981 εἶναι,
1884 3918 1980 3969 καὶ

384 4019 564 4087 ἥξειν,
609 4017 684 4085 μὴ
714 4016 813 4069 ἴδοι
848 4014 948 4085 τὴν
990 4012 1150 4079 δόξαν
1176 4013 1277 4083 τῆς
1303 4013 1613 4085 παρουσίας
1652 4012 1842 4066 αὑτοῦ.
1873 4010 1981 4066 Ποῦ

385 4110 503 4179 γὰρ
552 4109 614 4161 τὸ
648 4108 813 4179 σῶμα
863 4106 980 4174 νῦν,
1010 4107 1061 4159 εἰ
1099 4105 1174 4175 μὴ
1211 4105 1349 4175 μετά
1397 4104 1493 4159 τοῦ
1540 4102 1978 4175 προσλαϐόντοςς

386 4202 451 4256 οὐ
498 4200 609 4270 γὰρ
652 4199 717 4269 δὴ
757 4198 898 4252 κατά
937 4198 1065 4261 τοὺς
1119 4197 1437 4267 Μανιχαξων
1479 4195 1684 4265 λήρους
1730 4196 1809 4264 τῷ
1845 4194 1983 4265 ἡλίῳ

387 4292 824 4356 ἔναποτέθειται,
892 4291 979 4344 ἴνα
1047 4290 1257 4361 τιμηθῇ
1313 4290 1403 4344 διὰ
1467 4289 1571 4359 τῆς
1628 4288 1892 4359 ἀτιμίας·
1946 4288 1982 4359 ἦ

388 4386 473 4446 εἰς
520 4383 613 4436 τὸν
654 4383 793 4453 ἀέρα
836 4382 996 4452 ὲχέθη
1046 4382 1144 4433 καὶ
1191 4380 1433 4449 διελύθη,
1467 4381 1544 4442 ὡς
1576 4381 1762 4450 φωνῆς
1798 4380 1985 4448 φύσις,

385 4462 487 4515 καὶ
519 4460 687 4531 ὀδμῆς
723 4446 899 4530 ῥύσις,
932 4446 1023 4511 καὶ
1056 4457 1345 4528 ἀστραπῆς
1375 4446 1966 4527 δρόμοςόὐχλσὼμέ-

2074 4452 2226 4523 juxta
2260 4452 2680 4506 Manichaeorum
2716 4450 2906 4504 deliria

388 4567 510 4621 νης.
555 4550 663 4603 Ποῦ
704 4550 759 4601 δὲ
810 4549 902 4603 καὶ
946 4548 1007 4600 τὸ
1055 4546 1441 4618 ψηλαφηθῆναι
1488 4544 1649 4599 αὐτὸν
1696 4546 1833 4615 μετὰ
1876 4544 1975 4615 τὴν

389 4642 706 4703 ἀνάστασιν,
738 4638 770 4711 ἢ
801 4638 1134 4711 ὀφθήσεσθαί
1169 4652 1299 4691 ποτε
1330 4637 1436 4689 ὑπὸ
1475 4635 1582 4688 τῶν
1612 4634 1975 4703 ὲκκεντησάν-

388 4752 529 4799 των;
566 4733 758 4804 θεότης
806 4732 915 4801 γὰρ
964 4729 1087 4783 καθ’
1132 4729 1332 4793 ἑαυτὴν
1383 4729 1632 4799 ἀόρατος.
1677 4725 1816 4777 Ἀλλ’
1856 4724 1975 4795 ῆξει

394 4825 494 4896 μὲν
531 4824 669 4894 μετὰ
704 4822 798 4876 τοῦ
838 4821 1110 4892 σώματος,
1150 4821 1224 4883 ὡς
1256 4820 1387 4889 tua;
1423 4818 1599 4887 λόγος,
1645 4815 1882 4877 τοιοῦτος
1919 4815 1976 4867 δὲ

390 4910 501 4978 οἷος
527 4914 682 4985 ὤφθη
717 4908 828 4976 τοῖς
860 4911 1127 4982 μαθηταῖς
1164 4912 1219 4965 ὲν
1257 4909 1335 4981 τῷ
1367 4910 1504 4980 ὄρει,
1550 4908 1582 4979 ἥ
1621 4904 1970 4977 παρεδείχθη,

391 5004 773 5076 ὕπερνικὼσης
817 5003 879 5055 τὸ
922 5002 1143 5074 σαρκίον
1192 5002 1290 5071 τῆς
1338 5000 1606 5068 θεότητος.
1657 4999 1867 5068 Ὠσπερ
1917 4997 1975 5049 δὲ

390 5095 567 5149 ταῦτα
594 5095 825 5165 λέγομεν
859 5090 1358 5162 ἀποσκευαζόμενοι
1391 5089 1488 5161 τὴν
1523 5089 1801 5153 ὑπόνοιαν,
1832 5087 1977 5141 οὕτω

392 5190 621 5242 κάκεῖνα
649 5190 933 5259 γράφομεν
956 5186 1325 5259 διορθούμενοι
1348 5185 1444 5257 τὴν
1472 5181 1844 5253 καινοτομίαν.

2138 2720 2194 2775 Si
2222 2722 2346 2791 quis
2372 2721 2715 2785 divinitatem
2747 2724 2804 2779 in
2832 2739 2922 2791 eo,
2952 2726 3104 2783 velut
3130 2744 3186 2783 In
3218 2730 3507 2801 propheta,
3548 2748 3648 2802 per

2066 2813 2298 2885 gratiam
2354 2819 2634 2885 operatam
2680 2814 2879 2881 fuisse,
2928 2832 3039 2872 non
3098 2828 3279 2875 autem
3338 2822 3643 2879 secundum

2063 2906 2359 2963 essentiam
2390 2907 2693 2977 copulatam
2727 2907 2898 2966 fuisse
2934 2919 3098 2982 atque
3130 2912 3375 2983 copulari
3424 2913 3642 2979 dixerit,

2065 3010 2098 3051 ι
2134 2998 2503 3067 ρι’κειεηιίοιιί
2568 2997 2757 3054 aﬂlatu
2798 3016 3008 3058 vacuus
3052 3004 3144 3067 sit,
3204 3005 3316 3064 imo
3361 3006 3644 3063 contrario

2066 3084 2377 3157 impleatur.
2404 3086 2461 3142 Si
2485 3088 2611 3157 quis
2633 3087 2958 3144 cruciﬁxum
2983 3106 3091 3145 non
3113 3091 3325 3155 adorat,
3349 3094 3649 3150 anathema-

1023 3179 1093 3235 Εἴ
1116 3198 1198 3243 τις
1231 3180 1291 3244 ἐξ
1318 3180 1494 3250 ἔργων
1527 3181 1966 3253 τετελειωμένον,

2074 3178 2162 3243 sit,
2204 3187 2372 3249 atque
2424 3178 2480 3233 in
2522 3194 2714 3234 eorum
2750 3180 2841 3250 qui
2878 3179 3047 3236 Deum
3097 3182 3497 3239 interemerunt
3540 3199 3645 3238 nu-

2065 3285 2273 3325 merum
2301 3271 2641 3327 ascribatur.
2664 3270 2722 3324 Si
2746 3271 2870 3341 quis
2896 3288 3018 3327 eum
3060 3289 3127 3327 ex
3152 3275 3414 3345 operibus
3470 3275 3647 3346 perfe-

2066 3370 2214 3418 ctum
2234 3362 2256 3416 Γ
2258 3363 2424 3427 uisse,
2445 3370 2540 3418 aut
2562 3370 2686 3434 post
2707 3363 3063 3433 baptismum,
3078 3367 3162 3421 vel
3186 3370 3650 3425 resurrectionem

2066 3470 2097 3509 a
2124 3456 2379 3515 mortuis.
2426 3457 2480 3510 in
2532 3455 2705 3509 ﬁlium
2738 3456 3056 3524 adoptatum
3106 3458 3342 3515 dixerit.
3382 3462 3649 3528 quemad-

2068 3547 2289 3602 modum
2322 3562 2460 3616 qnos
2482 3546 2657 3600 Graeci
2680 3544 3023 3614 ascriptitios
3044 3544 3337 3606 inducunt,
3359 3544 3653 3598 anathema

2069 3639 2161 3693 sit.
2196 3636 2382 3706 Neque
2413 3640 2558 3691 enim
2591 3636 2669 3698 id,
2695 3635 2841 3705 quod
2884 3634 3100 3688 initium
3140 3634 3356 3698 habuit,
3400 3642 3494 3686 aut
3524 3649 3651 3703 pro—

2070 3725 2201 3789 ﬁcit,
2244 3734 2335 3779 aut
2380 3724 2680 3795 perﬁcitur,
2726 3721 2868 3777 Dens
2901 3730 2986 3777 est
3024 3738 3038 3772 :
3091 3722 3310 3776 tametsi
3347 3722 3461 3775 hsec
3489 3720 3555 3775 de
3582 3736 3649 3777 eo

2070 3815 2279 3870 idcirco
2326 3816 2605 3877 dicantur,
2637 3813 2782 3884 quod
2831 3812 3093 3884 paulatim
3143 3827 3265 3867 sese
3306 3796 3646 3882 patefecerit.

2073 3900 2132 3963 Si
2179 3909 2302 3979 quis
2347 3913 2593 3961 sanctam
2653 3920 2875 3959 carnem
2936 3919 3085 3957 nunc
3132 3903 3437 3972 depositam
3498 3917 3646 3967 esse,

2072 3999 2385 4067 nudamque
2442 4002 2506 4050 ac
2559 4010 2794 4065 corpore
2848 4000 3077 4048 vacuam
3125 3992 3469 4046 divinitatem
3501 4004 3645 4057 esse,

2072 4107 2182 4146 non
2211 4098 2391 4144 autem
2422 4104 2565 4148 .cum
2619 4094 2904 4156 assumpta
2938 4096 3125 4149 carne,
3162 4091 3216 4139 et
3249 4101 3394 4147 €859,
3431 4093 3486 4138 ει
3516 4101 3651 4139 VC"-

2074 4192 2249 4237 tnram
2297 4186 2421 4235 esse
2472 4179 2695 4242 dixerit,
2745 4177 3013 4231 adventus
3064 4175 3215 4229 illiu’s‘
3270 4175 3498 4245 gloriam
3539 4188 3650 4228 non

2074 4276 2283 4326 cernat.
2327 4268 2432 4324 Ubi
2462 4269 2606 4323 enim
2639 4282 2784 4323 nunc
2833 4274 3034 4337 corpus
3072 4265 3255 4329 fuerit,
3285 4263 3388 4320 nisi
3421 4268 3542 4319 cum
3586 4276 3651 4317 ea

2080 4370 2301 4424 natura,
2332 4377 2361 4415 a
2400 4377 2506 4430 qua
2536 4367 2879 4429 assumptum
2914 4358 3036 4412 est?
3080 4356 3195 4410 I\‘on
3241 4357 3386 4411 enim
3441 4356 3654 4410 scilicet

3067 4448 3169 4503 soli
3206 4446 3519 4517 impositum
3543 4454 3650 4509 est,

2077 4552 2136 4598 ut
2167 4560 2261 4614 per
2297 4544 2539 4598 dedecus
2572 4544 2873 4595 honoretnr
2905 4559 2918 4593 :
2956 4547 3047 4593 aut
3084 4540 3138 4592 in
3167 4554 3347 4593 aerem
3392 4539 3571 4593 fusum
3596 4545 3651 4590 ct

2074 4636 2403 4690 dissolutum
2429 4642 2536 4698 est,
2567 4644 2624 4688 ut
2654 4634 2805 4689 vocis
2836 4641 3052 4696 natura,
3085 4638 3137 4686 et
3163 4630 3349 4684 odoris
3379 4628 3567 4694 ﬁuxio,
3594 4634 3651 4683 et

2078 4725 2310 4796 fulguris
2364 4740 2561 4779 cursus
2618 4724 2843 4778 minime
2896 4720 3277 4777 consistentis.
3334 4718 3435 4773 Ubi
3479 4719 3649 4772 etiam

2075 4816 2208 4871 illud
2260 4830 2525 4886 ponemus
2599 4815 2744 4886 quod
2817 4815 2935 4885 ipse
2997 4818 3120 4884 post
3186 4810 3650 4866 resmredion'em

2079 4915 2365 4963 contactus
2403 4906 2574 4963 fuisse
2617 4908 2883 4961 s’ct‘ibitur
2938 4913 2983 4970 ³,
3035 4914 3130 4959 a‘ut
3163 4900 3232 4959 ab
3264 4903 3350 4964 iis.
3391 4902 3655 4973 a'quibu‘s

2080 4992 2329 5048 conﬁxus
2345 5001 2430 5049 est
2457 4994 2478 5027 ⁸
2510 5036 2523 5059 ,
2550 4995 2848 5065 aliquando
2876 4990 3195 5049 videbitur?
3209 4992 3473 5048 Divinifas
3505 4992 3652 5047 enim

2076 5102 2175 5157 per
2208 5101 2267 5140 se
2301 5086 2589 5140 ocuiornm
2646 5086 2907 5141 obtutum
2946 5084 3102 5155 ﬁtgit.
3139 5083 3347 5139 Verum
3370 5099 3507 5138 cum
3528 5096 3653 5137 cor-

2077 5190 2208 5251 pore
2236 5179 2477 5248 quidem,
2515 5186 2577 5233 ut
2612 5178 2812 5244 sentio,
2850 5177 3062 5242 veniet;
3101 5178 3229 5233 talis
3274 5180 3485 5240 autem,
3511 5186 3651 5244 qua-‘-

391 5280 461 5336 lis
491 5280 781 5352 discipulis
803 5282 860 5336 in
896 5288 1082 5335 monte
1118 5280 1392 5351 apparuit,
1422 5284 1517 5333 aut
1557 5277 1733 5333 obiter
1758 5284 2017 5331 ostensus
2055 5282 2143 5329 est
2183 5281 2232 5337 ⁸,
2268 5274 2558 5330 divinitate
2589 5288 2810 5330 carnem
2840 5278 3155 5343 superante.
3183 5268 3650 5338 Quemadmodum

392 5382 577 5429 autem
608 5372 721 5428 haec
770 5373 1093 5430 amoliendas
1137 5370 1475 5443 suspicionis
1523 5380 1692 5424 causa
1731 5367 1988 5434 dicimus,
2030 5366 2229 5424 sicilia
2266 5372 2492 5439 quoque‘
2522 5364 2834 5438 corrigendi
2865 5365 2997 5423 novi
3036 5364 3255 5421 erroris-
3285 5359 3467 5417 studio
3508 5360 3650 5413 suae

392 5466 599 5525 bimus.

452 5747 470 5780 ¹
512 5748 714 5816 Ephesi.
746 5768 784 5813 t,
825 5755 873 5809 5.

377 5818 402 5851 ⁸
423 5819 617 5878 Matth.
650 5838 783 5889 xm,
807 5826 863 5878 2.

998 5753 1018 5784 ⁸
1055 5751 1073 5807 l
1104 5751 1230 5808 Cor.
1261 5767 1351 5819 xv,
1385 5752 1487 5818 45;
1528 5751 1571 5809 ll
1604 5755 1731 5812 Cor.
1761 5770 1839 5824 ιν,
1882 5750 1982 5821 lti;
2013 5752 2217 5825 Ephe’s.
2252 5775 2338 5825 ιιι,
2374 5750 2459 5812 Ῐδ.

2570 5755 2589 5786 ³
2628 5755 2762 5811 Luc.
2795 5770 2944 5823 xxrv,
2975 5754 3066 5810 39.
3188 5753 3209 5788 ⁵
3243 5750 3413 5809 Zaclt.
3448 5767 3549 5821 xu,
3576 5736 3664 5806 (ό.
