4082 6434
390 324 516 389 889

1319 331 1693 392 PANO‘PLIA
1729 332 2184 398 DOGM'ATICA.
2223 360 2293 376 -
2333 339 2463 398 ΤΙ-Τ
2525 339 2678 406 XIV.

3545 347 3663 414 89‘}

392 440 818 507 ὲκοῖιιιῒομένων,
849 440 971 494 οὔτε
1017 444 1122 498 τῶν
1157 444 1430 514 αἰσθητῶν
1458 449 1864 522 ἐλαττουμένων
1896 454 1973 519 τῷ

2078 453 2276 506 rimum
2303 471 2495 510 vocum
2524 459 2672 511 auris
2699 475 2801 514 una
2835 476 3000 531 capax
3026 472 3130 528 cst,
3154 476 3207 521 et
3241 468 3530 524 multorum
3556 455 3651 526 ora

394 530 596 596 πλήθει
624 531 725 600 τῆς
759 533 1118 602 ἀντιλήψεως.

2078 545 2269 600 iisdem
2313 551 2576 618 aspectari
2619 553 2791 605 oculis
2826 566 3084 622 possunt,
3119 562 3423 628 odnresque
3452 561 3652 617 olfactu

390 624 584 675 endem
609 625 835 693 percipi,
866 626 936 680 ita
972 637 1027 682 ut
1061 644 1161 684 nec
1195 645 1388 686 sensus
1417 641 1605 688 mutuo
1633 636 2083 705 comprimantur,
2119 637 2201 692 vel
2232 641 2592 696 extrudantur
2619 685 2632 708 ,
2667 661 2764 698 nec
2799 662 2881 700 res
2917 650 3143 704 sensilcs
3185 653 3254 707 ob
3290 624 3656 723 perceptionis

390 715 604 782 copiam
638 718 1052 776 imminuantur.

460 825 570 878 Ποῦ
617 825 674 879 δὲ
716 827 820 880 καὶ⁴
861 828 1066 890 τέλειος
1118 828 1244 893 νοῦς
1302 831 1594 898 ἀνθρώπου
1637 832 1669 902 ἢ
1722 833 1975 902 ἀγγέλου,

388 915 670 986 συγκρίσει
703 914 975 986 θεότητος,
1023 917 1108 970 ἵνα
1137 918 1196 969 τὸ
1226 919 1411 991 ἕτερον
1443 920 1663 991 ἐκθλιϐῇ
1704 922 1976 993 παρουσίᾳ

386 1007 476 1060 τοῦ
516 1007 787 1076 μείζονοςς
812 1007 933 1058 οὐδὲ
965 1007 1070 1077 γὰρ
1094 1008 1235 1080 αὐγή
1264 1027 1316 1061 τι
1485 1010 1621 1082 πρὸς
1649 1012 1819 1081 ἣλιον,
1854 1013 1974 1064 οὐδὲ

385 1100 526 1162 νοτὶς
549 1098 705 1169 ὀλίγη
741 1093 875 1170 πρὸς
910 1099 1180 1168 ποταμὸν,
1225 1101 1312 1154 ἵνα
1342 1101 1408 1154 τὰ
1451 1102 1623 1172 μικρὰ
1663 1103 1973 1174 προανέλω-

386 1207 487 1260 μεν
515 1229 530 1250 ,
679 1189 830 1241 οἴκου
870 1186 966 1260 μέν
997 1191 1192 1265 αὐγὴν,
1227 1192 1332 1262 γῆς
1366 1193 1422 1245 δὲ
1464 1193 1664 1256 νοτίδα,
1700 1195 1795 1248 καὶ
1832 1193 1974 1246 οὕτω

385 1279 608 1351 χωρηῦῇ
643 1279 710 1332 τὰ
746 1281 914 1350 μείζω
948 1281 1040 1333 καὶ
1078 1281 1399 1352 τελεώτερα.
1438 1283 1561 1347 Πῶς
1589 1285 1697 1355 γὰρ
1733 1287 1976 1356 χωρήσει

384 1371 478 1424 δύο
511 1371 708 1433 τέλεια,
743 1367 893 1436 οἶκος
925 1373 1022 1444 μὲν
1053 1374 1232 1444 αὐγὴν
1261 1377 1356 1428 καὶ
1391 1376 1562 1446 ἥλιον,
1600 1377 1673 1446 γῆ
1705 1378 1760 1431 δὲ
1795 1377 1975 1430 νοτίδα

385 1464 481 1517 καὶ
516 1464 779 1535 ποταμὸν,
820 1465 976 1518 τοῦτο
1017 1465 1455 1538 διασκεψώμεθα·
1495 1467 1590 1521 καὶ
1630 1468 1737 1540 γὰρ
1773 1468 1975 1539 πολλῆς

384 1557 554 1618 διτως
592 1555 651 1608 τὸ
681 1557 914 1626 πρᾶγμα
937 1558 1216 1628 φροντίδος
1244 1557 1410 1622 ἄξιον.
1446 1560 1517 1612 Ἦ
1549 1561 1864 1629 ἀγνοοῦσιν,
1893 1561 1975 1614 ὅτι

384 1646 444 1699 τὸ
482 1648 619 1718 πρός
660 1666 711 1701 τι
753 1649 956 1701 τέλειον
999 1649 1135 1720 πρὸς
1187 1650 1376 1720 ἓτερον
1417 1653 1626 1717 ἀτελὲς,
1676 1654 1750 1716 ὡς
1787 1653 1975 1724 βουνὸς

387 1741 525 1808 πρὸς
561 1740 706 1811 ὄρος,
745 1743 841 1795 καὶ
881 1742 1077 1806 κόκκος
1125 1744 1328 1808 νάπυος
1380 1747 1516 1818 πρὸς
1562 1747 1796 1819 κύαμον,
1849 1750 1890 1819 ἡ
1921 1766 1974 1801 τι

385 1831 516 1884 ἄλλο
555 1832 662 1886 τῶν
709 1832 968 1904 μειζόνων
1010 1836 1360 1906 σπερμάτων,
1407 1838 1511 1891 κᾶν
1550 1839 1658 1891 τῶν
1694 1841 1974 1910 ὁμογενῶν

387 1923 572 1994 μεῖζον
606 1923 854 1995 λέγηται·
889 1925 1015 1979 εἰδὲ
1044 1926 1244 1996 βούλει,
1277 1929 1372 1982 καὶ
1401 1928 1632 1999 ἄγγελος
1653 1931 1789 1994 πρὸς
1819 1932 1971 1999 Θεὸν,

383 2017 479 2068 καὶ
520 2015 656 2087 πρὸς
695 2015 924 2085 ἄγγελον
964 2017 1279 2089 ἄνθρωποςς
1322 2019 1536 2073 Τέλειον
1575 2016 1669 2074 οῦν
1712 2022 1975 2092 ἡμέτερος

381 2107 529 2172 νοῦς,
561 2108 656 2161 καὶ
679 2109 1032 2179 ἡγεμονικὸν,
1071 2110 1206 2164 ἀλλὰ
1236 2110 1414 2183 ψυχῆς
1449 2113 1542 2166 καὶ
1572 2111 1842 2182 σώματος,
1877 2114 1974 2184 οὐχ

2149 831 2268 886 Jam
2300 850 2429 889 vero
2460 851 2698 904 quonam
2736 845 2898 906 pacto
2945 852 3103 892 mens
3133 837 3390 904 hominis,
3431 846 3526 893 aut
3557 855 3661 895 an-

2076 926 2202 996 geli,
2238 927 2284 981 si
2327 943 2451 980 cum
2497 929 2784 982 divinitate
2833 937 3206 998 comparetur,
3262 930 3506 1000 perfecra
3549 932 3660 989 dici

2074 1027 2258 1087 queat,
2286 1028 2346 1071 ιιι
2375 1019 2603 1073 alterum
2637 1019 2758 1073 loco
2789 1019 2984 1073 cedere
3012 1030 3242 1090 cogatur
3274 1022 3496 1089 majoris
3523 1037 3663 1091 pra:-

2075 1109 2291 1164 sentia?
2320 1108 2508 1178 Neque
2536 1110 2681 1164 enim
2729 1111 2986 1180 Splendor
3029 1111 3260 1180 aliquid,
3304 1112 3348 1166 si
3385 1128 3508 1165 cum
3544 1113 3662 1168 sole

2074 1202 2411 1263 Conferatur,
2447 1218 2547 1257 nec
2723 1186 2921 1256 Ιιιιιιιιῖι·
2951 1202 3204 1271 exiguus,
3240 1203 3284 1256 si
3316 1219 3439 1257 cum
3470 1203 3660 1270 ﬂuvio;

2075 1299 2135 1346 ut
2177 1307 2299 1360 qua:
2339 1307 2504 1361 parva
2557 1299 2687 1347 sunt
2722 1294 2876 1360 prius
2925 1293 3374 1356 submoveamus,
3424 1310 3455 1348 e
3495 1293 3661 1348 domo

2075 1382 2456 1454 splendorem,
2481 1398 2511 1438 e
2547 1391 2694 1436 terra
2726 1383 3038 1448 humorem,
3087 1391 3249 1451 atque
3291 1383 3362 1436 ita
3394 1399 3512 1453 qua:
3542 1398 3660 1436 ma-

2069 1479 2192 1549 jora
2231 1485 2362 1532 sunt
2395 1486 2448 1531 et
2492 1475 2820 1544 perfectiora
2875 1477 3187 1544 capiantur.
3227 1474 3474 1542 Quonam
3514 1475 3661 1529 enim

2075 1571 2238 1624 modo
2271 1571 2381 1623 duo
2405 1569 2644 1638 perfecta
2671 1569 3053 1633 continebunt,
3090 1569 3216 1622 hinc
3245 1584 3436 1638 nempe
3465 1568 3663 1623 domus

2074 1659 2424 1731 Splendorem
2461 1668 2516 1713 et
2552 1659 2746 1720 solem,
2783 1659 2909 1712 hinc
2947 1674 3166 1728 rursum
3199 1669 3344 1712 terra
3375 1660 3662 1712 humorem

2073 1756 2127 1802 et
2171 1746 2420 1810 ﬂuvium,
2468 1747 2571 1800 hoc
2615 1746 3072 1809 consideremus;
3112 1762 3308 1817 magna
3357 1752 3502 1801 enim
3538 1761 3665 1816 pro-

2075 1838 2222 1894 fecto
2251 1853 2384 1890 cura
2415 1844 2468 1890 et
2503 1837 2984 1890 animadversione
3023 1853 3110 1892 res
3140 1838 3307 1907 digna
3351 1846 3458 1892 est.
3491 1838 3574 1889 An
3606 1837 3666 1890 ιιι

2074 1929 2168 1984 lud
2210 1944 2306 1983 eos
2347 1927 2503 1998 fugit,
2555 1927 2700 1996 quod
2755 1943 2840 1982 res
2892 1928 3106 1993 eadem,
3151 1943 3274 1998 quze
3311 1944 3435 1996 cum
3479 1927 3664 1996 aliqua

2075 2021 2271 2074 collata
2297 2018 2540 2089 perfecta
2576 2029 2682 2082 est,
2712 2020 2939 2075 alterius
2969 2020 3181 2074 ratione
3213 2019 3531 2089 imperfecta
3567 2019 3660 2084 sit,

2076 2118 2137 2163 ut
2181 2111 2338 2164 collis
2380 2125 2506 2164 cum
2551 2119 2738 2164 monte
2781 2109 3038 2175 collatus,
3073 2118 3127 2163 et
3174 2125 3406 2179 granum
3449 2109 3661 2178 sinapis

382 2200 575 2263 ἁπλῶς
606 2200 836 2265 τέλειον,
878 2201 1013 2255 Θεοῦ
1049 2203 1105 2255 δὲ
1139 2203 1324 2257 δοῦλον
1359 2205 1453 2258 καὶ
1489 2205 1818 2276 ὑποχείριον,
1860 2206 1973 2258 ἀλλ’

2079 2217 2206 2254 cum
2239 2201 2381 2267 faba,
2411 2209 2505 2254 aut
2533 2201 2641 2253 alio
2672 2201 2931 2270 quopiam
2961 2201 3154 2270 majori
3187 2202 3418 2264 semine,
3443 2199 3660 2254 etiamsi

381 2292 444 2344 οὐ
471 2292 923 2362 συνηγεμονικὸν,
953 2293 1072 2345 οὐδὲ
1099 2293 1384 2364 ὁμότιμον.
1416 2295 1568 2348 Ἐπεὶ
1595 2296 1688 2348 καὶ
1717 2296 1976 2365 Μωῦσῆς,

382 2379 584 2450 Φαραὼ
605 2381 700 2450 μὲν
725 2381 863 2444 θεὸς,
889 2381 1023 2434 Θεοῦ
1046 2383 1101 2435 δὲ
1126 2383 1398 2453 Θεράπων,
1435 2385 1511 2448 ὡς
1535 2385 1974 2455 ἀναγέγραπται·

382 2473 479 2525 καὶ
515 2473 744 2543 ἀστέρες
773 2473 945 2527 νύκτα
985 2475 1085 2544 μὲν
1123 2475 1560 2546 περιλάμπουσιν
1588 2515 1605 2538 .
1749 2478 1884 2549 ἡλίῳ
1921 2479 1978 2532 δὲ

384 2565 751 2633 κρύπτονται,
779 2565 881 2628 ὡς,
915 2565 1036 2635 μηδ’
1066 2567 1147 2619 ὅτι
1179 2567 1348 2631 εἰσιν,
1379 2567 1562 2638 ἡμέρᾳ
1591 2567 1974 2638 γνωρίζεσθαι·

383 2654 482 2707 καὶ
520 2654 743 2725 λαμπὰς
772 2655 926 2726 ὀλίγη
974 2656 1186 2729 μεγάλῃ
1224 2659 1470 2729 πυρκαῖᾷ
1650 2663 1976 2730 προσχωρή-

385 2760 558 2808 σασα,
592 2739 718 2797 οὔτε
756 2743 1082 2806 ἀπόλλυται,
1118 2744 1242 2797 οὔτε
1274 2745 1545 2813 φαίνεται,
1583 2745 1706 2799 οὔτε
1744 2747 1974 2818 χωρίζε-

383 2852 476 2887 ται
538 2869 556 2895 ,
723 2835 838 2888 ἀλλ’
879 2837 999 2889 ὅλον
1042 2837 1157 2890 ἐστὶ
1201 2836 1446 2907 πυρκαϊὰ
1495 2871 1512 2898 ,
1672 2838 1766 2891 τοῦ
1805 2839 1975 2909 ὑπερ-

381 2923 600 2992 έχοντος
633 2926 1042 2997 ἐκνικήσαντος.

2077 2293 2169 2357 iis,
2199 2308 2321 2362 qua:
2347 2292 2594 2360 ejusdem
2635 2299 2765 2346 sunt
2789 2293 3030 2362 generis,
3067 2293 3246 2360 majus
3269 2291 3486 2347 dicatur
3515 2307 3526 2342 :
3563 2305 3662 2344 an-

2077 2386 2231 2455 gelus
2257 2384 2423 2438 etiam
2467 2385 2512 2438 si
2549 2383 2623 2436 ita
2667 2383 2842 2445 luhet,
2891 2398 3014 2436 cum
3054 2382 3188 2446 Deo,
3235 2391 3288 2437 et
3330 2383 3494 2436 homo
3537 2395 3662 2436 cum

2080 2474 2314 2542 angelo?
2335 2473 2607 2539 Quocirca
2633 2489 2788 2528 mens
2815 2481 3030 2535 nostra,
3057 2473 3300 2542 perfecta
3323 2472 3413 2524 illa
3441 2471 3662 2539 quidem

2079 2573 2185 2629 est,
2230 2572 2286 2620 et
2322 2565 2692 2634 principatum
2738 2573 2910 2628 tenet,
2957 2579 3147 2619 verum
3205 2565 3262 2617 in
3315 2563 3555 2616 animam
3607 2569 3662 2616 et

2081 2672 2320 2726 corpus;
2352 2672 2462 2711 non
2495 2665 2678 2711 autem
2727 2657 3049 2727 simpliciter
3080 2656 3359 2726 perfecta;
3397 2655 3488 2710 Dei
3531 2669 3663 2709 vero

2083 2763 2242 2802 serva
2279 2757 2335 2802 et
2385 2749 2604 2802 subdita
2653 2755 2760 2811 est,
2796 2763 2904 2801 non
2955 2747 3300 2817 principatus
3335 2747 3507 2806 socia,
3562 2760 3663 2799 nec

2082 2838 2200 2906 pari
2238 2837 2449 2892 honore
2485 2837 2732 2907 praedita.
2764 2835 3223 2905 Quandoquidem
3253 2836 3417 2890 etiam
3457 2833 3680 2896 Moses,

2083 2928 2386 2983 Pharaonis
2410 2929 2631 2998 quidem
2654 2928 2790 2983 deus
2837 2931 2878 2990 ',
2898 2927 2992 2982 Dei
3019 2935 3201 2980 autem
3231 2925 3470 2981 famulus
3493 2931 3578 2980 est
3619 2931 3664 2989 ',

381 3022 445 3067 ιιι
496 3013 722 3069 Litteris
778 3016 956 3071 sacris
1004 3015 1282 3085 proditum
1337 3015 1608 3081 habetur;
1651 3025 1706 3070 et
1745 3017 1918 3072 stella:
1954 3028 2169 3073 noctem
2207 3020 2523 3085 illustrant,
2559 3035 2589 3073 a
2619 3020 2736 3074 sole
2767 3029 2947 3074 autem
2979 3020 3350 3085 occultantur,
3383 3021 3456 3073 ita
3488 3028 3547 3072 ut
3577 3019 3662 3072 in-

381 3108 561 3163 terdiu
605 3124 675 3165 ne
711 3127 807 3166 eas
863 3111 1087 3180 quidem
1137 3125 1260 3165 esse
1319 3111 1545 3179 δεηθερί
1598 3111 1813 3179 possit;
1869 3118 1924 3166 et
1977 3113 2172 3182 exigua
2221 3115 2447 3168 lucerna
2499 3129 2697 3183 magno
2747 3113 3019 3168 accedens
3074 3128 3308 3168 accenso
3361 3128 3516 3183 rogo,
3563 3127 3661 3168 nec

381 3203 775 3271 exstinguitur,
808 3217 910 3258 nec
939 3203 1104 3267 lucet,
1151 3216 1255 3255 nec
1293 3201 1657 3272 disjungitur,
1693 3203 1790 3256 sed
1833 3209 2012 3256 totum
2051 3217 2220 3274 rogus
2257 3213 2345 3260 est
2389 3217 2454 3258 ac
2484 3203 2726 3270 ﬂamma,
2769 3211 3070 3272 superante
3112 3203 3373 3258 nimirum
3411 3217 3477 3258 eo
3517 3202 3660 3273 quod

380 3294 734 3362 praestantius
765 3301 867 3348 est.

463 3385 626 3438 Ἀλλά
678 3385 1024 3455 κατάκριτος,
1077 3386 1263 3456 φησιν,
1314 3387 1342 3437 ὁ
1380 3384 1649 3455 ἡμέτερος
1694 3383 1840 3446 νοῦς.
1895 3383 1961 3435 Τί

2141 3382 2213 3435 At
2243 3397 2394 3438 meus
2424 3390 2632 3447 nostra,
2657 3381 2854 3452 inquit,
2887 3381 3145 3436 damnata
3165 3391 3270 3439 est.
3304 3381 3445 3450 Quid
3471 3395 3654 3444 autent

380 3475 469 3528 δαὶ
503 3477 537 3545 ή
573 3475 744 3545 cupii;
793 3476 856 3528 οὐ
911 3477 1280 3547 κατάκριτος;
1339 3476 1409 3527 Ἢ
1453 3475 1548 3528 καὶ
1590 3474 1796 3543 ταύτην
1830 3475 1959 3526 ἁπο-

2075 3474 2237 3526 caro?
2289 3488 2474 3528 annon
2531 3473 2825 3528 damnata?
2878 3473 3063 3540 Quare
3121 3483 3216 3529 aut
3263 3476 3404 3532 hanc
3445 3493 3661 3550 quoque

388 3567 654 3620 σκεύασαι
681 3566 770 3620 διὰ
789 3569 889 3639 τὴν
917 3568 1212 3638 ἁμαρτίαν.
1248 3567 1280 3636 ἢ
1313 3568 1565 3619 κάκεῖνον
1735 3562 1976 3629 πρόσαγε

392 3656 474 3708 διὰ
505 3657 604 3727 τὴν
659 3659 956 3728 σωτηρίαν.
994 3660 1057 3711 Εἰ
1090 3659 1152 3711 τὸ
1199 3660 1384 3728 χεῖρον
1431 3655 1854 3728 προσείληπται,
1904 3653 1972 3706 ἵν’

388 3749 624 3820 ἁγιασῦῇ
658 3749 749 3802 διὰ
777 3750 877 3820 τῆς
909 3749 1260 3822 σαρκώσεως,
1309 3749 1373 3801 τὸ
1409 3751 1658 3819 κρεῖττον
1689 3747 1751 3799 οὐ
1801 3763 1972 3816 προσ-

384 3841 747 3912 ληφθήσεται,
781 3843 847 3894 ἵν’
883 3842 1117 3913 άγιασθῇ
1149 3842 1239 3895 διὰ
1266 3841 1367 3910 τῆς
1394 3840 1896 3912 ὲνανορωπήσεως;
1923 3839 1974 3890 εί

384 3937 423 3987 ὁ
447 3935 615 4003 πηλὸς
648 3933 909 4005 ἐζυμώθη
962 3936 1055 3988 καὶ
1084 3934 1204 3987 νέον
1244 3933 1475 4005 φύραμα
1517 3932 1762 4000 γέγονεν,
1805 3924 1851 3984 ὧ
1895 3946 1977 3982 σο-

386 4027 502 4094 φοὶ,
543 4028 576 4097 ἡ
610 4025 775 4080 εἰκὼν
818 4028 885 4080 οὐ
915 4027 1322 4097 ζυμωοήσεται,
1362 4026 1462 4078 καὶ
1491 4023 1629 4097 πρὸς
1671 4023 1805 4078 Θεὸν
1843 4022 1976 4076 ἀνα-

388 4117 724 4188 κραθήσεται
780 4153 795 4174 ,
955 4117 1222 4170 Θεωθεῖσα
1254 4115 1347 4170 διὰ
1394 4117 1494 4187 τῆς
1537 4115 1820 4184 θεότητος;
1855 4114 1974 4166 Κά-

387 4210 538 4260 κείνο
573 4208 631 4260 δὲ
815 4209 1226 4279 προσθήσομεν·
1261 4209 1310 4261 εἰ
1341 4207 1660 4260 διέπτυσται
1699 4205 1918 4266 πάντως
1946 4203 1976 4258 ὁ

387 4298 512 4361 νοῦς
543 4300 618 4362 ὡς
652 4299 1023 4370 άμαρτητικὸς
1051 4299 1146 4354 καὶ
1177 4298 1530 4369 κατάκριτος,
1567 4296 1662 4350 καὶ
1689 4296 1780 4351 διὰ
1818 4295 1977 4348 τοῦτο

389 4390 550 4461 σῶμα
607 4392 706 4460 μὲν
757 4392 1176 4463 προσείληπται,
1238 4389 1363 4454 νοῦς
1411 4389 1467 4442 δὲ
1522 4388 1972 4460 παραλέλειπται,

391 4481 690 4552 συγγνώμη
735 4485 847 4545 τοῖς
881 4483 1132 4536 πταίουσι
1172 4481 1300 4553 περ)⁸
1330 4481 1477 4535 νοῦν.
1526 4480 1819 4550 Μαρτυρία
1866 4480 1976 4552 γὰρ

389 4569 525 4622 Θεοῦ
571 4570 716 4624 κατὰ
757 4571 819 4624 σὲ
1011 4572 1199 4641 σαφῶς
1231 4571 1401 4636 ἔδειξε
1432 4571 1494 4624 τὸ
1536 4571 1634 4640 τῆς
1677 4569 1976 4638 θεραπείας

386 4662 672 4716 ἀδύνατον.
706 4663 860 4716 Εἴπω
904 4663 964 4716 τὸ
1013 4663 1232 4735 μεῖζον·
1282 4663 1346 4716 σὺ
1393 4662 1493 4734 μὲν
1538 4661 1627 4714 διὰ
1661 4659 1823 4713 τοῦτο
1854 4661 1974 4714 ἀτι-

2077 3569 2299 3631 propter
2345 3573 2630 3631 peceatum
2673 3563 2871 3632 abjice,
2928 3571 3023 3617 aut
3065 3565 3215 3618 illam
3250 3568 3416 3621 etiam
3442 3576 3659 3638 propter

2075 3653 2306 3707 salutem
2338 3653 2594 3722 adjunge.
2630 3654 2688 3707 Si
2727 3652 2876 3721 quod
2910 3653 3155 3709 deterius
3185 3663 3290 3720 est,
3317 3666 3663 3728 assumptum

2075 3751 2181 3807 est,
2234 3751 2296 3797 ut
2349 3758 2448 3813 per
2510 3743 2950 3798 incarnationem
3003 3745 3419 3815 sanctiticetur;
3451 3763 3662 3816 annon,

2075 3835 2222 3903 quod
2246 3835 2602 3903 praestantius
2629 3845 2736 3900 est,
2769 3843 3106 3899 assumetur,
3135 3843 3193 3889 ut
3213 3852 3310 3906 per
3349 3838 3659 3895 humanita-

2075 3926 2148 3981 tis
2203 3927 2609 3994 susceptionem
2667 3927 2962 3984 sanctitate
3027 3926 3341 3983 afﬁciatur?
3385 3928 3441 3984 Si
3486 3931 3661 3987 lutum

2078 4016 2462 4070 fermentatum
2507 4025 2672 4083 est,o
2711 4019 2990 4088 sapientes
3043 4018 3170 4083 viri,
3213 4034 3280 4074 ac
3332 4037 3474 4076 nova
3522 4038 3660 4079 con«

2077 4110 2290 4179 spersio
2317 4111 2530 4165 exstitit
2602 4109 2647 4177 ³,
2705 4111 2882 4180 imago
2919 4111 3037 4180 ipsa
3075 4125 3181 4165 non
3215 4111 3661 4185 fermentabitur,

2076 4213 2276 4256 etcum
2302 4201 2414 4257 Deo
2444 4203 2861 4272 temperabitur,
2889 4218 2984 4271 per
3006 4201 3351 4260 divinitatem
3387 4206 3660 4265 deiﬁcata!

2076 4294 2220 4360 Quin
2249 4293 2356 4348 hoc
2409 4309 2627 4364 quoque
2666 4295 2994 4366 adjiciemus
3023 4313 3035 4348 :
3070 4298 3116 4351 si
3150 4313 3328 4362 mens,
3377 4305 3438 4352 ut
3466 4315 3656 4370 pecca-

2075 4387 2186 4440 trix
2221 4393 2276 4441 et
2306 4387 2585 4452 damnata,
2635 4389 2861 4442 omnino
2911 4397 3095 4459 spreta
3123 4399 3176 4444 et
3211 4390 3414 4459 rejecta
3454 4401 3559 4457 est,
3590 4392 3662 4448 ob

2074 4491 2308 4547 eamque
2336 4492 2561 4532 causam
2613 4479 2820 4534 omissa
2854 4489 3039 4536 mente
3070 4496 3276 4552 corpus
3313 4490 3660 4552 assumptum

2075 4575 2180 4632 est,
2214 4569 2425 4637 ignosci
2489 4570 2680 4639 utique
2721 4585 2819 4639 par
2855 4579 2937 4625 est
2968 4573 3058 4636 iis,
3100 4573 3194 4642 qni
3240 4573 3386 4629 circa
3421 4582 3659 4635 mentem

2076 4669 2322 4728 peccant.
2373 4657 2464 4712 Dei
2526 4659 2672 4712 enim
2722 4661 3066 4725 testimonio,
3111 4662 3179 4716 de
3229 4671 3320 4716 tua
3360 4666 3657 4731 sententia,

389 4755 607 4824 μάξεις,
675 4748 720 4808 ὦ
788 4754 1054 4825 βέλτιστε,
1118 4755 1210 4808 τὸν
1265 4753 1398 4826 ὲμδν
1439 4753 1564 4809 νοῦν
1627 4753 1722 4825 (ὡς
1773 4769 1973 4821 σαρκο-

2077 4759 2264 4820 aperte
2283 4753 2724 4806 demonsrratum
2752 4763 2856 4815 est,
2887 4769 3006 4807 eam
3039 4756 3189 4809 nulla
3226 4756 3440 4810 ratione
3473 4759 3658 4813 curari

383 4845 612 4918 λάτρης,
631 4845 790 4918 εἴπερ
813 4846 1274 4918 ἁνθρωπολάτρης
1291 4845 1404 4914 ἐγώ
1449 4873 1466 4900 ς
1590 4845 1678 4898 ἵνα
1701 4845 1967 4915 συνδήσῃς

386 4943 520 4995 Θεὸν
547 4941 684 5015 πρὸς
713 4942 912 5013 σάρκα,
943 4940 1016 5003 ὡς
1048 4939 1149 4992 οὐκ
1196 4939 1371 5002 ἄλλως
1395 4937 1616 5008 δεθῆναι
1651 4937 1969 5006 δυνάμενον,

387 5034 482 5086 καὶ
531 5034 618 5086 διὰ
663 5032 820 5086 τοῦτο
867 5030 1104 5102 ὲῷιρεῖς
1152 5029 1213 5082 τὸ
1261 5028 1593 5098 μεσότοιχον.
1648 5030 1705 5081 Ὀ
1738 5029 1797 5080 δὲ
1839 5027 1971 5097 ἐμὸς

385 5123 544 5188 λόγος
585 5122 689 5185 τίς,
725 5121 817 5174 τοῦ
851 5119 1183 5189 ἁφιλοσόφου
1217 5119 1310 5171 καλ⁵
1352 5117 1720 5181 ἀπαιδεύτους
1760 5119 1789 5169 ὁ
1844 5115 1970 5179 νοῦς

386 5215 466 5284 τῷ
492 5215 572 5267 νοῒ
601 5214 875 5284 μίγνυται,
921 5213 996 5275 ὡς
1047 5212 1330 5282 ἐγγυτέρῳ
1375 5211 1469 5264 καὶ
1503 5209 1836 5280 οἰκειοτέρῳ,
1875 5207 1969 5260 καὶ

386 5310 475 5360 διὰ
508 5307 700 5361 τούτου
732 5309 894 5379 σαρκὶ
934 5305 1310 5377 μεσιτεύοντπ
1491 5303 1705 5371 Θεότητι
1738 5302 1835 5354 καὶ
1867 5319 1970 5355 ιτα-

388 5415 602 5469 χυτητι.

460 5663 556 5724 Τίς
598 5663 653 5715 δὲ
699 5661 793 5714 καὶ⁵
836 5662 864 5714 ὁ
908 5659 1065 5728 λόγος
1112 5657 1295 5718 αὐτοῖς
1342 5655 1440 5724 τῆς
1486 5652 1968 5723 ἐνανορωπήσεως,

473 5839 492 5869 ’
517 5835 685 5891 Exod.
723 5853 811 5898 ιιι,
841 5838 885 5890 ι.
1003 5835 1020 5861 ¹
1058 5846 1174 5886 ws.
1217 5848 1260 5897 ι,
1294 5833 1374 5886 lii.
1490 5833 1506 5860 ³
1537 5832 1556 5885 l
1587 5833 1714 5888 Cor.
1748 5849 1798 5897 ν,
1835 5832 1886 5884 7.

2078 4860 2258 4913 posse.
2315 4843 2572 4899 Dicamne
2618 4845 2763 4914 quod
2805 4846 2982 4912 majus
3018 4847 3131 4902 est?
3155 4847 3234 4902 Tu
3276 4849 3516 4919 quidem.
3561 4866 3658 4920 op-

2069 4933 2198 4988 timc
2227 4930 2312 4985 vir
2352 4933 2632 5000 (tanquam
2660 4932 2978 4999 sareolatra,
3001 4933 3268 5002 siquidem
3298 4950 3398 5002 ego
3429 4936 3654 4990 anthro-

2068 5023 2282 5092 polatra
2309 5025 2478 5089 sum),
2508 5021 2715 5076 idcirco
2747 5034 2982 5078 mentem
3017 5040 3193 5079 meam
3230 5028 3559 5089 contemnis.
3598 5037 3658 5082 ut

2071 5115 2242 5168 Deum
2268 5128 2392 5168 cum
2427 5129 2595 5168 carne
2617 5113 2898 5172 dbvincias
3060 5118 3287 5187 perinde
3310 5126 3475 5189 atque
3499 5120 3658 5174 aliter

2069 5206 2297 5274 astringi
2345 5214 2604 5276 nequeat,
2650 5209 2720 5262 ob
2746 5207 2909 5279 idque
2955 5209 3342 5264 intermedium
3391 5212 3653 5280 parietem

2072 5296 2218 5351 tollis
2263 5300 2302 5352 ⁵.
2316 5297 2437 5352 Mea
2455 5302 2635 5351 autem
2656 5297 2818 5362 ratio,
2839 5297 2940 5352 hoc
2952 5305 3057 5363 est,
3078 5297 3316 5355 hominis
3331 5299 3554 5353 minime
3573 5313 3657 5352 sa-

2073 5384 2269 5452 pientis
2298 5391 2354 5440 et
2367 5386 2592 5450 eruditi,
2632 5403 2881 5456 qurenam
2913 5388 3033 5443 est?
3056 5388 3208 5444 Mens
3223 5389 3411 5450 menti,
3435 5395 3494 5440 ut
3523 5403 3652 5456 pro-

2073 5473 2345 5543 pinquiori
2365 5480 2418 5536 et
2439 5473 2827 5544 conjunctiori,
2849 5475 3117 5545 jungitur,
3133 5491 3195 5529 ac
3225 5490 3319 5543 per
3334 5489 3451 5528 eam
3470 5476 3646 5536 carni,

2072 5562 2213 5616 inter
2236 5563 2573 5617 divinitatem
2607 5572 2660 5617 et
2688 5566 2872 5618 carnis
2905 5565 3140 5624 molem,
3176 5562 3647 5616 iutervenientem.

2143 5653 2316 5708 Porro
2345 5665 2548 5720 autem,
2581 5671 2745 5725 quam
2784 5654 3140 5710 humanitatis
3183 5661 3501 5722 assumptze,
3539 5653 3650 5719 vel,

1995 5831 2016 5863 ⁵
2047 5829 2248 5900 Ephcs.
2287 5846 2344 5897 ιι,
2382 5831 2462 5885 Η.
