4082 6412
423 318 524 384 8οἳ
1307 345 1312 350 ·
1650 316 1966 380 EUTIIYM
1982 317 2036 377 ll
2077 312 2440 377 ZlGABENI
3580 319 3704 384 892"

428 471 493 518 ut
520 463 622 534 ipsi
653 463 972 534 loquuntur,
1010 461 1428 520 incarnationis.
1485 478 1707 518 causam
1753 465 2003 534 aderant,

2105 460 2323 530 ἴδωμεν,
2361 459 2537 512 εττουν
2578 457 2930 530 σαρκώσεως,
2980 457 3058 522 ὥς
3108 457 3261 512 αὐτοὶ
3306 459 3577 528 λέγουσιν.
3616 462 3698 517 El'

427 555 736 611 videmnus.
769 553 1051 624 Siquidem
1083 562 1142 607 ut
1173 553 1316 608 Deus
1340 554 1542 622 alioqui
1577 555 1998 626 incomprehen-

2107 550 2206 620 μὲν
2249 550 2334 602 ἵνα
2365 549 2588 620 χωρηθῇ
2616 549 2768 612 Θεὸς,
2813 547 2988 610 ἄλλως
3019 546 3304 620 άχὼρητος
3333 549 3429 613 ὢν,
3465 551 3560 604 καὶ
3604 553 3681 618 ὡς

427 647 638 710 sibilis,
669 646 1178 715 comprehendatur,
1223 659 1286 699 ac
1327 646 1430 699 sub
1465 661 1652 708 carne,
1684 648 1841 716 quasi
1884 651 2003 704 velo

2104 641 2209 694 ὑπὸ
2239 643 2700 712 παραπετάσματι
2729 642 2795 710 τῇ
2829 639 2992 711 σαρκὶ
3023 643 3133 704 τοῖς
3179 641 3487 713 ἀνθρώποις
3518 661 3682 715 προσ-

426 737 686 805 quodam,
725 751 849 789 eum
889 734 1210 788 hominibus
1243 741 1508 794 versetur,
1541 735 1674 789 scita
1718 752 1851 790 sane
1877 737 1994 792 haec

2104 734 2356 806 ομιλήσῃ,
2411 733 2618 802 κομψὸν
2676 733 2736 786 τὸ
2788 731 3130 803 προσωπεῖον
3191 733 3402 799 αὐτοῖς,
3469 736 3565 788 καὶ
3618 737 3683 791 τὸ

426 827 565 896 ipsis
594 827 740 879 larva
766 834 870 889 est,
901 832 955 879 et
984 825 1292 894 hypocrisis
1320 824 1500 878 fabula
1523 844 1535 880 :
1558 834 1615 879 ut
1646 825 1862 881 interim
1892 842 1998 882 non

2104 825 2284 895 δράμα
2306 824 2404 895 τῆς
2435 824 2776 895 ὑποκρίσεως
2800 841 2814 857 ο
2849 825 2936 878 ἵνα
2973 825 3046 896 μὴ
3088 825 3232 894 λέγω
3263 826 3344 878 ὅτι
3386 827 3480 880 καὶ
3508 829 3683 892 ἄλλως

424 917 602 971 dicam
634 918 741 970 alio
772 930 986 986 quoque
1014 915 1174 969 modo
1199 916 1315 970 ﬁeri
1343 916 1608 985 potuisse,
1630 925 1687 972 ut
1713 920 1998 973 uobiscum

2104 916 2360 988 ὁμιλῆσαι
2405 919 2537 988 ἡμῖν
2586 912 2696 970 οἷόν
2733 934 2793 970 τε
2827 913 2916 989 ἦν,
2967 917 3156 990 ὥσπερ
3208 921 3267 971 ὲν
3318 917 3466 989 βάτῳ
3510 921 3683 992 πυρὸς

423 1017 775 1072 versaretur,
827 1009 1283 1078 quemadmodum
1328 1009 1482 1077 prius
1509 1009 1561 1062 in
1597 1008 1738 1078 ignis
1774 1011 1912 1064 rubo
1961 1016 1997 1078 ι,

2104 1008 2195 1062 καὶ
2231 1007 2558 1079 ἀνθρωπίνῳ
2609 1007 2738 1061 εῐδει
2934 1009 2995 1062 τὸ
3040 1009 3324 1082 πρότερον.
3383 1011 3447 1065 Ei
3492 1011 3547 1065 δὲ
3595 1012 3682 1066 ἵνα

421 1107 478 1154 et
502 1099 676 1154 forma
710 1101 948 1154 humana
993 1102 1035 1153 '.
1067 1099 1125 1153 Si
1158 1109 1338 1164 autem
1400 1107 1460 1154 ut
1503 1101 1669 1154 simili
1699 1117 1794 1171 per
1822 1103 2011 1159 simile'

2104 1099 2234 1173 λύσῃ
2281 1099 2343 1153 τδ
2397 1099 2718 1170 κατάκριμα
2761 1101 2862 1171 τῆς
2917 1100 3193 1172 ἁμαρτίας
3253 1100 3332 1171 τῷ
3391 1101 3560 1172 ὁμοίῳ
3621 1103 3683 1156 τὸ

422 1189 765 1244 sanetilicato
801 1189 1005 1259 peccati
1058 1188 1462 1244 damnationem
1503 1192 1699 1256 solvat,
1738 1194 1996 1260 profecto

2104 1190 2278 1260 Ιὅμοιον
2312 1191 2569 1257 ἁγιάσας,
2595 1187 2784 1261 ὥσπερ
2809 1191 3014 1262 σαρκὸς
3043 1190 3229 1263 ἐδέησε
3255 1191 3343 1244 διὰ
3369 1190 3468 1262 τὴν
3504 1193 3685 1264 σάρκα

420 1280 879 1350 quemadmodum
937 1295 1105 1335 carne
1141 1288 1365 1350 propter
1397 1295 1617 1335 carnem
1661 1282 1998 1348 damnatam,

2104 1281 2540 1352 κατακριθεῖσαν,
2577 1281 2669 1334 καὶ
2708 1281 2889 1353 ψυχῆς
2917 1281 3004 1335 διὰ
3045 1281 3145 1354 τὴν
3174 1281 3372 1353 ψυχὴν,
3418 1283 3560 1337 οὕτω
3590 1284 3687 1338 καὶ

420 1383 475 1426 et
520 1372 703 1425 anima
757 1379 978 1442 propter
1038 1371 1275 1426 animam
1306 1386 1445 1440 opus
1472 1372 1683 1435 habuit.
1719 1373 1791 1427 ita
1835 1376 1999 1428 etiam

2104 1371 2183 1427 νοῦ
2213 1372 2302 1426 διά
2329 1372 2421 1425 τδν
2461 1371 2604 1435 νοῦν,
2636 1373 2696 1426 οὐ
2747 1373 3051 1426 πταίσαντα
3088 1373 3247 1444 μόνον
3278 1375 3334 1426 ὲν
3360 1372 3438 1443 τῷ
3481 1375 3677 1445 Ἀδὰμ,

420 1472 604 1518 mente
629 1473 849 1533 propter
873 1472 1131 1528 mentem,
1176 1471 1364 1534 utpote
1393 1478 1517 1533 (piae
1545 1463 1599 1516 in
1652 1462 1862 1517 Adamo
1890 1481 1998 1519 non

2104 1465 2232 1520 ina
2255 1465 2350 1519 καὶ
2373 1465 2901 1535 πρωτοπαθήσαντα,
2924 1464 3113 1537 ὥσπερ
3136 1468 3183 1519 οἱ
3216 1465 3389 1537 ἰατροὶ
3435 1465 3697 1534 λέγουσιν·

422 1553 601 1606 solum
676 1555 1017 1622 peccaverit,
1080 1554 1175 1609 sed
1229 1561 1282 1609 et
1327 1555 1502 1624 prima
1566 1553 1756 1608 aliecta
1813 1554 1998 1622 fuerit,

2104 1557 2188 1610 ὲπῖ
2218 1557 2327 1610 τῶν
2351 1557 2823 1629 ἀρρωστημάτων.
2855 1559 2920 1612 "0
2945 1556 3054 1629 γὰρ
3077 1556 3175 1629 τὴν
3199 1557 3419 1629 ἐντολὴν
3445 1557 3681 1622 ἐδέξατο,

422 1643 885 1712 quemadmodum
916 1645 1112 1700 medici
1146 1645 1201 1698 in
1230 1646 1442 1700 morbis
1484 1646 1806 1714 loquuntur.
1843 1645 2000 1711 Quod

2104 1647 2250 1700 ωῦτο
2290 1647 2388 1701 καὶ
2421 1647 2520 1718 τὴν
2564 1647 2781 1719 ἐντολὴν
2813 1649 2914 1701 οὐκ
2959 1647 3243 1716 ὲφύλαξεψ
3276 1648 3304 1701 δ
3338 1649 3394 1701 δὲ
3421 1649 3520 1701 οὐκ
3551 1649 3684 1716 ἐφύ-

421 1735 570 1789 enim
606 1737 920 1789 mandatum
963 1738 1193 1806 accepit,
1224 1736 1328 1790 hoc
1369 1736 1626 1790 mandato
1662 1750 1878 1805 quoque
1901 1738 2002 1791 mi-

2104 1737 2260 1803 λαξε,
2304 1737 2464 1792 τοῦτο
2509 1739 2604 1792 καὶ
2654 1739 2753 1811 τὴν
2808 1739 3124 1810 παράϐασιν
3177 1739 3510 1810 ἐτόλμησεν·
3553 1739 3581 1792 ὂ
3623 1738 3685 1792 δὲ

422 1824 570 1879 nime
625 1825 807 1893 paruit
858 1824 1056 1893 :quod
1108 1832 1288 1878 autem
1351 1824 1575 1878 minime
1633 1827 1844 1894 paruit,
1893 1827 1997 1881 hoc

2104 1831 2336 1902 παρέϐη,
2379 1830 2538 1884 τοῦτο
2585 1832 2678 1884 καὶ
2726 1831 3001 1902 σωτηρίας
3053 1831 3220 1883 ἐδεῖτο
3273 1831 3539 1901 μάλιστα;
3566 1829 3594 1882 ὃ
3625 1829 3686 1883 δὲ

420 1912 586 1966 etiam
617 1928 682 1967 eo
710 1913 952 1967 audaciae
974 1928 1325 1984 progressum
1360 1922 1466 1976 est,
1495 1922 1552 1967 ut
1586 1914 1718 1968 illud
1745 1915 1992 1983 violaret;

420 2002 565 2072 quod
621 2010 800 2058 autem
835 2004 1074 2068 violavit,
1107 2003 1210 2058 hoc
1240 2004 1293 2058 in
1333 2003 1524 2074 primis
1565 2019 1783 2074 quoque
1821 2006 1995 2062 salute

2099 1921 2200 1990 τῆς
2247 1919 2519 1994 σωτηρίας
2551 1921 2740 1988 ὲδεῖτο,
2771 1922 2930 1976 τοῦτο
2954 1923 3052 1976 καὶ
3077 1921 3424 1993 προσελήφθη
3446 1936 3460 1950 ⁸
3493 1923 3523 1975 ὁ
3559 1919 3688 1985 νοῦς

2100 2010 2208 2082 ἄρα
2238 2011 2654 2082 προσείληπται.

419 2094 728 2165 indigebat;
752 2095 896 2164 quod
925 2103 1104 2149 autem
1130 2095 1306 2149 salute
1333 2093 1627 2164 indigebat,
1655 2094 1760 2149 hoc
1792 2097 1954 2150 etiam
1985 2108 2327 2171 assumptum
2344 2110 2426 2157 est
2449 2121 2463 2169 ;
2497 2102 2574 2155 ita
2599 2101 2676 2165 fit,
2703 2110 2763 2156 ut
2793 2115 2949 2157 mens
2976 2108 3254 2171 assumpta
3277 2101 3366 2157 sit.

492 2183 608 2239 Hoc
664 2200 840 2248 nunc,
887 2187 1054 2240 velint
1122 2187 1334 2249 nolint,
1379 2184 1815 2240 demonstratum
1875 2193 1993 2252 est,

420 2277 783 2346 geometricis,
830 2283 889 2329 ut
935 2276 1036 2346 ipsi
1085 2276 1259 2338 aiunt,
1299 2291 1364 2330 ac
1410 2279 1746 2334 necessariis
1774 2279 2006 2333 demono

420 2364 800 2419 stratiouibus.
862 2363 946 2418 Tu
1002 2381 1132 2419 vero
1167 2365 1393 2435 perinde
1443 2364 1616 2432 facis,
1657 2381 1722 2422 ac
1769 2369 1837 2430 si,
1876 2369 2006 2424 laeso

419 2454 663 2510 hominis
687 2456 872 2523 oculo,
903 2471 966 2510 ac
1007 2455 1142 2526 pede
1175 2456 1405 2526 insuper
1443 2456 1674 2521 offenso,
1733 2459 1855 2528 pedi
1881 2459 2005 2528 qui-

419 2547 542 2599 dem
575 2546 902 2601 medicinam
945 2546 1256 2611 adliiberes,
1303 2549 1524 2602 oculum
1562 2559 1742 2604 autem
1788 2550 2005 2604 incura-

420 2643 537 2690 tum
589 2639 928 2708 relinqueres
961 2649 1114 2705 :aut,
1147 2655 1274 2694 cum
1323 2640 1499 2710 pictor
1561 2641 1767 2710 aliquid
1823 2643 2004 2697 minus

422 2735 573 2784 recte
625 2729 916 2798 pinxisset,
977 2732 1249 2800 picturam
1293 2731 1514 2802 quidem
1553 2733 1890 2795 immutares,
1921 2734 2004 2802 pi-

420 2827 627 2872 ctorem
681 2828 887 2887 autem,
951 2823 1102 2877 velut
1144 2839 1371 2879 munere
1409 2838 1510 2878 suo
1537 2831 1688 2879 recte
1732 2823 2001 2890 functum,

421 2909 758 2978 prater-ires.

1056 3130 1136 3187 Ea:
1168 3134 1371 3185 eadem.

2034 3175 2075 3228 C

487 3274 643 3343 Quod
675 3271 745 3335 si,
779 3269 870 3326 bis
909 3267 1210 3324 rationibus
1239 3260 1502 3334 prohibiti
1547 3275 1614 3315 eo
1659 3257 2002 3327 confugiunt,

420 3379 482 3425 ut
532 3365 728 3430 Deum,
785 3369 992 3418 remota
1048 3361 1216 3414 etiam
1253 3366 1457 3417 mente,
1503 3353 1712 3406 homini
1770 3351 2001 3405 salutem

423 3461 616 3516 afferre
675 3471 838 3528 posse
865 3454 1071 3517 dicant,
1108 3451 1295 3518 utique
1346 3447 1524 3517 potuit
1572 3445 1760 3508 etiam,
1797 3452 2003 3496 remota

424 3565 582 3607 carne
621 3563 721 3618 per
774 3545 944 3600 solam
985 3543 1320 3598 voluntatem
1344 3578 1363 3603 ,
1406 3536 1864 3608 quemadmodum
1901 3535 2002 3588 alia

425 3655 638 3712 quoque
661 3640 843 3693 omnia
878 3637 1014 3692 citra
1067 3631 1314 3702 corporis
1345 3644 1568 3700 cperam
1598 3637 1861 3698 operatus
1895 3637 2001 3692 est,

425 3747 469 3789 et
488 3741 768 3800 operatur.
789 3729 969 3798 Quare
991 3739 1117 3781 cum
1147 3732 1330 3778 mente
1356 3733 1576 3776 carnem
1610 3733 1827 3788 quoque
1852 3720 2003 3785 tolle,

425 3837 477 3880 ut
512 3827 671 3895 plena
687 3835 742 3877 et
776 3821 1015 3892 perfecta
1037 3819 1131 3872 tibi
1161 3817 1232 3871 sit
1268 3813 1569 3869 temeritas.
1599 3810 1708 3866 Sed
1739 3810 1949 3866 scilicet
1973 3825 2003 3864 a

426 3918 595 3975 littera
631 3917 1004 3985 decipiuntur,
1037 3921 1434 3980 proptereaque
1457 3905 1528 3960 ad
1558 3919 1777 3959 carnem
1812 3919 2006 3958 accur-

425 4021 573 4077 runt,
621 4009 920 4077 Scriptura:
983 4000 1443 4059 consuetudinem
1492 4000 1843 4068 ignorantes:
1902 4011 2004 4050 nos

424 4105 528 4159 hoc
590 4114 804 4170 quoque
857 4111 952 4152 eos
997 4094 1336 4148 docebimus.
1367 4089 1502 4144 Nam
1561 4089 1705 4157 quod
1755 4087 2005 4141 Christus

426 4189 631 4261 passim
674 4189 736 4241 in
787 4185 1087 4254 Scriptura,
1140 4183 1327 4243 homo,
1357 4186 1412 4232 et
1446 4177 1615 4232 Fiiius
1644 4177 1878 4232 hominis
1911 4191 2006 4245 ap-

429 4281 683 4350 pelletur,
715 4275 846 4345 quid
881 4273 1024 4344 apud
1053 4288 1150 4326 eos
1177 4283 1607 4324 commemorare
1635 4273 1853 4331 attinet,
1879 4283 2004 4338 qui-

431 4372 532 4426 bus
563 4368 668 4422 hoc
695 4364 970 4437 cognitum
1003 4371 1089 4418 est
1123 4368 1177 4415 et
1201 4360 1581 4430 exploratum?

500 4449 659 4516 Quod
689 4451 734 4502 si
801 4449 928 4502 huic
962 4448 1084 4502 loco
1132 4447 1468 4511 innituntur,
1514 4443 1743 4500 Verbum
1779 4456 1902 4494 caro
1929 4438 2014 4508 [a-

2167 4442 2234 4496 Ei'
2271 4442 2330 4496 δὲ
2374 4440 2798 4512 διισχυρίζονται
2836 4441 2914 4512 τῷ
2978 4477 2996 4504 ,

430 4550 572 4596 ctum
607 4550 705 4605 est,
755 4549 805 4596 et
847 4540 1102 4594 habitavit
1140 4538 1196 4592 in
1235 4537 1385 4592 nobis
1437 4545 1483 4602 ³,
1524 4537 1595 4591 ob
1627 4535 1815 4604 idque,
1846 4539 1906 4586 ut
1930 4545 2027 4585 su-

430 4644 580 4690 tores
612 4649 736 4707 quae
774 4633 830 4688 in
858 4633 1098 4703 pellibus
1127 4632 1405 4686 crassiora
1423 4635 1574 4693 sunt,
1620 4627 1700 4681 ita
1722 4625 1849 4696 ipsi,
1882 4624 2027 4694 quod

431 4729 490 4782 in
508 4729 728 4784 homine
752 4725 1278 4798 praestantissimum
1295 4730 1402 4785 est,
1439 4718 1736 4784 abradunt,
1771 4725 1828 4772 ut
1858 4717 2028 4772 Deum

441 4835 567 4872 cum
617 4834 784 4873 carne
835 4819 1218 4886 conglutinent
1252 4833 1264 4869 :
1297 4823 1512 4883 tempus
1557 4819 1645 4866 est
1697 4820 1754 4865 ut
1794 4811 1899 4879 ipsi
1942 4809 2030 4863 di-

445 4917 595 4971 cant,
626 4909 874 4962 carnium
900 4923 1117 4978 quoque
1149 4906 1414 4960 duntaxat
1461 4903 1632 4957 Deum
1676 4915 1803 4957 esse
1836 4899 2030 4967 Deum,

445 5012 556 5052 non
617 5007 796 5050 autem
841 4998 1004 5050 etiam
1075 4997 1406 5056 anim-arum,
1464 4991 1727 5063 quoniam
1764 4992 2033 5060 seri-ptum

441 5094 551 5150 est,
603 5085 756 5141 Sicut
807 5085 1004 5139 dedisti
1051 5088 1098 5140 ei
1146 5083 1464 5152 potestatem.
1508 5083 1680 5136 omnia
1720 5081 1901 5133 carnis
1959 5085 1979 5118 ⁸
2017 5096 2033 5147 ;

453 5187 519 5248 α,
544 5178 627 5232 Ad
665 5190 712 5231 te
742 5179 911 5231 omnia
945 5193 1070 5230 caro
1095 5178 1261 5231 veniet
1293 5175 1318 5208 ⁸
1362 5191 1377 5241 ;
1415 5182 1490 5240 et,
1521 5171 1810 5226 Benedth
1867 5171 2037 5225 omnis

441 5288 568 5327 caro
599 5270 801 5326 nomini
857 5276 1040 5322 sancto
1077 5268 1204 5337 ejus
1232 5274 1296 5332 o;
1339 5266 1442 5320 hoc
1473 5272 1577 5329 est,
1608 5263 1790 5318 omnis
1824 5263 1990 5317 homo
2020 5281 2034 5318 :

444 5373 541 5420 aut
570 5378 786 5422 rursum
806 5369 988 5432 patres
1013 5366 1235 5414 nostros
1255 5358 1614 5428 incorporeos
1642 5363 1699 5412 et'
1729 5353 2038 5410 invisibiles

449 5457 503 5512 in
531 5455 823 5528 digyptum
849 5450 1219 5515 descendisse,
1248 5451 1529 5520 solamque
1547 5447 1770 5520 Iosephi
1792 5446 2036 5500 animam

447 5563 479 5602 θ
507 5547 792 5603 Pharaone
852 5546 908 5601 in
938 5544 1158 5599 vincula
1190 5541 1497 5612 c0njectam
1532 5540 1731 5605 fuisse,
1775 5539 2037 5610 quoniam

451 5639 723 5708 scriptum
759 5647 899 5694 est:
945 5633 1012 5691 In
1069 5633 1406 5706 septuaginta
1461 5634 1690 5703 quinque
1757 5627 2038 5685 animabus

524 5806 541 5836 ⁸
573 5805 744 5859 Exod.
780 5820 870 5871 in,
900 5805 956 5860 2.
1033 5804 1053 5834 ¹
1085 5803 1220 5858 Gen.
1251 5817 1409 5870 xvtn,
1444 5802 1464 5856 1
1505 5816 1621 5870 sqq.

1703 5799 1723 5830 ³
1750 5796 1905 5852 Joan.
1941 5811 1983 5864 ι,
2013 5795 2096 5852 14.
2173 5793 2194 5824 ⁸
2227 5792 2383 5850 Joau.
2411 5795 2613 5864 xvu,2.
2689 5795 2869 5853 'l‘sal.
2904 5814 3050 5865 Ltiv,
3070 5799 3123 5854 3.

2170 2192 2341 2246 Τοῦτο
2377 2192 2474 2246 νῦν
2501 2193 2894 2257 ῶποδέδεικται,
2924 2193 3028 2246 κᾶν
3062 2193 3136 2265 μὴ
3167 2193 3486 2263 βούλωνται,
3536 2211 3684 2263 γεω-

2109 2287 2414 2353 μετρικαῖς,
2469 2279 2547 2348 ὥς
2587 2302 2750 2354 φασιν
2806 2285 2980 2346 αὐτοὶ,
3029 2285 3122 2337 καί
3173 2285 3506 2352 ἀναγκαίαις
3546 2295 3686 2339 απο-

2104 2371 2322 2440 δείξεσι.
2385 2375 2457 2428 Σὺ
2509 2375 2566 2428 δὲ
2606 2376 2782 2438 ποιεῖς
2823 2373 3228 2445 παραπλήσιον,
3281 2373 3468 2445 ὥσπερ
3513 2373 3582 2428 ἂν
3643 2377 3689 2427 εἰ

2104 2464 2380 2536 ὀφθαλμοῦ
2425 2465 2710 2538 ἀνθρώπου
2764 2465 3095 2528 πταίσαντος
3156 2465 3251 2517 καὶ
3303 2465 3466 2527 ποδὸς
3522 2480 3620 2527 πρι
3635 2479 3689 2516 τ-

2105 2556 2448 2619 πταίσαντος,
2474 2555 2567 2608 τὸν
2597 2555 2734 2610 πόδα
2762 2553 2861 2626 μὲν
2889 2555 3243 2625 ἐθεράπευες,
3275 2551 3368 2606 τὸν
3398 2553 3455 2606 δὲ
3488 2552 3692 2622 ὀφθαλ-

2107 2650 2207 2721 μὸν
2261 2648 2640 2719 ἀθεράπευτον
2687 2649 2837 2710 εἴας’
2872 2646 2906 2717 ἢ
2938 2642 3234 2716 ζωγράφου
3279 2660 3332 2696 τι
3385 2642 3461 2715 μὴ
3507 2643 3691 2707 καλῶς

2104 2739 2433 2810 γράψαντος,
2461 2737 2524 2791 τδ
2560 2737 2657 2808 μὲν
2685 2737 2894 2808 γραφὲν
2925 2735 3250 2808 μετεποίεις,
3277 2733 3368 2788 τὸν
3390 2731 3446 2788 δὲ
3473 2733 3691 2805 ζωγρά-

2105 2847 2204 2900 φον
2233 2829 2309 2894 ὡς
2352 2829 2720 2901 κατορθοῦντα
2769 2827 3124 2900 παρέτρεχες.

2651 3119 2744 3174 Ἐκ
2782 3121 2894 3190 τῆς
2936 3119 3156 3194 αὐτῆς.

2179 3255 2242 3308 Εἰ
2289 3254 2345 3306 δὲ
2401 3255 2506 3307 ὑπὸ
2553 3255 2762 3308 τούτων
2810 3257 3178 3330 ἐξειργόμενοι
3229 3260 3340 3314 τῶν
3385 3261 3694 3333 λογισμῶν,

2111 3347 2558 3415 καταφεύγουσιν
2585 3349 2678 3400 ἐπὶ
2722 3349 2782 3401 τὸ
2810 3348 3038 3404 δυνατὸν
3062 3346 3200 3403 εἶναι
3222 3351 3367 3423 Θεῷ,
3397 3354 3498 3406 καὶ
3523 3356 3694 3426 χωρὶς

2105 3437 2221 3505 νοῦ,
2255 3439 2430 3490 σῶσαι
2464 3437 2554 3490 τὸν
2582 3437 2892 3509 ἄνθρωπον,
2924 3440 3153 3494 δυνατὸν
3174 3441 3238 3512 δή
3266 3458 3370 3496 ⁴που
3399 3445 3494 3496 καὶ
3522 3447 3691 3514 χωρὶς

2108 3531 2339 3602 σαρκδς,
2377 3529 2526 3599 μόνῳ
2575 3529 2656 3600 τῷ
2699 3529 3014 3600 βούλεσθαι,
3044 3530 3236 3601 ὥσπερ
3287 3534 3384 3587 καὶ
3429 3535 3500 3588 τὰ
3555 3536 3691 3591 ἄλλα

2108 3624 2286 3678 πάντα
2304 3625 2542 3692 ἐνεργεῖ,
2566 3625 2662 3676 καὶ
2679 3624 2988 3693 ἐνήργηκεν
3012 3625 3344 3695 ἀσωμάτως.
3363 3627 3563 3683 Ἀνελε
3593 3625 3691 3685 οῦν

2109 3718 2247 3786 μετὰ
2273 3714 2372 3769 τοῦ
2397 3715 2490 3768 νοῦ
2517 3716 2611 3769 καὶ
2639 3715 2739 3788 τὴν
2768 3719 2969 3788 σάρκα,
2996 3717 3062 3773 ἵν’
3155 3733 3242 3773 σοι
3273 3719 3480 3774 τ’έλιιον
3505 3721 3564 3774 τὸ
3591 3722 3692 3792 τῆς

2105 3809 2387 3872 ἀπονοίας.
2422 3807 2566 3862 Ἀλλ’
2596 3809 2918 3862 ἀπατῶνται
2943 3811 3049 3864 ὑπὸ
3073 3810 3168 3864 τοῦ
3209 3811 3569 3882 γράμματος,
3592 3816 3692 3866 καὶ

2105 3899 2198 3952 διὰ
2247 3899 2410 3952 τοῦτο
2452 3902 2517 3969 τῇ
2565 3901 2728 3970 σαρκὶ
2775 3903 3200 3973 προστρέχουσι,
3248 3902 3350 3972 τὴν
3401 3904 3692 3975 συνήθειαν

2103 3991 2203 4057 τῆς
2249 3991 2472 4062 Γραφῆς
2515 3993 2858 4060 ἀγνοοῦντες.
2896 3995 3090 4063 Ἡμεῖς
3139 3994 3342 4058 αὐτοὺς
3391 3995 3484 4049 καὶ
3529 3997 3690 4050 τοῦτο

2104 4081 2414 4150 διδάξομεν.
2444 4083 2567 4136 Ὅτι
2604 4083 2708 4152 μὲν
2737 4101 2847 4154 γαρ
2886 4085 3163 4156 πανταχοῦ
3191 4088 3290 4156 τῆς
3331 4086 3371 4140 Γ
3378 4088 3560 4159 ραφῆις⁹
3588 4089 3685 4143 ἄν·

2105 4172 2325 4242 θρωπος
2357 4177 2457 4228 καὶ
2485 4177 2616 4239 Υἱὸς
2653 4178 2946 4249 ἀνθρώπου
2983 4179 3479 4251 προσαγορεύεται,
3506 4180 3562 4234 τί
3603 4181 3691 4235 δεῖ

2109 4269 2243 4338 πρὸς
2281 4267 2489 4334 εἰδότας
2529 4274 2624 4325 atati.
2656 4272 2868 4340 λέγεινς

3170 4444 3235 4499 Ὀ
3291 4447 3484 4517 Λόγος
3528 4444 3686 4513 σὰρξ

2095 4531 2356 4602 ἐγένετο,
2407 4531 2510 4586 και
2543 4531 2899 4598 ἐσκήνωσεν
2944 4533 3017 4586 ἐν
3047 4532 3212 4603 ἡμῖν,
3245 4536 3340 4590 καὶ
3385 4536 3474 4590 διὰ
3527 4535 3694 4589 τοῦτο

2101 4622 2416 4694 περιξὲουσι
2466 4620 2562 4676 τοῦ
2609 4621 2900 4694 ἀνθρώπου
2951 4623 3014 4676 τὺ
3069 4623 3375 4692 κάλλιστον,
3417 4625 3606 4696 ὥσπερ
3639 4628 3692 4679 οἱ

2103 4714 2322 4775 σκυτεῖς
2367 4712 2436 4765 τά
2479 4709 2764 4782 παχύτερα
2799 4712 2909 4766 τῶν
2941 4713 3228 4783 δερμάτων
3261 4750 3278 4775 ,
3433 4716 3521 4768 ἵνα
3552 4715 3691 4769 Θεὸν

2105 4803 2270 4874 σαρκῖ¹
2315 4801 2779 4873 συγκολλήσωσιν,
2816 4803 2934 4875 ὥρα
2979 4803 3161 4870 λέγειν
3200 4805 3398 4868 αὐτοὺς
3427 4808 3524 4860 καὶ
3556 4823 3688 4877 σαρ-

2102 4883 2215 4947 κῶν
2250 4893 2426 4963 μόνων
2612 4893 2706 4947 τὸν
2739 4893 2872 4948 Θεὸν
2920 4890 3058 4948 εἶναι
3088 4893 3240 4959 Θεὸν,
3285 4896 3400 4948 ἀλλ’
3439 4896 3562 4966 οὐχὶ
3591 4897 3684 4948 καὶ

2101 4983 2312 5055 ψυχῶν,
2365 4983 2453 5037 διὰ
2503 4984 2566 5038 τὸ
2612 4985 2944 5056 γεγράφθαι,
2999 4985 3206 5053 Καθὼς
3253 4985 3482 5054 ἔδωκας
3529 4985 3693 5054 αὑτῷ

2101 5076 2395 5140 ἐξουσίαν
2439 5075 2643 5146 πάσης
2693 5079 2956 5146 σαρκὸς,
3014 5081 3129 5143 καὶ,
3177 5079 3334 5147 Πρὸς
3392 5081 3468 5135 σὲ
3521 5080 3694 5136 πᾶσα

2105 5167 2262 5236 σὰρξ
2301 5167 2457 5236 ἥξει,
2494 5170 2588 5224 καὶ
2624 5171 2961 5240 Εὐλοτείτω
2985 5169 3158 5225 πᾶσα
3185 5171 3342 5241 σὰρξ
3384 5172 3452 5226 τὸ
3503 5171 3695 5241 ὄνομα

2102 5262 2172 5316 τὸ
2219 5261 2390 5332 ἅγιον
2425 5262 2635 5326 αὐτοῦ,
2664 5263 2808 5315 τοῦτ’
2839 5262 2954 5317 ἔστι
2985 5265 3090 5327 πᾶς
3119 5264 3402 5336 ἄνθρωπος
3424 5279 3436 5294 '
3467 5264 3500 5336 ἢ
3534 5263 3698 5318 πάλιν

2103 5354 2447 5424 ἀσωμάτους,
2484 5353 2574 5406 καὶ
2611 5353 2879 5425 ἀοράτους
2908 5355 3344 5427 καταϐεϐηκέναι
3375 5356 3502 5419 τοὺς
3529 5356 3699 5409 πατέ-

2108 5457 2205 5511 ρας
2231 5439 2388 5510 ἡμῶν
2426 5440 2507 5502 εἰς
2544 5439 2843 5508 Αἴγυπτον,
2873 5442 2965 5495 καὶ
3001 5443 3100 5515 τὴν
3136 5443 3314 5516 ψυχὴν
3356 5444 3450 5498 τοῦ
3500 5445 3700 5515 Ἰωσὴφ

2102 5531 2347 5585 δεδέσθαι
2388 5531 2557 5602 μόνην
2597 5532 2703 5584 ὑπὸ
2746 5531 2841 5585 τοῦ
2879 5533 3078 5604 Φαραὼ
3115 5567 3132 5593 ο
3271 5534 3360 5589 διὰ
3389 5535 3450 5589 τὸ
3487 5535 3698 5608 γεγράο

2103 5619 2259 5692 φοαι,
2304 5623 2407 5676 Ἐν
2441 5621 2852 5692 ἐϐδομήκοντα
2887 5623 3065 5680 πέντε
3095 5626 3324 5696 ψυχαῖς
3353 5627 3700 5697 κατέϐησαν

3201 5800 3222 5832 ⁸
3239 5799 3379 5857 Psal.
3409 5795 3692 5871 cmv,‘21.
