4082 6436
351 356 464 421 893

1301 361 1670 424 PANOPLIA
1717 365 2175 427 DOGMATICA.
2205 365 2440 431 --ΤῐἸζ
2481 370 2627 434 XIV.

3524 372 3628 436 894

353 490 439 556 εις
458 487 782 559 Αιγυπτον.
822 489 940 554 καῖ,
980 490 1238 558 Σίὸιιρον
1269 489 1516 559 διῆλθεν
1541 495 1580 562 ἡ
1623 494 1796 564 ψυχὴ
1832 498 1943 550 αὐ-

2048 504 2422 561 descenderunt
2443 508 2496 561 in
2526 505 2820 578 ﬂgyptum
2875 509 2890 540 '
2921 523 2936 574 ;
2968 515 3043 572 et,
3070 506 3298 563 Ferrum
3324 511 3636 578 pertransiit

352 580 460 635 τοῦ
505 618 522 643 ,
663 583 898 652 πρᾶγμα
940 581 1162 653 δεθῆναι
1197 583 1270 656 μὴ
1305 584 1624 657 δυνάμενον.
1668 587 1947 656 ’Δγνοοῦσι

352 674 462 744 γὰρ
496 675 544 728 οἱ
577 673 753 728 ταῦτα
781 676 1050 744 λέγοντες,
1094 679 1174 732 ὅτι
1207 683 1604 754 συνεκδοχικῶς
1627 683 1694 738 τὰ
1725 683 1950 738 τοιαῦτα

354 765 717 835 ὀνομάζεται,
773 765 886 820 ἀπὸ
933 768 1131 838 μέρους
1180 769 1274 823 τοῦ
1339 773 1537 834 παντὸς
1582 771 1946 842 δηλουμένουο

354 851 546 925 ὥσπερ
587 856 710 919 καὶ,
747 858 1004 911 Νεοσσοὶ
1053 857 1172 912 τῶν
1212 862 1484 930 κοράκων
1516 863 1948 917 ἐπικαλοῦνται

353 943 464 1000 τὸν
508 945 677 1006 Θεὸν,
717 945 783 997 ἵν’
817 947 849 1016 ἠ
902 946 1077 1016 πτηνὴ
1126 948 1338 1020 δηλωθῇ
1381 951 1573 1020 φύσις,
1610 953 1704 1006 κα)⁵
1750 953 1949 1016 Πλειὰς

355 1033 452 1086 καὶ
498 1034 768 1104 Ἕσπερος
828 1034 922 1090 καὶ
975 1035 1301 1110 Ἀρκτοῦρος
1352 1042 1780 1113 μνημονεύονται
1827 1045 1950 1098 ἀντὶ⁵

353 1123 576 1180 πάντων
630 1126 913 1196 ἀστέρων,
962 1128 1059 1182 καὶ
1114 1129 1216 1201 τῆς
1279 1133 1407 1205 περὶ
1459 1133 1684 1200 τούτους
1741 1137 1950 1190 οἰκονο-

357 1216 511 1287 μίας.

427 1323 534 1378 Καὶ
569 1325 687 1396 ἅμα
719 1326 822 1379 οὐκ
857 1325 1034 1391 άλλως
1086 1321 1198 1382 οἷόν
1223 1345 1283 1382 τε
1314 1324 1384 1400 ἦν
1426 1329 1528 1401 τὴν
1553 1329 1648 1385 τοῦ
1679 1331 1814 1386 Θεοῦ
1853 1332 1940 1404 δη-

352 1415 592 1487 λωθῆναι
622 1418 752 1486 napi.
780 1420 927 1490 ἡμᾶς
953 1419 1199 1492 ἀγάπην,
1233 1421 1266 1494 ἢ
1314 1423 1380 1475 ὲκ
1421 1423 1517 1476 τοῦ
1561 1425 1939 1496 μνημονευθῆ-

353 1525 444 1563 ναι
475 1507 574 1578 τὴν
619 1509 822 1580 σάρκα,
875 1511 968 1564 καὶ
1019 1512 1102 1565 ὅτι
1320 1513 1388 1566 δι’
1424 1516 1572 1585 ἡμᾶς
1614 1517 1817 1587 κατέϐη
1851 1534 1946 1570 και.

355 1599 522 1670 μέχρι
554 1600 650 1652 τοῦ
693 1601 956 1672 χείρονος.
1009 1604 1198 1674 Σάρκα
1239 1603 1349 1677 γὰρ
1397 1601 1534 1660 εἶναι
1581 1607 1760 1678 ψυχῆς
1792 1610 1946 1663 εὐτε-

352 1689 632 1762 λέστερον,
663 1693 772 1756 sui;
795 1693 907 1747 τῶν
955 1691 1014 1749 εὖ
1059 1695 1400 1767 φρονούντων
1605 1702 1946 1770 ὀπολογήσει.

353 1781 398 1832 Τ
401 1781 432 1833 ὸ
453 1777 568 1847 οὖν,
612 1783 672 1835 '0
698 1785 889 1853 Λόγος
921 1787 1078 1854 σὰρξ
1112 1786 1370 1858 ἐγένετο,
1405 1785 1522 1843 ἴσον
1562 1791 1710 1844 δοκεῖ
1744 1809 1831 1861 μοι
1862 1791 1953 1846 δύ-

352 1871 548 1926 νασθαι
593 1872 672 1944 τῷ
708 1875 803 1928 καὶ
840 1877 1116 1948 ἁμαρτίαν
1158 1880 1321 1933 αὐτὸν
1363 1882 1647 1950 γεγονέναι
1686 1881 1945 1950 λέγεσθαι

354 1965 456 2017 καὶ
482 1968 732 2037 κατάραν
753 1982 766 1994 ·
813 1968 915 2021 οὐκ
954 1971 1033 2032 είς
1059 1969 1233 2024 ταῦτα
1261 1971 1352 2025 τοῦ
1401 1971 1608 2044 Κυρίου
1642 1990 1946 2047 μεταποιη-

357 2055 567 2121 θέντος,
601 2058 717 2121 πῶς
749 2059 894 2130 γάρ;
929 2061 1043 2113 ἀλλ’
1072 2061 1148 2124 (eg
1188 2061 1276 2115 διὰ
1322 2063 1416 2116 τοῦ
1463 2063 1636 2117 ταῦτα
1687 2063 1942 2127 δέξασθαι

355 2147 459 2211 τὰς
495 2150 725 2220 ἀνομίας
761 2152 924 2221 ἡμῶν
971 2151 1352 2219 ἀναλαϐόντος,
1382 2154 1476 2207 καὶ
1503 2153 1600 2217 τὰς
1625 2153 1812 2216 νόσους
1845 2153 1945 2223 βα-

359 2242 682 2306 σπάσαντος.

900 2449 1004 2505 Ἐκ
1027 2449 1139 2518 τῆς
1167 2450 1381 2518 αὐτῆς.

433 2539 644 2594 Ἐκεῖνο
665 2538 720 2593 δὲ
751 2539 1040 2608 γινώσκειν
1088 2543 1406 2610 ἀναγκαῖον,
1438 2543 1522 2596 ὅτι
1565 2541 1940 2610 Ἀπολινάριος

349 2630 456 2700 μὲν
476 2631 538 2682 τὸ
568 2633 669 2700 τῆς
699 2631 965 2702 Θεότητος
988 2632 1159 2702 ὄνομα
1191 2633 1268 2703 τῷ
1299 2634 1441 2703 ἁγίῳ
1475 2633 1758 2702 Πνεύματι
1792 2635 1938 2697 δοὺς,

348 2725 450 2790 τὴν
484 2724 717 2792 δύναμιν
749 2723 850 2794 τῆς
880 2723 1142 2796 Θεότητος
1170 2727 1271 2780 οὐκ
1311 2727 1566 2793 ὲφυλαξε.
1601 2725 1676 2779 Τὸ
1722 2726 1830 2794 γὰρ
1877 2729 1940 2778 ἐκ

352 2815 618 2884 μεγάλου,
643 2816 738 2869 καὶ
784 2817 1049 2892 μείζονος,
1097 2818 1192 2871 καὶ
1245 2819 1505 2887 μεγίστου
1559 2817 1827 2872 συνιστῶν
1872 2817 1937 2886 τὴ

347 2908 581 2975 missa,
621 2908 811 2980 ὥσπερ
859 2911 919 2976 ἐξ
949 2910 1127 2980 αὐγῆς
1168 2909 1264 2962 καὶ
1321 2911 1541 2970 ἀκτῖνος
1581 2913 1675 2962 καὶ
1754 2907 1941 2962 Ἠλίου

347 2999 448 3052 τοῦ
483 2999 820 3070 Πνεύματος,
853 3003 948 3055 καὶ
979 3001 1076 3055 τοῦ
1103 2999 1260 3065 Υίοῦ,
1287 3002 1381 3054 καὶ
1413 3001 1509 3055 τοῦ
1546 3000 1777 3071 Πατρδς,
1805 2999 1944 3069 ὅπερ

351 3092 544 3158 σαφῶς
585 3096 642 3146 ἐν
667 3095 779 3156 τοῖς
807 3094 1018 3147 ἐκείνου
1053 3095 1364 3163 γέγραπται
1398 3092 1598 3160 λόγοις,
1628 3093 1720 3147 καὶ
1745 3090 1948 3161 κλίμαξ

2050 600 2230 653 anima
2273 601 2388 668 ejus
2461 606 2506 664 ³,
2542 616 2628 656 res
2661 601 2914 670 profecto
2962 601 3260 671 ejusmodi,
3307 617 3446 672 quur
3469 603 3636 656 nullis

2050 692 2285 745 vinculis
2347 692 2572 762 astringi
2631 701 2816 762 queat.
2877 691 3137 764 Ignorant
3169 695 3341 756 enim,
3387 694 3481 763 qui
3522 694 3638 747 haec

2049 783 2258 848 dicunt,
2290 799 2376 838 res
2403 784 2570 839 hasce
2604 799 2700 854 per
2730 785 3114 855 synecdochen
3166 787 3481 849 enuntiari,
3521 795 3643 841 toto

2050 895 2246 949 nempe
2275 895 2371 949 per
2397 889 2606 949 partem
2653 879 2928 945 indicato;
2970 888 3028 934 ut
3057 896 3181 934 eum
3215 882 3290 934 ait
3323 881 3636 952 Scriptura,

2051 971 2119 1025 Et
2143 971 2276 1040 pulli
2307 987 2582 1025 corvorum
2618 969 2786 1024 Deum
2835 972 3079 1026 invocant
3139 981 3188 1037 ³,
3220 981 3279 1027 ut
3320 975 3502 1026 avium
3530 987 3632 1026 na-

2048 1074 2170 1122 tura
2203 1063 2536 1134 designetur,
2574 1071 2628 1117 et
2663 1062 2842 1118 Pleias
2863 1073 2917 1118 et
2945 1062 3221 1134 Vesperus
3270 1074 3324 1118 et
3365 1056 3641 1120 Arcturus

2052 1161 2429 1210 memorantur
2470 1159 2519 1218 ⁸,
2552 1166 2650 1223 pro
2680 1167 2768 1216 eo,
2804 1169 2868 1208 ac
2899 1154 2944 1209 si
2975 1154 3179 1208 diceret
3206 1155 3390 1209 omnia
3431 1155 3638 1217 sidera,

2050 1243 2256 1314 Deique
2284 1243 2430 1298 circa
2447 1258 2508 1298 ea
2533 1241 2956 1312 providentiam.

2121 1335 2238 1390 Huc
2263 1334 2496 1400 accedit,
2553 1336 2700 1406 quod
2731 1351 2838 1391 non
2885 1334 3046 1389 aliter
3073 1331 3168 1388 Dei
3201 1348 3330 1404 erga
3362 1349 3463 1389 nos
3486 1349 3642 1391 amor

2043 1436 2280 1485 testatus
2323 1442 2445 1483 esse
2507 1435 2745 1498 poterat,
2803 1442 2968 1498 quam
3007 1443 3072 1482 ex
3127 1441 3193 1482 eo
3225 1427 3371 1497 quod
3415 1443 3544 1483 caro
3583 1429 3640 1484 in

2044 1519 2312 1574 memoria
2383 1517 2570 1585 fuerit,
2631 1530 2686 1574 et
2721 1520 2850 1589 quia
2882 1520 3058 1575 nostri
3095 1534 3266 1574 causa
3318 1523 3438 1591 ipse
3465 1521 3636 1576 etiam

2046 1625 2224 1681 usque
2247 1609 2314 1664 ad
2357 1611 2690 1666 deteriorem
2723 1618 2933 1682 partem
2972 1627 3095 1667 sese
3126 1611 3368 1667 demisit.
3395 1612 3635 1667 Carnem

2046 1704 2193 1760 enim
2225 1703 2406 1757 anima
2437 1703 2684 1758 viliorem
2713 1717 2838 1758 esse
2865 1719 3027 1757 nemo
3054 1718 3201 1758 same
3217 1704 3415 1759 mentis
3434 1703 3646 1758 inﬁcia-

1979 1825 2019 1880 Β
2049 1795 2220 1850 bitur.
2268 1793 2460 1863 Itaque
2489 1793 2578 1848 hic
2602 1794 2778 1856 locus,
2828 1792 3055 1847 Verbum
3075 1811 3200 1848 caro
3237 1793 3441 1862 factum
3469 1802 3546 1848 est
3589 1801 3639 1857 ³,

2046 1886 2294 1941 eamdem
2323 1887 2430 1938 vim
2474 1893 2527 1938 et
2575 1883 3034 1953 signiﬁcationem
3069 1885 3202 1938 mihi
3251 1885 3452 1940 habere
3488 1885 3644 1940 vide-

2046 1984 2138 2031 tur
2171 1993 2292 2032 cum
2331 1991 2418 2041 eo,
2452 1975 2598 2046 quod
2623 1986 2897 2045 peccatum
2935 1991 3154 2046 quoque
3180 1976 3358 2044 ipsum
3393 1985 3445 2028 et
3475 1973 3642 2026 male-

2046 2068 2248 2122 dictum
2303 2068 2480 2123 factus
2528 2083 2650 2123 esse
2681 2067 2886 2122 dicitur
2918 2068 2939 2098 ⁸
2985 2086 2999 2132 ;
3047 2083 3154 2121 non
3191 2067 3335 2136 quod
3375 2065 3640 2120 Dominus

2045 2161 2102 2215 in
2138 2159 2254 2214 haec
2302 2159 2624 2213 immutatus
2671 2158 2780 2224 sit;
2835 2159 2928 2228 qui
2971 2159 3116 2213 enim
3163 2159 3214 2212 id
3268 2157 3382 2212 ﬁeri
3421 2152 3641 2226 posset?

2050 2249 2147 2306 sed
2198 2250 2325 2320 quia
2375 2265 2473 2320 per
2503 2249 2556 2304 id
2589 2249 2736 2320 quod
2800 2251 2915 2306 haec
2972 2251 3262 2320 suscepit,
3318 2249 3642 2319 iniquitates

2051 2348 2275 2395 nostras
2323 2339 2570 2404 sustulit,
2606 2347 2660 2394 et
2705 2340 2929 2396 morbos
2985 2339 3245 2409 portavit.

2693 2448 2776 2502 Ea:
2813 2449 3018 2501 eadem.

2122 2538 2258 2595 Illud
2282 2543 2422 2595 scire
2445 2556 2670 2596 necesse
2694 2551 2797 2605 est,
2817 2538 3230 2609 Apollinarium.
3251 2536 3498 2605 quamvis
3520 2535 3640 2591 del-

2050 2631 2174 2686 talis
2200 2647 2400 2686 nomen
2431 2633 2656 2703 Spiritui
2683 2626 2872 2686 sancto
2903 2632 3138 2696 dederit,
3171 2632 3278 2684 vim
3307 2638 3487 2684 tamen
3525 2627 3638 2684 dei-

2048 2726 2176 2780 tatis
2224 2726 2448 2780 minime
2497 2727 2842 2782 custodiis-se.
2895 2725 3174 2793 Siquidem
3212 2739 3280 2777 ex
3331 2738 3548 2790 magno,
3582 2733 3638 2777 et

2047 2819 2263 2885 maiori.
2298 2828 2354 2874 et
2409 2822 2670 2882 maximo,
2715 2821 2817 2874 hoe
2847 2828 2949 2874 est.
2985 2834 3050 2872 ex
3084 2817 3288 2884 Spiritu
3335 2825 3547 2872 sancto.
3582 2820 3639 2868 et

2047 2910 2218 2976 Filio,
2282 2918 2337 2964 et
2389 2909 2571 2970 Patre.
2629 2921 2880 2978 tanquam
2919 2923 2982 2963 ex
3018 2906 3328 2975 splendore,
3377 2914 3431 2958 et
3461 2904 3638 2966 radio,

2046 3009 2103 3055 et
2154 3001 2289 3064 sole,
2338 2996 2664 3054 Trinitatem
2699 2999 3034 3053 constituere
3081 2995 3246 3062 (quod
3292 2994 3513 3064 quidem
3570 2993 3628 3047 in

2049 3092 2194 3146 illius
2229 3091 2382 3146 libris
2413 3099 2601 3160 aperte
2625 3089 2888 3158 scriptum
2928 3087 3056 3153 est).
3096 3085 3316 3140 deitatis
3353 3085 3499 3140 seala
3525 3093 3633 3150 est,

350 3184 472 3236 ἔστι
529 3184 796 3252 Θεότητος
837 3186 936 3239 οὐκ
995 3188 1076 3249 εἰς
1134 3187 1360 3256 οὐρανὸν
1397 3187 1699 3254 ἀνάγουσα,
1733 3186 1852 3238 ἀλλ’
1888 3184 1945 3250 ἐξ

2050 3197 2160 3238 non
2215 3183 2270 3237 in
2315 3182 2512 3238 caelum
2559 3181 2912 3242 subveliens,
2945 3179 3042 3235 sed
3089 3194 3121 3234 e
3160 3178 3302 3234 cmlo
3347 3176 3635 3245 dejiciens.

1971 3233 2018 3298 C

349 3275 585 3346 ούρανοῦ
610 3278 946 3344 κατάγουσα.
989 3276 1186 3348 Ἡμεῖς
1215 3277 1271 3331 δὲ
1301 3277 1435 3331 Θεὸν
1475 3276 1822 3347 γινώσκομεν
1853 3276 1945 3330 τὸν

2050 3279 2118 3332 At
2149 3289 2248 3330 nos
2283 3274 2450 3332 Deum
2484 3275 2705 3342 quidem
2731 3272 2948 3330 Patrem
2980 3286 3039 3330 et
3059 3273 3261 3329 Filium
3286 3279 3340 3328 et
3368 3270 3638 3339 Spiritum

351 3368 599 3437 Πατέρα,
621 3369 829 3423 καὶτὸν
849 3368 1000 3433 Υίδν,
1027 3370 1122 3422 καὶ
1155 3368 1216 3421 τὸ
1257 3368 1413 3436 ἅγιον
1455 3367 1704 3435 Πνεῦμα.
1761 3367 1946 3420 Ταῦτα

349 3461 412 3515 δὲ
440 3461 734 3530 οὐκλήσεις
766 3462 928 3531 ψιλὰς
962 3461 1267 3532 τεμνούσας
1315 3460 1666 3530 ἁξιώμάτων,
1701 3461 1733 3530 ἢ
1789 3461 1948 3513 δυνά-

360 3567 504 3619 μεων
532 3551 880 3620 ἁνισότητας,
906 3551 1042 3607 ἀλλὰ
1073 3551 1203 3621 μίαν
1234 3555 1328 3604 καὶ
1373 3550 1473 3620 τὴν
1520 3549 1693 3617 αὐτὴν
1756 3548 1944 3620 ὥσπερ

361 3643 754 3714 προσηγορίαν,
778 3644 922 3698 οὕτω
949 3648 1042 3700 καὶ
1075 3645 1346 3716 Θεότητος
1377 3644 1539 3714 φύσιν
1563 3683 1579 3708 ,
1613 3645 1708 3698 καὶ
1755 3643 1946 3696 οὐσίαν

356 3735 453 3788 καὶ
484 3735 738 3806 δύναμιν.

358 3829 472 3883 Τοῦ
499 3829 688 3884 αὑτοῦ
714 3831 784 3885 ἐκ
813 3832 923 3902 τῆς
959 3832 1112 3900 πρὸς
1130 3833 1251 3957 joy
1287 3830 1475 3888 αὐτὸν
1498 3831 1785 3900 δευτέρας
1817 3829 1941 3883 ἐτι.

1012 3919 1128 3957 στο
1173 3922 1264 3957 τις.

1012 3919 1264 3974 στολης.

427 3986 588 4050 οὗτοι
618 3995 913 4066 γᾰ-ρήνίκα
962 3998 1062 4069 μὲν
1093 3997 1160 4052 ἂν
1188 4000 1302 4060 τοῖς
1333 3995 1580 4068 γνησίοις
1624 3994 1804 4049 αὐτῶν
1837 4011 1947 4063 μα-

355 4086 571 4153 θηταῖς,
603 4087 698 4140 καὶ
754 4088 989 4158 μύσταις
1032 4090 1142 4143 τῶν
1187 4089 1524 4160 ἀπορρήτων
1587 4086 1939 4155 θεολογῶσιν,

354 4177 552 4248 ὥσπερ
579 4180 634 4232 οἱ
663 4181 955 4251 Μανιχατοι
985 4182 1099 4244 τοῖς
1134 4181 1415 4244 ἐκλεκτοῖς
1437 4179 1788 4249 λεγομένοις,
1813 4177 1946 4245 ὅλην

352 4273 457 4342 τὴν
514 4273 670 4326 νόσον
729 4272 912 4328 αὐτῶν
969 4271 1434 4338 ὲκκαλύπτοντες,
1479 4272 1637 4339 μόλις
1697 4271 1793 4325 καὶ
1847 4269 1947 4340 τὴν

357 4370 540 4436 σάρκα
582 4367 660 4436 τῷ
708 4367 928 4436 Σωτῆρι
976 4365 1237 4419 διδόασιν.
1269 4365 1442 4420 Ὅταν
1492 4364 1549 4418 δὲ
1583 4366 1704 4426 ταῖς
1739 4365 1946 4424 κοιναῖς

356 4457 662 4529 ὑπολήψεσι
702 4458 835 4529 περὶ
876 4458 978 4522 τῆς
1028 4455 1615 4529 ὲνανθρωπήσεωςιᾶς
1664 4458 1696 4526 ἡ
1754 4453 1945 4525 Γραφὴ

2047 3377 2298 3424 sanctum
2334 3369 2722 3438 agnoscimus:
2777 3369 2895 3422 haec
2953 3377 3136 3422 autem
3188 3381 3296 3421 non
3336 3363 3482 3419 nuda
3531 3377 3639 3417 no-

2047 3457 2216 3523 mina,
2257 3459 2502 3528 dispares
2549 3459 2845 3530 dignitates
2892 3467 2982 3513 aut
3031 3458 3300 3526 potentias
3349 3455 3590 3514 sccantia
3620 3495 3636 3519 ,

2046 3551 2142 3606 sed
2176 3565 2336 3604 unam
2360 3551 2740 3620 eamdemque,
2772 3560 2831 3604 ut
2859 3551 3301 3620 appellationem,
3327 3551 3400 3605 ita
3431 3546 3640 3606 divini-

2048 3642 2174 3697 tatis
2205 3649 2480 3706 naturam,
2516 3650 2572 3697 et
2606 3643 2920 3708 essentiam,
2957 3656 3022 3696 ac
3061 3643 3386 3712 potentiam.

2222 3816 2474 3887 Ejusdem
2498 3833 2563 3872 ea:
2589 3817 2762 3871 altera
2793 3816 2862 3870 ad
2883 3814 3122 3869 eumdem
3149 3813 3414 3884 Epistola.

2115 3994 2210 4050 Isti
2243 3994 2411 4059 enim,
2449 4009 2574 4049 cum
2606 3993 2750 4064 apud
2786 3992 2924 4048 ﬁdos
2960 4006 3091 4047 suos
3113 3989 3415 4060 discipulos
3451 3997 3507 4044 et
3533 4005 3630 4044 ar-

2046 4099 2307 4141 canorum
2336 4084 2609 4151 conscios,
2651 4082 3113 4154 quemadmodum
3143 4080 3449 4144 Manichazi,
3482 4078 3631 4150 apud

2045 4193 2140 4232 eos
2173 4193 2313 4247 quos
2334 4177 2540 4233 electos
2573 4184 2794 4239 vocant,
2822 4175 2889 4230 de
2911 4174 3192 4230 divinitate
3213 4173 3517 4244 disputant,
3544 4182 3632 4225 to-

2048 4277 2164 4324 tum
2212 4285 2372 4325 suum
2428 4269 2681 4325 morbum
2728 4268 3066 4340 detegentes,
3095 4267 3180 4320 vix
3221 4266 3383 4321 etiam
3412 4279 3643 4319 carnem

2051 4361 2325 4416 Salvatori
2382 4361 2649 4416 tribuunt.
2681 4359 2816 4416 Cum
2873 4370 3053 4415 autem
3108 4356 3493 4413 communibus
3545 4354 3616 4409 de

2048 4452 2405 4508 humanitatis
2435 4452 2812 4522 assumptione
2837 4450 3148 4512 sententiis,
3185 4463 3320 4518 quas
3347 4447 3639 4516 Scriptura

357 4551 712 4624 παρίστησιν,
756 4553 1090 4625 ἐλέγχωνται
1156 4553 1254 4605 καὶ
1297 4550 1619 4614 πιέζωνται,
1676 4550 1776 4610 τὰς
1842 4548 1944 4618 μὲν

2049 4545 2295 4609 exhibet,
2328 4545 2734 4598 convincuntur
2777 4557 2840 4596 ac
2873 4551 3219 4611 premuntur,
3262 4540 3384 4609 pias
3415 4537 3640 4608 quidem

357 4644 605 4705 εὐσεϐεῖς
650 4642 824 4708 λέξεις
867 4642 1221 4714 ὁμολογοῦσι,
1251 4645 1380 4714 περὶ
1426 4641 1483 4693 δὲ
1530 4641 1621 4695 τὸν
1667 4639 1793 4692 νοῦν
1843 4656 1943 4691 xm

359 4732 710 4804 κουργοῦσιν,
766 4734 868 4786 οὐκ
913 4734 1120 4805 ἄψυχον
1173 4735 1296 4803 μὲν,
1359 4732 1482 4786 οὐδὲ
1541 4731 1762 4798 ἄλογον,
1820 4729 1942 4782 οὐδὲ

358 4825 543 4886 anew,
567 4825 686 4879 οὐδὲ
717 4825 882 4896 ἀτελῆ
905 4825 1301 4895 ὁμολογοῦντες
1324 4828 1414 4879 τ“ιν
1439 4825 1750 4895 ἄνθρωπον,
1767 4823 1946 4892 ψυχὴν

358 4918 418 4970 δὲ
453 4919 548 4970 καὶ
591 4917 772 4986 λόγον,
805 4919 900 4972 καὶ
931 4918 1283 4989 νοῦν,·αύτὴν
1321 4919 1640 4983 εἰσάγοντες
1674 4914 1776 4986 τὴν
1829 4913 1947 4965 0εὸ-

366 5029 522 5080 τητα,
546 5011 622 5075 ὡς
655 5013 828 5082 αὐτῆς
863 5015 928 5084 τῇ
963 5011 1129 5082 σαρκὶ⁵
1161 5010 1569 5081 συγκραθείσης
1603 5009 1799 5080 μόνης,
1824 5005 1945 5060 ἁλλ’

359 5106 485 5176 οὐχὶ
522 5105 614 5159 καὶ
645 5105 753 5157 τῶν
786 5105 1074 5175 ἡμετέρων
1110 5103 1204 5158 καὶ
1246 5103 1627 5174 ἀνθρωπίνων,
1657 5103 1706 5153 εἱ
1757 5104 1852 5154 καὶ
1887 5101 1948 5154 τὸ

360 5198 753 5268 ἀναμάρτητον
794 5201 1042 5270 κρεῖττον
1093 5199 1126 5267 ἢ
1184 5197 1308 5252 καθ’
1359 5197 1508 5266 ἡμᾶς
1557 5191 1649 5266 ἦν,
1699 5197 1794 5250 καὶ
1839 5195 1948 5248 τῶν

362 5293 651 5363 ἡμετέρων
679 5293 869 5346 παθῶν
893 5291 1218 5362 καθάρσιον.

439 5562 598 5616 οὓτω
627 5559 760 5629 γοῦν
789 5557 885 5613 καὶ
918 5557 1002 5625 τδ,
1038 5555 1240 5625 Ἡμεῖς
1262 5553 1332 5607 ’δὲ
1354 5555 1507 5606 γοῦν
1535 5547 1797 5620 Χριστοῦ
1820 5549 1952 5604 ἐκο-

365 5673 500 5727 ιιε-ν,
559 5651 1001 5725 παρεξηγοῦνται
1037 5651 1226 5713 κακῶς
1261 5647 1354 5702 καὶ
1395 5647 1520 5700 λίαν
1551 5645 1791 5716 εὐήθως,
1824 5645 1952 5696 νοῦν

445 5786 458 5805 ·
495 5783 616 5832 Act.
649 5792 744 5841 vn,
773 5776 857 5830 14.
928 5775 948 5805 ’
979 5771 1120 5827 Psal.
1161 5785 1270 5833 ειν,
1306 5769 1393 5824 I8.
1483 5766 1669 5832 “Psal,
1692 5779 1870 5831 cuvt,
1901 5764 1956 5820 9.

372 5854 478 5920 12,
513 5849 634 5905 Gal.
674 5865 756 5914 ιιι,
797 5848 880 5903 15.
958 5843 977 5877 ⁷
1011 5843 1028 5900 ι
1057 5845 1182 5900 Cor.
1219 5855 1280 5908 ιι,
1313 5841 1395 5895 ιιι.

2049 4637 2317 4694 dictiones
2345 4635 2699 4699 conﬁtentur,
2741 4649 2932 4689 verum
2966 4634 3116 4688 circa
3143 4645 3366 4686 sensum
3391 4637 3446 4684 et
3474 4628 3638 4682 intel-

2051 4730 2326 4799 ligentiam
2357 4727 2513 4783 dolos
2559 4735 2807 4793 nectunt,
2865 4742 2974 4781 non
3023 4723 3244 4792 quidem
3289 4721 3502 4784 anima,
3537 4734 3642 4773 nec

2053 4821 2282 4876 rationis
2309 4834 2371 4875 ac
2413 4822 2615 4873 mentis
2646 4825 2921 4888 expertem
2955 4831 3058 4871 nec
3105 4813 3480 4886 imperfectum
3541 4811 3640 4864 ho-

2047 4913 2249 4968 minem
2297 4909 2660 4967 conﬁtentes:
2717 4917 2974 4964 creterum
3036 4906 3257 4971 animae,
3302 4913 3358 4957 et
3386 4900 3640 4966 rationis,

2046 5020 2111 5061 ac
2135 5003 2334 5060 mentis
2351 5003 2471 5058 loco
2493 5001 2836 5058 divinitatem
2861 5001 3203 5064 indecentes,
3222 4995 3456 5068 perinde
3476 5005 3644 5066 atque

2047 5097 2165 5167 ipsa
2197 5097 2312 5152 sola
2342 5113 2465 5151 cum
2498 5111 2661 5152 carne
2681 5103 2982 5166 temperata
3028 5101 3083 5149 et
3139 5092 3395 5164 copulata
3446 5091 3640 5154 fuerit,

2048 5197 2104 5242 at
2140 5203 2250 5242 non
2280 5188 2443 5242 etiam
2479 5188 2732 5242 humanm
2783 5195 2984 5241 nostrae
3016 5199 3107 5241 res
3140 5191 3196 5238 et
3226 5182 3590 5254 proprietates
3618 5197 3638 5245 ;

2053 5277 2271 5333 etiamsi
2305 5279 2381 5333 illi
2415 5279 2483 5333 ab
2515 5279 2663 5334 omni
2702 5287 2930 5350 peccato
2973 5277 3185 5348 paritas
3224 5275 3461 5331 humana
3505 5283 3647 5324 con--

2054 5367 2262 5424 ditione
2311 5369 2599 5425 sublimior
2624 5377 2792 5437 esset,
2845 5385 2909 5425 ac
2952 5368 3273 5425 vitiosarum
3326 5370 3644 5418 nostrarum

2056 5458 2411 5516 aliectionum
2441 5461 2733 5530 expiatrix.

2129 5553 2219 5608 Sic
2268 5555 2470 5624 quippe
2520 5554 2654 5610 illud
2703 5569 2960 5625 quoque,
3033 5550 3138 5606 Nos
3191 5558 3368 5604 autem
3414 5553 3644 5599 mentem

2056 5647 2256 5703 Christi
2311 5647 2560 5702 habemus
2583 5647 2630 5713 ⁷,
2679 5661 2847 5718 prave
2896 5659 2960 5698 ac
2999 5657 3262 5717 perquam
3312 5636 3507 5695 stolide
3554 5635 3645 5688 in—

2069 5766 2090 5799 ⁸
2118 5763 2218 5822 Job
2253 5783 2479 5835 xxxvrn,
2511 5767 2603 5834 3|,
2660 5766 2753 5824 5‘2.
2821 5765 2844 5799 '
2871 5763 3029 5820 Joan.
3066 5779 3103 5830 ι,
3130 5761 3218 5817 ιι.
3289 5754 3308 5786 ⁸
3352 5755 3398 5814 II
3421 5757 3547 5812 Cor.
3587 5769 3641 5824 ν,
