4082 6406
544 297 651 362 899

1776 300 2166 363 EUTHYMII
2196 301 2568 365 ‘ZIGABENI

3704 305 3809 369 900

550 415 668 488 quit
688 414 883 477 Isaias,
901 422 1060 468 natus
1077 423 1148 467 ac!
1171 413 1335 477 nobis,
1356 423 1405 467 et
1424 414 1567 480 ﬁlius
1586 413 1742 467 datus
1760 425 1833 469 est
1851 417 1996 469 nobis
2016 416 2129 478 '.,el

2239 419 2333 486 τὴν
2363 419 2587 471 Ἡσαΐου
2609 418 2815 489 φωνὴν,
2846 419 3162 487 «ἐγεννήθη,
3188 418 3285 471 καὶ
3310 416 3425 481 υἱὸς
3449 418 3770 489 ὲδόθηήμῖν,
3786 441 3805 472 ο

554 522 654 577 per
686 521 903 560 omnmn
928 505 1139 559 transiit
1167 515 1401 570 aetatem,
1436 506 1615 574 quoad
1648 506 1697 558 in
1732 517 1873 559 terra
1907 519 2129 559 versans

554 608 802 653 mortuus
851 606 954 652 est.
981 597 1072 650 Sin
1135 595 1429 665 perfectum
1486 596 1759 650 hominem
1795 610 1859 649 ex
1908 595 2131 665 Virgine

556 698 740 742 natum
768 688 972 749 dicunt,
1011 687 1285 755 quomodo
1316 689 1366 740 in
1400 688 1592 740 matris
1621 699 1779 741 utero
1808 698 2123 742 contractus

553 782 685 836 est?
740 781 1019 847 Quomodo
1058 781 1227 836 moles
1272 780 1580 849 ipsinsjam
1639 781 1749 834 nati
1791 781 1869 835 sic
1902 788 1986 834 est
2035 782 2138 834 im-

560 871 791 934 minuta,
838 880 896 925 ut
971 872 1217 925 terminis
1266 872 1479 941 exiguis
1538 868 2136 926 circumscriberetur?

555 961 838 1026 Quomodo
898 962 1157 1030 paulatim
1205 977 1469 1017 crcscms
1526 961 1580 1016 in
1644 962 1916 1016 hominem
1960 962 2138 1031 perfe-

553 1062 699 1106 ctum
729 1054 943 1107 evasit?
974 1053 1201 1116 Eamne,
1245 1070 1407 1122 quam
1442 1054 1592 1121 prius
1627 1053 1865 1108 habebat
1916 1069 2134 1108 carnem

555 1145 754 1199 iterum
787 1160 1029 1208 sumens.
1062 1160 1132 1200 an
1166 1146 1330 1200 aliam
1374 1146 1428 1200 in
1459 1146 1644 1215 seipse
1694 1160 1791 1213 per
1826 1147 2010 1201 cibum
2050 1147 2143 1199 ad-

547 1235 830 1304 jungens?
883 1234 941 1290 Si
978 1237 1268 1306 pristinam
1299 1237 1561 1306 dixerint,
1628 1239 1915 1293 ostendent
1960 1238 2138 1306 plane,

555 1337 1019 1392 supervacaneum
1053 1324 1127 1380 illi
1162 1325 1327 1381 fuisse
1375 1328 1763 1383 nutrimentum
1802 1342 1821 1393 ;
1852 1327 1933 1382 sin
1963 1326 2145 1380 Bomi-

550 1427 685 1465 num
745 1415 1061 1469 nutrintenti
1122 1417 1441 1485 participem
1525 1418 1693 1473 fuisse
1756 1419 2143 1481 concesserint,

545 1499 687 1569 quid
738 1502 922 1557 dicent
986 1504 1053 1561 de
1098 1519 1269 1562 carne
1328 1508 1380 1561 in
1437 1506 1577 1563 caelo
1608 1508 1843 1563 relicta?
1904 1507 2147 1578 Magnam

2238 510 2331 562 καὶ
2362 510 2449 561 διὰ
2479 510 2663 579 πάσης
2693 510 2908 578 ἡλικίας
2941 511 3222 579 ὲὶήλυθεν,
3258 510 3420 581 ἄχρις
3450 511 3515 562 ἂν
3534 510 3813 567 ἀπέθανεν

2238 600 2330 653 ἰπὶ
2352 599 2455 667 γῆς
2489 600 2926 668 πολιτευόμενος.
2962 600 3023 652 Εἰ
3047 600 3103 652 δὲ
3123 600 3326 653 τέλειον
3377 598 3545 668 ἄνδρα
3591 599 3655 649 ὲκ
3711 599 3817 663 τῆς

2236 692 2518 760 Παρθένου
2552 693 2875 761 γεννηθῆναι
2903 692 3140 757 λέγουσι,
3177 692 3293 754 πῶς
3324 693 3381 744 ὲν
3408 694 3473 762 τῇ
3529 690 3683 760 νηδύϊ
3714 689 3817 755 τῆς

2240 784 2443 854 μητρὸς
2488 784 2787 852 συνεστάλη
2812 802 2826 843 ;
2862 784 2981 844 Πῶς
3004 784 3061 836 δὲ
3091 785 3186 837 καὶ
3214 782 3565 853 γεννηθέντος
3586 785 3665 845 εις
3701 782 3819 834 ὀλε-

2237 895 2340 945 γην
2373 877 2720 947 περιγραφὴν
2757 878 2959 945 ὁδγκος
2990 877 3444 947 ἀπεσμικρύνθηζ
3475 877 3600 939 Πῶς
3631 876 3688 928 δὲ
3720 877 3819 929 καὶ

2239 970 2321 1031 εις
2372 970 2544 1037 ἄνδρα
2574 968 2777 1023 τέλειον
2818 969 3029 1039 ηὐξήθη
3086 968 3225 1021 κατὰ
3275 968 3513 1037 μικρύνς
3582 967 3820 1037 Πότερον

2240 1061 2307 1131 ἢν
2338 1057 2450 1130 εἶχε
2493 1064 2673 1134 σάρκα
2703 1065 2843 1116 κατὰ
2876 1064 3071 1132 μικρὸν
3090 1061 3507 1131 ἀναλαμϐάνων,
3556 1059 3589 1128 ή
3625 1060 3819 1129 ἑτέραν

2240 1153 2423 1221 ἑαυτῷ
2449 1153 2535 1206 διὰ
2556 1155 2654 1222 τῆς
2678 1155 2887 1223 τροφῆς
2926 1152 3277 1224 προστιθείςς
3324 1151 3466 1206 Ἀλλ’
3500 1153 3549 1204 εἰ
3585 1150 3685 1221 μὲν
3719 1152 3819 1220 τὴν

2242 1244 2477 1312 ἀρχαίαν
2519 1246 2792 1318 φήσουσι,
2847 1244 3107 1313 περιττὴν
3168 1244 3383 1307 πάντως
3446 1242 3548 1311 τὴν
3611 1241 3813 1311 τροφὴν

2243 1337 2616 1400 ἀποδείξουσιν
2644 1355 2660 1370 ο
2693 1340 2740 1389 εἰ
2763 1336 2820 1390 δὲ
2848 1338 2951 1390 οὐκ
2978 1338 3267 1405 ἀρνοῦνται
3311 1335 3519 1406 τροφῆς
3556 1351 3820 1405 μετεσχη-

2246 1430 2400 1483 κέναι
2428 1429 2522 1482 τὸν
2547 1430 2772 1499 Κύριον,
2799 1429 2851 1481 τι
2878 1428 3065 1498 ἐροῦσι
3101 1430 3226 1499 περὶ
3253 1429 3351 1499 τῆς
3385 1427 3498 1481 ἄνω
3560 1427 3821 1479 καταλει-

2246 1520 2475 1590 φθείσης
2511 1525 2751 1589 σαρκόςς
2782 1515 2847 1591 ἧς
2872 1520 2930 1572 τὸ
2963 1519 3097 1572 πολὺ
3133 1518 3277 1573 κατὰ
3328 1517 3391 1571 τὸ
3413 1514 3822 1581 armaarm—

548 1594 722 1659 enim,
794 1604 850 1647 ut
884 1610 982 1663 par
1012 1607 1115 1660 est,
1156 1608 1364 1667 partem
1420 1599 1660 1669 reliquit,
1702 1610 1755 1653 et
1804 1609 2016 1653 tantum
2084 1613 2138 1653 ex

2248 1612 2489 1677 λειπται,
2535 1612 2695 1681 μόνον
2751 1612 2806 1665 δὲ
2863 1611 3117 1664 τοσοῦτον
3178 1609 3275 1665 ἀπ’
3328 1609 3498 1680 αὐτῆς
3542 1608 3821 1678 ειληπται,

561 1683 650 1737 illa
686 1683 790 1739 sibi
834 1684 1097 1742 duntaxat
1122 1690 1381 1754 servavit,
1413 1698 1669 1757 quantam
1700 1688 2138 1761 Virginiszuterut

2251 1704 2375 1758 ὅσον
2399 1706 2433 1775 ή
2468 1705 2627 1774 νηδὺς
2648 1703 2897 1775 ἐχώρησε
2925 1704 3023 1773 τῆς
3054 1703 3354 1774 Παρθένου.

549 1776 827 1845 capiebat.

1189 1866 1275 1922 Ea:
1295 1868 1497 1924 eadem.

635 1958 692 2013 Si
728 1972 942 2015 carnem
974 1959 1118 2015 circa
1146 1962 1381 2031 seipsum
1411 1977 1629 2033 semper
1667 1962 1857 2020 habuit
1881 1963 1941 2019 in
1970 1962 2138 2029 calo,

561 2048 730 2104 Deum
774 2062 952 2105 autem
1007 2066 1227 2106 carnem
1286 2068 1407 2108 esse
1451 2055 1661 2120 dicunt,
1708 2058 1799 2124 qui
1839 2067 2143 2125 sequuntur

558 2141 947 2209 Apollinarium
982 2144 1205 2197 :omnis
1237 2150 1416 2195 autem
1473 2157 1603 2198 caro
1651 2146 1821 2197 tactui
1895 2146 2137 2213 resistit;

552 2231 704 2299 qmd
748 2240 927 2286 autem
980 2234 1188 2287 resistit
1218 2247 1281 2289 ex
1313 2234 1539 2288 materia
1573 2245 1791 2299 constat
1824 2246 1875 2290 et
1922 2253 2141 2307 compo-

560 2325 728 2376 situm
780 2330 966 2390 est,et
1015 2323 1156 2393 quod
1205 2325 1565 2395 compositum
1620 2338 1726 2393 est,
1787 2328 2136 2386 dissolvitur:

556 2427 790 2468 necesse
820 2424 903 2470 est
945 2416 1118 2485 ipsum
1157 2427 1216 2473 et
1246 2435 1311 2472 ex
1345 2419 1570 2475 materia
1613 2421 1929 2479 constitisse
1981 2432 2140 2478 ante-

554 2519 722 2574 quam
761 2520 791 2561 e
822 2507 964 2562 cmlo
988 2508 1360 2577 descenderet,
1395 2521 1448 2568 et
1482 2512 1713 2571 diversis
1752 2527 1788 2569 ο
1832 2516 1994 2572 rebus
2022 2532 2142 2571 esse

552 2597 942 2665 compositum,
1005 2609 1059 2654 et
1101 2599 1514 2658 dissolutionem
1564 2604 1887 2661 naturaliter
1947 2620 2141 2677 exspe-

554 2696 729 2741 etare.

1056 2777 1141 2832 Ea:
1177 2782 1357 2836 eadem
1388 2782 1645 2839 oratione.

632 2867 703 2922 Ut
728 2868 917 2937 probet
950 2869 1292 2940 Unigenitum
1314 2883 1436 2928 ante
1458 2875 1652 2930 saacnla
1683 2890 1901 2931 carnem
1933 2891 2143 2932 assum-

562 2959 756 3026 psisse,
804 2959 961 3015 allert
1011 2963 1317 3018 testimonia
1363 2980 1483 3033 qua:
1531 2967 1599 3021 de
1644 2967 1816 3036 ipsius
1859 2968 2143 3025 divinitate

557 3049 707 3101 dicta
738 3058 888 3113 sunt,
924 3060 977 3104 et
1008 3067 1070 3106 ea
1105 3064 1334 3108 conatur
1377 3056 1442 3109 ad
1476 3056 1592 3126 ejus
1622 3057 2019 3115 humanitatem
2051 3075 2144 3116 re-

559 3136 732 3202 ferre,
766 3150 823 3195 ut
855 3142 983 3198 illud
1014 3160 1028 3198 :
1054 3144 1345 3216 Antequam
1371 3148 1631 3202 Abraham
1655 3150 1799 3214 ﬁeret
1826 3167 1917 3221 ego
1942 3170 2060 3208 sum
2082 3156 2140 3224 ²;

565 3237 621 3283 et
675 3230 803 3284 illud
864 3231 1228 3291 Przecttrsoris
1284 3239 1488 3292 dictum
1552 3258 1564 3294 :
1620 3238 1781 3294 Prior
1826 3260 1906 3296 me
1936 3253 2053 3297 erat
2098 3246 2140 3310 ³,

561 3328 619 3373 et
661 3320 787 3374 illud
815 3321 1057 3390 Apostoli
1090 3342 1104 3378 :
1137 3325 1203 3380 Et
1246 3343 1383 3382 unus
1413 3328 1684 3394 Dominus,
1722 3350 1999 3403 pequem
2031 3353 2143 3388 om-

563 3411 698 3476 nia;
730 3424 778 3465 et
799 3414 908 3482 ipse
931 3425 1005 3468 est
1034 3426 1156 3470 ante
1186 3420 1365 3472 omnia
1398 3420 1439 3473 ⁸.
1473 3417 1529 3475 Si
1560 3420 1744 3491 igitur,
1782 3431 1838 3477 ut
1874 3425 1985 3495 ipse
2016 3443 2144 3481 cen-

562 3512 667 3566 set,
720 3515 848 3559 ante
901 3507 1094 3561 saecula
1150 3520 1233 3564 est
1282 3512 1425 3566 illius
1481 3527 1629 3579 caro,
1655 3517 1912 3571 extremis
1961 3527 2141 3572 autem

564 3595 757 3649 diebus
781 3610 812 3649 e
849 3594 1069 3667 Virgine
1106 3612 1286 3655 natum
1310 3602 1534 3668 fatetur,
1590 3615 1715 3660 ante
1751 3610 1947 3663 sazcula
1984 3609 2142 3663 nimi-

564 3700 684 3739 rum
734 3686 834 3741 fuit
911 3698 966 3743 et
1019 3689 1187 3761 Virgo
1236 3708 1354 3758 quae
1405 3693 1580 3763 ipsum
1632 3697 1862 3765 peperit,
1911 3705 2142 3766 natuquc

567 3778 742 3848 major
775 3795 936 3850 quam
979 3782 1070 3837 ille
1104 3785 1193 3852 qui
1225 3800 1291 3838 ex
1330 3786 1445 3854 ipsa
1469 3796 1627 3842 ortus
1661 3799 1769 3843 est.
1822 3787 1893 3844 Ut
1933 3798 2140 3844 taceam

560 3872 630 3927 de
672 3876 934 3931 extremis
985 3877 1195 3942 diebus,
1249 3883 1343 3949 qui
1386 3882 1485 3952 ipsi
1531 3897 1748 3953 quoque
1776 3895 1901 3938 ante
1947 3884 2141 3939 saecula

562 3968 1078 4024 considerabuntur.

1058 4081 1144 4137 Ea:
1165 4086 1346 4139 eadem
1381 4089 1642 4142 oratione.

639 4174 697 4228 Si
737 4172 954 4229 Patrem
995 4177 1196 4231 asserit
1252 4179 1658 4246 incorporeum,
1698 4189 1753 4234 et
1782 4179 1903 4235 Filii
1946 4182 2144 4237 divini-

563 4273 729 4320 tatem
761 4280 823 4319 ex
856 4282 1023 4321 carne
1063 4279 1334 4333 constare,
1366 4269 1610 4324 diversas
1643 4271 1828 4342 utique
1863 4274 2006 4328 dicet
2041 4289 2131 4328 eo-

565 4372 684 4410 rum
720 4359 1024 4424 essentias;
1052 4360 1135 4413 sin
1186 4360 1375 4413 horum
1408 4375 1771 4424 communem.
1799 4372 1853 4416 et
1885 4364 2131 4418 eamdem

2174 1770 2219 1825 Β

2680 1880 2785 1934 Ἕκ
2820 1878 2926 1932 τοῦ
2956 1878 3149 1932 αὑτοῦ
3187 1876 3399 1947 λόγου.

2314 1974 2380 2027 El
2414 1975 2649 2027 πάντοτε
2677 1972 2776 2042 τὴν
2792 1973 2973 2043 σάρκα
2994 1970 3123 2038 περὶ
3146 1969 3310 2023 αὐτὸν
3329 1963 3477 2038 εἶχεν
3499 1968 3558 2021 ἒν
3580 1965 3824 2036 οὐρανῷ,

2237 2066 2376 2120 Θεὸν
2407 2063 2549 2119 εἶναι
2584 2066 2681 2136 τὴν
2705 2067 2884 2135 σάρκα
2911 2063 3075 2132 φασιν
3110 2063 3159 2114 οἱ
3187 2062 3316 2131 περὶ
3356 2061 3451 2113 τὸν
3506 2060 3829 2114 ’Δπολλινὰ-

2240 2177 2359 2229 ριον
2395 2176 2409 2191 ο
2437 2160 2587 2213 πᾶσα
2616 2159 2671 2211 δὲ
2704 2158 2840 2228 σὰρξ
2867 2159 3153 2212 ἀντιτυπεῖ
3178 2155 3255 2226 τῷ
3310 2152 3625 2224 ἁπτομένῳ,
3672 2153 3735 2205 τὸ
3764 2152 3828 2205 δὲ

2243 2254 2534 2307 ἀντίτυπον
2566 2250 2767 2313 ὑλῶδες
2798 2251 2891 2304 καὶ
2920 2249 3194 2315 σύνθετον,
3222 2248 3286 2304 τὸ
3312 2246 3369 2301 δὲ
3408 2245 3659 2301 σύνθετον
3707 2243 3831 2298 δια-

2244 2341 2401 2395 λυτόν
2425 2358 2438 2372 ·
2472 2342 2689 2413 ἀνάγκη
2709 2344 2857 2396 πᾶσα
2893 2341 2989 2395 καὶ
3019 2340 3200 2394 ὑλικὸν
3226 2338 3389 2392 αὑτὸν
3418 2332 3558 2390 εἶναι
3588 2335 3694 2406 πρὸ
3721 2336 3830 2402 τῖς

2244 2435 2304 2501 ἐξ
2331 2437 2562 2507 οὐρανοῦ
2587 2437 2968 2498 καταὸάσεως,
3004 2434 3099 2487 καὶ
3123 2435 3187 2486 ὲκ
3209 2433 3483 2501 διαφόρων
3524 2428 3826 2499 συγκειμιο

2242 2544 2356 2592 νον,
2389 2527 2485 2580 καὶ
2509 2528 2845 2595 ἀναμένοντα
2868 2525 3115 2593 φυσικῶς
3146 2524 3246 2594 τήν
3265 2523 3530 2578 διάλυσιν.

2680 2796 2776 2849 Ἐκ
2804 2795 2909 2849 τοῦ
2950 2793 3138 2849 αὐτοῦ
3185 2795 3396 2864 λόγου.

2312 2887 2497 2941 Θέλων
2524 2887 2841 2959 βεϐαιῶσαι,
2875 2888 2961 2941 ὅτι
3004 2886 3329 2958 προαιώνιος
3360 2881 3430 2957 ἦν
3473 2886 3508 2955 ή
3546 2886 3827 2953 σάρκωσις

2245 2981 2340 3034 τοῦ
2372 2979 2735 3048 Μονογενοῦς,
2786 2981 2985 3048 ἐπάγει
3031 2980 3337 3049 μαρτυρίας
3402 2978 3501 3038 τὰς
3546 2978 3678 3047 περὶ
3722 2978 3825 3044 τῆς

2171 3111 2217 3175 C
2248 3070 2495 3140 θεότητος
2519 3070 2684 3125 αὐτοῦ
2712 3070 2993 3142 ῥηθείσας,
3024 3072 3119 3124 καὶ
3146 3071 3408 3141 πειρᾶται
3423 3069 3625 3132 ταύτας
3652 3070 3754 3135 ἔφα
3765 3087 3825 3137 ρ-

2249 3164 2516 3235 μόζεινιτῇ
2538 3162 2701 3218 αὑτοῦ
2720 3163 3119 3232 ἁνθρωπότητι,
3146 3156 3256 3215 οἷον
3276 3163 3361 3228 τὸ,
3387 3161 3535 3229 Πρὶν
3562 3160 3823 3226 Ἀϐραὰμ

2245 3255 2522 3326 γενέσθαι
2547 3256 2660 3325 ἐγώ
2690 3258 2809 3325 ειμι
2831 3272 2846 3289 -
2878 3255 2975 3308 καὶ
3007 3254 3104 3325 τὴν
3141 3252 3236 3307 τοῦ
3270 3253 3584 3323 Προδρόμου
3614 3252 3820 3321 φωνὴν.

2243 3349 2326 3413 τὸ,
2363 3346 2601 3415 Πρῶτος
2627 3342 2710 3417 ἦν
2736 3363 2750 3376 '
2782 3346 2876 3399 καὶ
2907 3346 3008 3417 τήν
3066 3345 3162 3398 τοῦ
3210 3342 3656 3407 ’Δποστό).συ,τδ,
3708 3342 3816 3396 Καὶ

2242 3435 2332 3505 εἷς
2363 3440 2598 3507 Κύριος,
2621 3436 2695 3491 δι’
2729 3431 2802 3493 οὗ
2836 3437 2906 3491 τὰ
2930 3436 3128 3490 πάντα
3161 3450 3175 3465 °
3207 3435 3308 3490 καὶ
3340 3434 3525 3497 αὑτός
3546 3434 3676 3486 ἐστι
3702 3431 3815 3499 πρὸ

2245 3530 2507 3585 πάντων.
2536 3531 2595 3582 El
2630 3526 2722 3584 οὖν
2747 3528 3071 3600 προαιώνιός
3099 3529 3219 3582 ἐστι
3254 3529 3375 3582 κατ’
3405 3527 3568 3580 αὐτὸν
3593 3528 3625 3595 ή
3658 3524 3815 3594 σὰρξ,

2244 3620 2590 3690 ὁμολογεῖται
2613 3618 2670 3672 δὲ
2702 3618 2790 3671 ἐπ’
2827 3619 3057 3689 ἐσχάτου
3080 3619 3186 3672 τῶν
3210 3617 3429 3690 ήμερῶν
3461 3619 3525 3671 ὲκ
3550 3616 3647 3685 τῆς
3674 3616 3821 3684 [lap—

2247 3711 2399 3765 θένου
2423 3711 2771 3781 γεννηθῆναι,
2814 3712 3143 3781 προαιώνιος
3194 3712 3303 3779 ἄρα
3344 3710 3439 3765 καὶ
3475 3711 3508 3778 ή
3546 3709 3821 3777 Παρθένος

2246 3805 2279 3874 ή
2310 3804 2497 3857 τοῦτον
2534 3803 2791 3867 τεκοῦσα,
2813 3806 2907 3858 καὶ
2935 3804 3286 3875 πρεσϐυτέρα
3312 3804 3407 3858 τοῦ
3448 3802 3735 3871 τεχθέντος
3764 3802 3822 3864 ἐξ

2244 3897 2437 3966 αὐτῆς,
2472 3895 2559 3951 ἵνα
2588 3895 2662 3965 μή
2689 3895 2834 3963 λέγω
2870 3898 2997 3965 περὶ
3025 3896 3133 3948 τῶν
3169 3895 3416 3963 ἐσλὰτων
3466 3894 3713 3965 ἡμερῶν,
3740 3894 3824 3946 ὅτι

2246 3987 2350 4060 πρὸ
2379 3987 2486 4041 τῶν
2516 3988 2725 4041 αἰώνων
2751 3985 3200 4057 ὲπινοηθήσονται
3229 3989 3322 4039 καὶ
3345 3981 3525 4040 αὗται.

2695 4079 2797 4133 Ἐκ
2825 4080 2931 4131 τοῦ
2962 4078 3148 4132 αὺτοῦ
3177 4078 3386 4146 λόγου.

2320 4171 2382 4225 Εἰ
2425 4174 2523 4242 μὲν
2548 4171 2836 4242 ἀσώματον
2862 4171 2953 4225 τὸν
2980 4173 3200 4242 Πατέρα
3234 4172 3405 4238 λέγει,
3464 4169 3717 4241 σαρκώδη
3768 4170 3827 4223 δὲ

2243 4263 2339 4335 τὴν
2372 4262 2464 4316 τοῦ
2488 4263 2618 4317 Υἱοῦ
2655 4265 2901 4335 Θεότητα,
2936 4264 3150 4327 πάντως
3197 4264 3566 4332 ἑτεροουσίους
3626 4265 3828 4326 αὐτοὺς

2245 4357 2392 4427 ἐρεῖ·
2426 4356 2476 4409 εἰ
2503 4358 2561 4410 δὲ
2585 4357 2770 4426 κοινὴν
2788 4356 2897 4426 τὴν
2916 4357 3103 4409 τούτου
3129 4356 3290 4425 φύσιν
3313 4358 3404 4409 καὶ
3428 4357 3525 4426 τὴν
3547 4356 3717 4425 αὐτὴν
3752 4353 3829 4409 εἷ-

562 4466 685 4507 esse
731 4464 977 4506 naturam
1033 4453 1347 4519 conﬁtetur,
1407 4466 1630 4525 cogetur
1686 4457 1867 4512 dicere
1903 4456 2122 4514 Patrem

2242 4469 2329 4505 ναι
2387 4450 2759 4521 ὁμολογήσει,
2808 4449 3069 4520 σαρκώδη
3113 4451 3205 4502 καὶ
3266 4450 3357 4501 τὸν
3385 4449 3605 4519 Πατέρα
3643 4450 3827 4517 λέγειν

564 4545 690 4599 item
727 4562 793 4599 ex
825 4559 988 4600 carne
1019 4555 1294 4601 constare.

1076 4638 1161 4693 Ex
1186 4640 1366 4693 eadem
1394 4642 1652 4695 oratione.

632 4733 733 4799 Qui
784 4751 912 4790 vere
959 4750 1025 4789 ex
1076 4736 1261 4806 aliquo
1298 4747 1398 4801 est,
1455 4737 1582 4789 illud
1621 4737 1782 4803 plane
1834 4736 2134 4792 secundum

563 4827 856 4880 essentiam
887 4836 989 4890 est,
1014 4828 1158 4896 quod
1181 4836 1266 4881 est
1295 4827 1379 4881 ille
1405 4827 1495 4894 qui
1526 4829 1729 4895 genuit.
1781 4829 1946 4896 Atqui
1976 4828 2138 4882 Pater

565 4928 696 4969 caro
730 4931 832 4969 non
861 4927 969 4982 est,
1003 4933 1102 4972 nec
1131 4918 1220 4973 ille
1244 4932 1489 4986 prorsus,
1528 4919 1616 4987 qui
1651 4933 1717 4973 ex
1748 4919 1865 4985 ipso
1896 4929 2003 4982 est,
2030 4920 2138 4974 erit

566 5018 717 5059 caro.
749 5004 900 5070 Quod
936 5008 1079 5061 enim
1120 5019 1304 5062 natum
1340 5019 1421 5063 est
1448 5024 1514 5061 ex
1558 5009 1777 5074 spiritu,
1832 5024 1934 5062 non
1986 5024 2135 5071 caro,

566 5096 661 5150 sed
707 5098 930 5164 spiritus
976 5114 1097 5154 esse
1140 5099 1358 5155 dicitur.
1421 5099 1574 5165 Quod
1624 5109 1802 5153 autem
1856 5115 1924 5155 cx
1972 5115 2139 5154 carne

566 5196 753 5242 natum
792 5198 896 5253 est,
946 5203 1077 5244 caro
1115 5202 1221 5245 est.
1256 5193 1353 5244 Det.
1392 5192 1553 5258 igitur
1594 5199 1806 5259 patrem
1844 5191 2002 5245 istius
2043 5193 2137 5248 Dei

563 5297 630 5337 ex
657 5296 819 5336 carne
842 5283 1162 5335 constantis.

1056 5373 1142 5427 Ea:
1166 5374 1346 5427 eadem
1385 5377 1641 5430 oratione.

637 5464 775 5519 Dicit
832 5474 1125 5533 praetcrea,
1180 5466 1461 5519 cmlestem
1508 5465 1974 5537 illuntitomincm
2019 5482 2138 5523 esse

569 5567 805 5629 paterna:
835 5559 1019 5630 gloria:
1049 5559 1413 5629 splendorem,
1464 5570 1521 5615 et
1563 5560 1788 5628 ﬁguram
1825 5561 2141 5619 substantiae

2240 4545 2741 4615 ἀναγκασθήσεται.

2676 4634 2778 4687 Ἐκ
2810 4633 2918 4687 τοῦ
2944 4632 3133 4687 αὐτοῦ
3184 4634 3392 4702 λόγου.

2310 4724 2383 4777 Τὸ
2414 4722 2629 4792 ἀληθῶς
2658 4722 2720 4775 ἐκ
2753 4740 2894 4787 τινος
2922 4722 2983 4776 ὃν
3015 4724 3190 4775 ἐκεῖνο
3230 4723 3438 4786 πάντως
3479 4723 3631 4776 ἔσται
3680 4742 3745 4776 κο
3758 4724 3818 4776 τὰ

2236 4818 2335 4888 τὴν
2359 4818 2567 4876 οὐσίαν.
2595 4818 2728 4886 ὅπερ
2751 4818 2776 4869 ὁ
2799 4818 3064 4885 γεννήσας
3091 4817 3259 4869 ἐστίν.
3300 4816 3462 4869 Ἀλλὰ
3503 4816 3610 4886 μὴν
3641 4816 3667 4867 ὁ
3704 4816 3812 4865 ﬂa-

2233 4912 2338 4980 τὴρ
2362 4911 2461 4962 οὐκ
2488 4910 2603 4962 ἔστι
2660 4908 2816 4977 σὰρξ,
2845 4908 2955 4962 οὐδ’
2983 4912 3010 4962 ὀ
3043 4907 3103 4971 ἐξ
3129 4909 3341 4963 ἐκείνου
3390 4909 3610 4971 πάντως
3637 4909 3699 4961 ἂν
3724 4906 3813 4967 εἴη

2235 5002 2392 5073 σάρξ.
2424 5003 2495 5055 Τὸ
2518 5002 2572 5054 δὲ
2599 5003 2994 5071 γεγεννημένον
3035 5003 3098 5054 ὲκ
3121 5002 3213 5055 τοῦ
3244 5000 3549 5071 πνεύματος
3581 4999 3817 5068 πνεῦμα,

2234 5098 2329 5147 καὶ
2364 5097 2484 5165 οὐχὶ
2512 5095 2647 5164 σὰρξ
2680 5090 2818 5149 εἶναι
2843 5094 3080 5163 λέγεται.
3106 5094 3180 5148 Τὸ
3215 5095 3271 5146 δὲ
3324 5095 3722 5163 γεγεννημένον
3754 5095 3820 5145 ὲκ

2233 5187 2330 5255 τῆς
2363 5187 2562 5256 σαρκὸς
2595 5186 2728 5255 σάρξ
2761 5189 2897 5239 ἔστι·
2932 5186 3028 5239 καὶ
3053 5186 3187 5238 δότω
3211 5185 3424 5255 πατέρα
3440 5184 3532 5238 τοῦ
3556 5185 3819 5254 σαρκίνου

2233 5279 2426 5332 τούτου
2452 5278 2610 5334 Θεοῦ.

2675 5373 2772 5425 Ἐκ
2796 5371 2905 5424 τοῦ
2948 5369 3134 5426 αὐτοῦ
3181 5370 3386 5440 λόγου.

2316 5465 2477 5533 Λέγει
2511 5465 2671 5518 πάλιν
2691 5466 2781 5517 τὸν
2807 5464 3058 5534 οὐράνιον
3100 5465 3308 5517 ἐκεῖνον
3353 5463 3637 5532 ἄνθρωπον
3673 5458 3819 5517 εἶναι

2247 5557 2587 5626 ἀπαύγασμα
2616 5556 2713 5625 τῆς
2739 5556 3006 5626 πατρικῆς
3034 5554 3210 5626 δόξης,
3239 5557 3332 5610 καὶ
3362 5555 3687 5627 χαρακτῆρα
3716 5555 3820 5625 τῆς

630 5735 647 5767 ¹
677 5739 780 5795 tsa.
830 5755 905 5809 rx,
943 5742 995 5796 6.
1066 5746 1086 5774 '
1113 5741 1272 5801 Joan.
1321 5755 1444 5816 rm,
1470 5741 1559 5801 58.
1638 5743 1834 5806 ’loan.
1870 5759 1909 5812 ι,
1940 5741 2029 5801 27.
2085 5742 2128 5819 f
2156 5739 2179 5797 Ι
2205 5740 2331 5797 Cor.
2372 5757 2485 5808 Vlll,
2510 5739 2637 5807 6,7.
