4082 6374
307 285 412 351 901

1264 293 1658 356 fPANOPLlA
1699 297 2161 360 DOGMATICA.
2191 274 2435 365 F'TIT.
2477 305 2631 369 XIV.

3477 315 3590 382 902

309 396 663 461 ὑποστάσεως
684 397 870 452 αὑτοῦ.
905 397 966 454 El
1007 396 1102 454 οὖν
1142 402 1420 470 συγγενῶς
1463 401 1576 472 ἔχει
1613 403 1750 473 πρὸς
1811 405 1887 457 τοι

2007 405 2195 472 ipsius.
2246 407 2614 473 Quamobrem
2646 413 2691 468 si
2715 413 2804 468 lux
2839 431 2867 470 a
2904 417 3019 472 sole
3049 418 3343 487 splendens
3381 437 3583 490 cogna-

308 491 458 560 ἥλιον
483 489 542 542 τὸ
561 491 1010 562 ἀπαυγαξόμενον
1050 493 1110 558 ἐξ
1138 496 1349 550 ἐκείνου
1401 495 1540 562 φῶς,
1591 497 1685 549 καὶ
1735 498 1764 548 ό
1801 497 1893 549 τοῦ

305 579 596 650 ἀνθρώπου
625 583 916 652 χαρακτὴρ
963 584 1306 654 ἀνθρώπινον
1347 587 1644 640 ὑπόστασιν
1681 584 1896 639 δείκνυ-

309 687 416 736 σιν,
444 671 597 725 ἐσται
625 676 742 726 κατ’
765 676 933 728 αὐτὸν
983 677 1270 748 σαρκώδης
1317 680 1423 734 καὶ
1451 680 1477 731 ό
1499 678 1718 749 Πατὴρ,
1745 672 1806 732 οὗ
1834 679 1896 731 τὸ

308 765 674 834 ἀπαύγασμα,
713 769 829 826 ..καὶ
881 769 908 820 ό
951 771 1241 841 χαρακτὴρ
1287 771 1542 838 σάρκινός
1594 772 1763 824 ἐστιν.
1795 771 1896 824 Οἷα

310 855 416 925 γὰρ
454 857 658 925 nassa,
714 857 952 910 τοιοῦτον
997 860 1092 911 καὶ
1143 861 1203 912 τὸ
1252 859 1456 927 ταύτης
1512 859 1892 928 ἀπαύγασμαο

309 947 403 998 καὶ
416 940 526 1008 οἷος
543 949 569 998 ό
587 948 897 1018 χαρακτὴρ,
915 951 1142 1020 τοιαύτη
1167 952 1382 1012 πάντως
1412 949 1550 1018 καὶὴ
1575 949 1895 1014 ὑπόστασις,

300 1038 450 1092 ὥστε
487 1041 535 1092 εί
564 1041 723 1094 τοῦτο
754 1041 936 1112 σῶμα,
968 1042 1088 1094 οὐδὲ
1113 1044 1290 1095 ἐκεῖνο
1330 1043 1548 1108 πάντως
1571 1040 1886 1112 ἀσώματον.

764 1134 865 1189 Ἐκ
888 1137 1003 1190 τοῦ
1029 1136 1215 1191 αὑτοῦ
1243 1136 1453 1206 λόγου.

383 1227 537 1297 Παρὰ
565 1227 674 1283 τῶν
699 1226 971 1281 Ἰουδαίων
1001 1227 1197 1300 βρώσει
1229 1245 1288 1280 τε
1317 1229 1410 1280 καὶ
1450 1228 1606 1280 πόσε-ι
1640 1225 1896 1290 ὀνειδιζό-

305 1337 472 1390 μενος
515 1320 543 1372 ό
596 1319 853 1390 Χριστὸς,
908 1322 1131 1390 μετεῖχε
1187 1319 1449 1389 τούτωνῆ
1498 1320 1764 1390 ἀμέτοχος
1795 1315 1894 1390 ἦνς

304 1415 369 1466 El
399 1413 498 1479 μὲν
536 1413 612 1482 μὴ
645 1413 885 1483 μετεῖχε,
920 1412 1141 1484 δόκησις
1180 1410 1248 1484 ἦν
1290 1413 1351 1465 τὸ
1389 1414 1706 1482 γινόμενον·
1765 1415 1815 1464 εί
1841 1413 1898 1464 δὲ

302 1509 580 1576 μετεῖχεν,
637 1505 738 1558 οὐκ
803 1505 1050 1574 οὐράνιον
1105 1505 1264 1574 σῶμα
1301 1505 1360 1558 τὸ
1408 1504 1680 1576 μετέχον·
1711 1507 1898 1580 γήϊνος

303 1600 414 1669 γὰρ
444 1594 512 1667 ἧν
541 1599 575 1668 ἡ
615 1595 820 1666 βρῶσις
846 1595 1011 1663 αὕτη,
1045 1597 1141 1650 κα)⁸
1166 1597 1346 1662 πόσις.

746 1693 847 1745 Ἐκ
878 1693 984 1747 τοῦ
1033 1689 1222 1744 αὑτοῦ
1259 1691 1466 1762 λόγου.

1997 497 2202 552 tionem
2231 502 2392 555 habet
2419 518 2546 558 cum
2575 506 2708 568 sole.
2759 518 2814 562 et
2847 508 3087 564 hominis
3118 513 3288 580 ligura
3332 515 3586 569 substan-

1991 589 2129 643 tiam
2160 591 2398 648 declarat
2427 596 2742 664 humanam,
2777 614 2845 654 ex
2887 601 3044 655 istius
3085 605 3292 657 ratione
3322 607 3589 673 sequitur,

1992 688 2062 732 .ut
2101 679 2266 738 Pater
2292 688 2458 740 etiam
2498 703 2570 744 ex
2601 706 2767 745 carne
2812 703 3049 747 constet.
3106 696 3292 762 Qualis
3331 698 3476 750 enim
3504 709 3590 752 est

1989 770 2188 840 gloria,
2211 774 2350 832 .talis
2374 789 2458 832 est
2487 789 2541 833 et
2591 783 2844 850 splendor
2885 785 3076 854 ipsius.
3127 786 3191 840 Et
3216 789 3396 856 qualis
3420 797 3504 843 est
3527 792 3589 842 ti-

1998 878 2153 934 gura,
2207 867 2331 922 talis
2387 872 2578 940 utique
2643 883 2700 928 et
2749 875 3073 932 substantia.
3134 879 3325 948 itaque
3380 880 3425 934 si
3484 883 3588 935 hoc

1999 971 2194 1024 corpus
2225 970 2330 1028 est,
2357 977 2423 1016 ne
2447 963 2584 1018 illud
2617 967 2836 1035 quidem
2864 969 3265 1037 incorporeum.

2491 1143 2581 1200 Ea:
2605 1149 2784 1202 eadem
2811 1153 3067 1206 oratione.

2066 1228 2345 1298 Christus,
2377 1237 2463 1289 cui
2501 1239 2680 1292 cibum
2712 1253 2765 1295 et
2794 1255 2980 1310 potum
3031 1244 3360 1311 objiciebant
3389 1248 3585 1317 Judaei,

1999 1319 2122 1375 cibo
2146 1333 2199 1376 et
2229 1336 2354 1392 potu
2416 1333 2758 1398 vescebatur,
2793 1350 2860 1385 an
2901 1335 3055 1388 non?
3096 1340 3140 1391 si
3191 1354 3301 1392 non
3332 1347 3588 1398 vesceba-

2002 1419 2107 1476 tur,
2143 1413 2320 1466 inauis
2351 1427 2403 1469 et
2429 1419 2677 1472 simulata
2710 1424 2917 1490 species
2953 1424 3081 1478 illud
3110 1440 3267 1496 erat;
3321 1432 3405 1484 sin
3463 1448 3587 1488 res-

2000 1503 2248 1567 cebatur,
2309 1506 2452 1560 haud
2504 1511 2727 1566 caeleste
2753 1528 2952 1582 corpus
2999 1516 3272 1588 habebat;
3305 1537 3428 1576 cum
3471 1526 3588 1594 ipse

2004 1596 2160 1652 cibus
2191 1609 2243 1652 ct
2280 1611 2440 1668 potus
2470 1618 2500 1656 e
2544 1615 2684 1658 terra
2715 1619 3014 1664 constaret.

2378 1687 2383 1692 ’
2494 1693 2581 1750 Ea:
2611 1699 2793 1752 eadem
2839 1704 3099 1756 oratione.

374 1783 440 1838 ΕΞ
475 1785 574 1852 μὲν
598 1783 718 1837 θεία
748 1801 831 1847 τις
853 1779 920 1856 ἦν
943 1787 975 1854 ὴ
1001 1785 1156 1854 σὰρξ.
1177 1783 1333 1855 δῆλον
1345 1753 1445 1837 ’ὅτι
1469 1786 1562 1838 καὶ
1581 1784 1850 1857 ἄτρεπτος
1879 1800 1887 1816 ·

2073 1779 2127 1834 Si
2167 1797 2269 1849 qua
2314 1783 2418 1840 fuit
2445 1786 2628 1842 divina
2660 1805 2811 1856 curo,
2859 1809 2921 1847 ea
2967 1797 3221 1849 nimirum
3255 1807 3308 1852 et
3337 1799 3591 1856 inimula<

299 1878 354 1930 εί
384 1878 439 1930 δέ
469 1877 697 1948 τρεπτὴ,
725 1878 943 1941 πάντως
969 1880 1028 1931 οὐ
1083 1877 1224 1933 Θεία.
1274 1877 1370 1941 Τίς
1417 1878 1484 1932 ἂν
1527 1879 1814 1949 ἀνάσχοιτο
1836 1879 1896 1932 τὸ

303 1971 718 2040 συγκεχυμένον
767 1970 947 2036 τοῦτο,
1004 1972 1098 2026 καὶ
1131 1971 1436 2026 ἀσύστατον
1461 1972 1571 2025 τῶν
1598 1973 1894 2043 αίρετικῶν

293 2064 616 2133 δογμάτων,
651 2064 900 2117 καὶκατὰ
921 2063 1020 2126 τὰς
1057 2065 1346 2127 ἐνυπνίους
1371 2065 1673 2133 φαντασίας
1703 2063 1893 2119 ἄλλοτε

300 2154 432 2206 ἄλλο
467 2157 792 2223 φαινόμενον
814 2171 840 2219 η;
871 2155 986 2208 Νῦν
1018 2155 1120 2225 μέν
1149 2172 1284 2224 φησι
1316 2156 1466 2208 θείαν
1493 2153 1633 2212 εἶναι
1666 2158 1762 2211 τοῦ
1787 2160 1895 2211 Λό-

301 2263 402 2313 γου
437 2248 537 2316 τὴν
595 2247 797 2316 σάρκα,
852 2246 946 2300 καὶ
975 2248 1273 2314 συναῖδιον,
1339 2249 1436 2302 νῦν
1470 2249 1526 2302 δὲ
1573 2250 1892 2319 ἐπίκτητον,

305 2343 396 2393 καὶ
421 2341 926 2411 προσειλημμένην,
957 2336 1078 2394 εἶτα
1124 2341 1420 2411 ἀλλοτρίως
1473 2343 1705 2414 ἔχουσαν
1758 2343 1893 2414 πρὸς

300 2432 398 2500 τὴν
465 2429 737 2498 ἡμετέραν
788 2431 973 2497 φύσιν,
1020 2432 1183 2486 πάλιν
1211 2435 1404 2488 ἐπιδεᾶ
1421 2435 1514 2487 τοῦ
1539 2433 1856 2497 εὐθύνοντος
1875 2476 1891 2503 ,

295 2525 396 2580 καὶ
430 2525 607 2593 τροπῇ
641 2523 738 2574 καὶ
766 2522 1054 2578 ἀλλοιώσει
1087 2524 1478 2596 ὑποκειμένην.

744 2620 846 2672 Ἐκ
885 2616 994 2670 τοῦ
1019 2619 1210 2671 αὑτοῦ
1254 2623 1467 2690 λόγου.

369 2713 435 2765 El
461 2711 580 2764 τότε
607 2711 636 2764 ὁ
666 2711 836 2778 Λόγος
874 2708 1012 2779 σὰρξ
1070 2709 1311 2777 ἐγένετο,
1342 2713 1429 2764 ὅτε
1464 2713 1777 2784 ἐσκήνωσεν
1834 2713 1892 2765 ἐν

299 2803 458 2873 ἡμῖν,
503 2801 613 2872 ἄρα
641 2805 748 2871 πρὸ
772 2801 866 2855 τοῦ
896 2801 1028 2871 πρὸς
1053 2800 1151 2863 τὴν
1176 2802 1458 2873 Παρθένον
1489 2805 1890 2876 εὐαγγελισμοῦ

301 2896 439 2966 σὰρξ
471 2899 573 2947 οὑκ
594 2891 661 2965 ἧν
689 2895 717 2944 ὁ
738 2894 906 2962 Λόγος
933 2911 948 2924 ·
986 2897 1079 2948 καὶ
1106 2895 1306 2964 ψευδὴς
1332 2897 1360 2948 ὁ
1379 2898 1550 2965 λέγων
1583 2897 1891 2969 καταὸεσηο

298 2994 458 3044 κέναι
495 2990 630 3060 πρὸς
662 2991 807 3060 ἡμᾶς
831 2992 892 3041 τὸ
915 2988 1248 3057 ἀνθρώπιον,
1283 2993 1377 3043 καὶ
1405 2994 1512 3062 πρὸ
1540 2994 1639 3062 τῆς
1679 2991 1892 3061 ἀνθρω-

1998 1869 2123 1926 bilis
2156 1889 2170 1926 :
2208 1889 2328 1927 nam
2358 1877 2402 1930 si
2453 1880 2744 1944 mutabilis,
2782 1884 2963 1936 divina
2999 1901 3104 1939 non
3137 1897 3238 1941 est.
3266 1889 3398 1954 Quis
3447 1896 3586 1948 tueri

1995 1974 2162 2031 queat
2193 1966 2474 2022 confusam
2507 1969 2658 2025 illam
2693 1973 3068 2030 lnercticarum
3099 1980 3440 2048 opinionum,
3467 2001 3589 2053 qua:

1997 2053 2136 2107 alias
2176 2054 2296 2110 aliae
2319 2057 2454 2126 ipsis
2485 2059 2542 2113 in
2567 2065 2776 2119 somnis
2823 2069 3064 2133 videtur,
3115 2074 3589 2130 inconstantiam?

1997 2139 2153 2197 Nunc
2203 2143 2364 2201 Verbi
2409 2163 2632 2205 carnem
2679 2154 2940 2224 divinam,
2997 2170 3159 2229 atque
3192 2177 3294 2215 una
3334 2179 3456 2217 cum
3494 2167 3586 2220 illo

1998 2234 2383 2302 sempiternam
2411 2252 2663 2298 asserunt
2702 2263 2717 2298 :
2748 2263 2893 2302 nunc
2919 2251 3147 2304 ascitam
3177 2264 3342 2325 atque
3368 2271 3587 2311 assum-

1994 2332 2144 2393 ptani
2203 2327 2602 2388 dicuntznune
2653 2350 2684 2389 a
2741 2343 2941 2394 natura
2975 2355 3157 2396 nostra
3193 2345 3528 2402 dili‘erentem
3564 2367 3579 2405 :

1997 2431 2143 2470 nunc
2199 2424 2428 2478 rectoris
2493 2436 2794 2495 egentem,
2854 2441 2912 2486 et
2967 2435 3360 2493 mutationibus
3415 2442 3588 2497 obuo-

1995 2521 2166 2562 nam.

2488 2626 2576 2683 Ea:
2607 2633 2787 2687 eadem
2815 2638 3078 2693 oratione.

2064 2710 2122 2765 Si
2166 2721 2294 2768 tunc
2329 2715 2567 2773 Verbum
2596 2736 2725 2776 caro
2754 2722 2957 2779 factum
2991 2738 3097 2794 est,
3128 2746 3252 2786 cum
3304 2734 3578 2793 habitavit

1996 2803 2050 2857 in
2082 2806 2263 2872 nobis,
2295 2823 2424 2863 caro
2460 2811 2707 2880 proiecto
2740 2831 2848 2870 non
2900 2831 3039 2886 erat,
3073 2835 3362 2894 antequam
3415 2848 3583 2898 ange-

1991 2891 2077 2950 lus
2097 2894 2306 2966 Virgini
2337 2906 2716 2974 evangelicum
2744 2909 2962 2966 allerret
2984 2891 3256 2972 nuntium.
3281 2918 3344 2973 Et
3375 2921 3462 2976 ille
3490 2891 3584 2993 qui

1993 2989 2128 3044 dicit
2171 2993 2443 3051 hominem
2481 3002 2546 3052 ad
2601 3016 2698 3057 nos
2746 3019 2774 3058 e
2806 3005 2945 3061 coelo
2979 3010 3344 3079 descendisse,
3392 3026 3447 3069 et
3486 3034 3585 3070 an-

297 3086 462 3152 πίνης
500 3083 712 3150 φύσεω,
740 3082 947 3133 ἐκεῖνον
973 3077 1113 3134 εἶναι
1143 3081 1232 3133 τὸν
1287 3081 1592 3153 ἄνθρωπον,
1645 3081 1713 3138 δι’
1741 3083 1886 3155 οὒ-τὸ

1995 3089 2212 3153 tequam
2247 3088 2480 3142 humana
2513 3103 2659 3146 esset
2689 3105 2885 3148 natura
2917 3111 3228 3167 procreata,
3274 3104 3580 3168 exstitisse,

298 3177 444 3232 Θεῖον
460 3179 528 3247 τῇ
557 3175 872 3247 ἀνθρωπίνη
895 3174 1202 3245 κατεμίχθη
1236 3175 1374 3247 ζωῇ.

749 3356 852 3409 Ἐκ
876 3353 986 3409 τοῦ
1023 3355 1213 3409 αὐτοῦ
1233 3342 1444 3424 λόγου.

379 3449 445 3504 Ἤ
501 3447 639 3519 σὰρξ
664 3447 760 3501 τοῦ
804 3449 1033 3518 Κυρίου,
1063 3449 1218 3518 φησὶ,
1257 3452 1671 3520 προσκυνεῖται,
1701 3455 1824 3507 καθ’
1854 3455 1883 3506 ὃ

299 3547 358 3598 ιν
394 3547 512 3599 ἐστι
545 3543 856 3611 πρόσωπον,
895 3544 986 3595 καὶ
1019 3541 1078 3594 ἒν
1105 3539 1244 3606 ζῶον
1295 3542 1413 3612 μετ’
1445 3542 1634 3599 αὑτοῦ.
1671 3546 1734 3597 Ὢ
1785 3550 1885 3618 τῆς

305 3641 408 3692 τῶν
433 3638 609 3705 λόγων
629 3635 885 3698 ἀτοπίαςί
924 3634 1137 3704 Ὥσπερ
1167 3634 1256 3685 τὺν
1275 3633 1564 3703 ἄνθρωπον
1599 3637 1664 3688 ἐκ
1700 3638 1884 3707 ψυχῆς

299 3734 493 3802 νοερᾶς
555 3729 648 3783 καὶ
672 3727 925 3797 σώματος
953 3724 1275 3778 συνεστάναι
1298 3724 1550 3794 λέγομεν,
1596 3726 1737 3779 οὕτω
1790 3731 1884 3781 καὶ¹

295 3830 464 3890 αὑτλς
486 3825 578 3878 τὸν
596 3824 802 3892 Κύριον
831 3823 1002 3875 οῐεται
1025 3819 1366 3880 συνεστάναι,
1388 3819 1489 3890 τὴν
1525 3821 1622 3889 μὲν
1654 3821 1884 3892 θεότητα

293 3920 592 3991 λαμῦάνων
627 3919 746 3970 ἀντὶ
767 3915 967 3985 ψυχῆς,
991 3915 1052 3966 τὸ
1078 3914 1238 3985 σῶμα
1265 3915 1320 3968 δέ
1346 3914 1468 3966 ἀντὶ
1493 3913 1767 3985 σώματος,
1790 3918 1883 3968 καὶ

292 4015 473 4078 οὕτως
506 4013 669 4067 αὑτὸν
698 4010 837 4076 ζῶον
867 4008 1169 4079 ὀνομάζων.

761 4104 862 4158 Ἐκ
888 4102 994 4157 τοῦ
1019 4103 1210 4157 αὐτοῦ
1237 4103 1448 4173 λόγου.

369 4198 535 4254 Ποίαν
563 4197 740 4268 ψυχὴν
771 4197 959 4264 λέγετε
989 4195 1134 4264 ἔχειν
1160 4195 1252 4248 τὸν
1291 4197 1538 4266 Κύριονς
1573 4196 1784 4267 εἴποιμι
1815 4197 1880 4249 ἂν

295 4294 434 4365 πρὸς
468 4295 594 4354 τοὺς
649 4290 874 4360 ἀνόητον
921 4286 1100 4358 ψυχὴν
1137 4290 1205 4357 τῇ
1254 4287 1665 4361 προσληφθείσῃ
1713 4289 1881 4359 σαρκὶ

1988 3185 2042 3230 et
2067 3193 2161 3245 per
2193 3178 2615 3250 illum,humana:
2644 3193 2856 3241 natura;
2880 3187 3224 3246 Divinitatem
3257 3191 3420 3251 fuisse
3448 3212 3581 3251 cou-

1987 3269 2253 3340 junctam,
2286 3277 2519 3330 mendax
2551 3287 2656 3335 est.

2486 3366 2573 3422 Ea:
2603 3371 2786 3424 eadem
2820 3378 3082 3430 oratione.

2061 3455 2222 3522 Caro,
2264 3458 2456 3527 inquit,
2490 3461 2706 3516 Domini
2745 3468 3022 3531 aduratur,
3057 3481 3325 3540 quatenus
3353 3485 3436 3529 est
3477 3493 3581 3531 una

1986 3561 2237 3616 persona,
2269 3560 2428 3618 atque
2466 3569 2632 3607 unum
2667 3558 2866 3612 animal
2902 3575 3023 3614 cum
3050 3564 3185 3632 ipso.
3218 3564 3262 3620 Ο
3286 3568 3580 3626 absurdam

1989 3642 2315 3695 orationem!
2345 3643 2808 3709 Quemadmodum
2840 3667 2935 3706 nos
2955 3655 3495 3722 dicimus,h0n:inem
3515 3681 3580 3719 ex

1987 3732 2163 3785 anima
2199 3734 2407 3789 ratione
2457 3737 2679 3803 priedita
2737 3752 2790 3794 et
2818 3757 3042 3812 corpore
3090 3759 3364 3816 constare,
3394 3753 3472 3806 sic
3525 3766 3586 3811 et

1986 3823 2166 3892 ipsmn
2200 3825 2485 3881 Dominum
2513 3832 2811 3899 componit,
2844 3848 2899 3889 ut
2933 3838 3127 3893 anima:
3157 3841 3273 3896 loco
3322 3846 3580 3902 divinita-

1988 3925 2093 3971 tem
2153 3918 2401 3987 accipiat,
2444 3931 2496 3975 et
2555 3937 2771 3978 carnem
2839 3930 3114 3984 caelestem
3175 3949 3274 4002 pro
3332 3952 3581 4010 corpore,

1987 4018 2153 4077 atque
2192 4010 2264 4063 ita
2297 4011 2471 4080 ipsum
2500 4015 2736 4083 appellat
2778 4019 3004 4075 animal.

2480 4104 2566 4159 Ea:
2614 4111 2797 4162 eadem
2829 4116 3085 4170 oratione.

2065 4192 2149 4248 Ab
2185 4194 2304 4251 iStis
2342 4212 2492 4268 ergo,
2523 4201 2614 4269 qui
2650 4205 2886 4257 animam
2922 4209 3119 4262 mentis
3155 4221 3429 4283 expertem
3456 4231 3584 4272 cum

1982 4299 2149 4342 carne
2181 4301 2458 4360 assumpta
2499 4295 2855 4365 conjungunt,
2912 4303 3279 4373 quzesiverim,
3350 4323 3582 4379 ecquam

294 4384 757 4455 συγκομίζοντας.
808 4380 871 4437 Et
918 4380 1016 4450 μὲν
1066 4379 1163 4433 οὖν
1202 4379 1417 4447 ἄλογον,
1463 4381 1659 4450 κτῆνος
1702 4382 1876 4450 ἐρεῖτε

1989 4380 2221 4434 animam
2260 4381 2546 4437 Dominum
2580 4388 2778 4442 habere
2825 4391 3008 4447 dicant
3045 4394 3068 4446 ?
3129 4394 3184 4450 Si
3217 4399 3428 4457 ratione
3489 4419 3584 4458 ca-

291 4478 437 4533 εἶναι
473 4477 602 4546 ’περὶ¹
630 4477 720 4528 τὸν
762 4471 1022 4544 Χριστὸν,
1051 4471 1144 4524 καὶ
1192 4470 1293 4524 οὐκ
1337 4467 1621 4539 ἄνθρωπον
1650 4486 1665 4502 ⁸

290 4569 540 4638 λογικὴν,
563 4566 614 4618 τί
646 4565 775 4618 ἄλλο
797 4563 949 4634 παρὰ
970 4562 1059 4614 τὸν
1084 4561 1241 4630 λόγον
1258 4561 1358 4630 τὴν
1386 4561 1625 4614 διάνοιαν
1652 4561 1877 4627 οἵονταις

293 4661 506 4714 Οὐκοῦν
527 4663 555 4712 ὁ
590 4659 813 4725 λογικὴν
838 4656 1015 4726 ψυχὴν
1039 4653 1211 4706 εἰπὼν
1235 4653 1330 4705 καὶ
1359 4652 1702 4723 διανοητικὴν
1730 4653 1881 4722 ὡμο-

290 4754 546 4823 λόγησεν.
602 4751 666 4803 Ἦ
697 4750 750 4802 δὲ
776 4751 982 4802 διάνοια
1009 4747 1100 4801 νοῦ
1146 4746 1360 4815 κίνησίς
1389 4747 1526 4809 ἐστι,
1580 4745 1674 4797 καὶ
1722 4746 1880 4814 ἐνέρο

289 4864 435 4914 γεια.
474 4845 638 4896 Ὥστε
668 4845 716 4896 εί
740 4842 918 4912 ψυχὴν
947 4841 1166 4910 λογικὴν
1200 4841 1229 4892 ὁ
1262 4839 1462 4909 Κύριος
1491 4839 1626 4908 ἔχει,
1659 4838 1879 4898 πάντως

291 4940 385 4991 καὶ
409 4939 601 5006 νοερὰν
625 4934 794 5006 αὐτὴν
815 4934 952 5002 ἔχει,
990 4933 1084 4985 καὶ
1113 4933 1252 4985 κατὰ
1282 4931 1446 5001 μηδὲν
1470 4949 1521 4984 τι
1547 4931 1880 5001 λειπομένην

289 5032 390 5100 τῆς
420 5029 771 5096 ἀνθρωπίνης
807 5027 1045 5094 φύσεως.

728 5203 826 5257 Ἐκ
855 5200 965 5256 τοῦ
996 5200 1186 5255 αὑτοῦ
1236 5202 1448 5269 λόγον.

373 5299 676 5369 ’Δπρεπὲς,
699 5297 887 5366 φησιν,
928 5296 1273 5366 ἀνθρώπινον
1294 5295 1420 5348 νοῦν
1452 5297 1581 5367 περὶ
1615 5296 1675 5350 τὸ
1704 5300 1877 5370 πρόσ-

286 5393 487 5464 λημμα
541 5390 637 5443 τοῦ
686 5389 1033 5458 Μονογενοῦς
1097 5390 1319 5441 ἐννοεῖν.
1377 5390 1486 5442 Καὶ
1537 5388 1638 5460 τὴν
1693 5392 1874 5447 αἰτίαν

285 5483 670 5556 προστίθησιν,
704 5482 786 5535 ὅτι
823 5484 1057 5551 τρεπτδς
1082 5481 1251 5548 ὁ,νοῦς
1276 5485 1305 5536 ὁ
1339 5483 1707 5554 ἀνθρώπινος.
1737 5490 1878 5543 Οὐκ-

283 5575 383 5629 οὖν
418 5574 553 5645 μηδέ
580 5572 680 5643 τὴν
710 5572 891 5643 σάρκα
928 5571 1008 5642 τῷ
1039 5573 1158 5643 Θεῷ
1203 5578 1580 5645 συγχωρείτω.
1638 5578 1714 5631 Τδ
1765 5582 1876 5651 γὰρ

281 5665 530 5737 τρεπτὴν
557 5664 726 5734 αὐτὴν
756 5659 1026 5718 εἶναιοὺδ’
1067 5665 1137 5719 ἂν
1169 5665 1333 5729 αὐτὸς
1383 5669 1410 5720 6
1458 5670 1633 5724 ταῦτα
1691 5671 1873 5742 ληρῶν

280 5760 608 5827 ἀρνήσαιτο,
639 5757 748 5811 ἀπὸ
776 5757 1028 5825 νεότητος
1079 5756 1244 5829 μέχρι
1298 5757 1630 5826 τελειώσεως
1679 5779 1874 5833 μετεν.

1731 4473 1778 4523 εί
1808 4472 1879 4538 ιδέ
1913 4472 1954 4496 υ
1983 4483 2193 4526 rentetu
2262 4477 2662 4542 respOnderiut.
2727 4480 2946 4537 Christo
2978 4502 3082 4540 non
3137 4488 3430 4558 hominem,
3485 4499 3583 4552 sed

1976 4563 2279 4631 jumentum
2305 4567 2615 4636 adjungent,
2655 4571 2738 4625 sin
2799 4585 3036 4628 utentem
3065 4579 3291 4648 ratione,
3313 4584 3583 4640 rationem

1982 4658 2230 4724 sequitur
2259 4659 2537 4728 cogitatio.
2559 4660 2738 4728 Quare
2764 4665 2853 4733 qui
2892 4665 3130 4719 animam
3173 4672 3384 4727 ratione
3440 4692 3582 4744 prae-

1982 4749 2149 4803 ditam
2185 4749 2335 4815 dicit,
2359 4762 2411 4805 et
2452 4753 2797 4821 cogitationis
2837 4755 3155 4827 {compotem
3205 4764 3574 4825 confitebitur.

1980 4839 2249 4909 Cogitatio
2281 4859 2409 4899 vero
2441 4848 2638 4901 mentis
2669 4857 2754 4902 est
2800 4860 3001 4917 motus,
3038 4861 3090 4906 et
3120 4857 3285 4909 actio.
3320 4859 3504 4930 Itaque
3530 4864 3583 4918 si

1980 4932 2242 4990 Dominus
2291 4939 2529 4992 animam
2598 4940 2761 4994 habet
2818 4943 3030 4999 ratione
3100 4949 3403 5018 prmditam,
3455 4969 3578 5011 eam

1985 5029 2177 5098 Utique
2226 5037 2281 5084 et
2330 5039 2514 5085 mente
2547 5033 2830 5101 praeditam
2860 5034 3049 5106 habet,
3086 5047 3138 5092 et
3170 5041 3318 5098 nulla
3367 5046 3422 5100 in
3455 5063 3511 5104 re
3546 5063 3579 5102 a

1982 5131 2172 5175 natura
2215 5122 2457 5177 hominis
2493 5125 2914 5193 discrepantem.

2513 5214 2598 5269 Es
2629 5221 2811 5273 cadent
2831 5222 3088 5280 oratione.

2052 5305 2204 5361 Haud
2237 5307 2413 5373 decet,
2441 5308 2634 5378 inquit,
2669 5321 2903 5369 mentem
2937 5317 3226 5372 humanam
3272 5337 3392 5374 cum
3454 5323 3582 5379 Uni-

1979 5399 2146 5469 geniti
2204 5415 2372 5455 carne
2427 5401 2769 5469 coniunctam
2829 5407 3174 5464 existimare.
3228 5412 3290 5465 Et
3357 5429 3577 5472 causam

1979 5492 2202 5562 subiicit
2233 5512 2247 5548 :
2282 5494 2576 5560 Quoniam,
2615 5497 2815 5566 inquit,
2851 5515 3007 5554 mens
3044 5502 3282 5558 hominis
3313 5515 3396 5559 est
3454 5523 3578 5561 mn-

1978 5585 2180 5640 tabilis.
2211 5586 2352 5651 Quid
2384 5587 2550 5656 igitur
2580 5587 2690 5644 Deo
2718 5605 2939 5644 carnem
2961 5593 3209 5648 concedit
3232 5596 3254 5648 ?
3274 5595 3406 5650 Nam
3425 5603 3573 5670 quod

1977 5691 2106 5731 caro
2137 5679 2406 5733 mutabilis
2442 5682 2534 5745 sit,
2565 5695 2633 5734 ne
2662 5681 2775 5748 ipse
2806 5681 3048 5750 quidem,
3108 5691 3200 5752 qui
3254 5686 3385 5744 istas
3442 5708 3573 5746 con-

1985 5769 2140 5838 ﬁngit
2167 5783 2360 5839 nugas,
2391 5770 2627 5839 negabit,
2659 5785 2783 5824 cum
2809 5771 2877 5824 ab
2907 5773 3276 5834 adolescentia
3299 5797 3471 5844 usque
3502 5786 3568 5839 ad
