4082 6382
497 286 620 352 σω

1765 281 2158 346 ΕΗΤΗῩΜῙΙ
2182 283 2554 348 ZIGABENI

3685 293 3803 357 '936

504 397 812 467 perfectum
881 407 1228 468 augmentum
1297 396 1481 452 varias
1511 404 1701 450 aetates
1766 395 1976 460 induat,
2044 404 2102 448 ut

2212 395 2475 466 δυομένην
2535 395 2636 460 τὰς
2690 397 2930 466 ἡλικίας,
2977 399 3065 452 ῐνα
3112 401 3181 454 τὰ
3237 400 3400 454 λοιπά
3451 402 3548 471 τῆς
3598 407 3803 473 τροπῆς

511 490 751 558 reliquas
777 492 1102 544 mutationes
1139 489 1496 544 omittamus.
1531 487 1710 555 Atque
1741 487 1810 540 ita
1841 494 2103 556 sequetur

514 592 572 633 ut
633 579 830 634 falsum
859 580 1337 650 sitEvangelium,
1369 591 1426 636 et
1455 580 1632 633 inanis
1665 579 1999 646 praedicatio,
2049 587 2105 633 et

505 671 672 722 stulta
708 673 877 723 .tides.
931 671 1402 736 Quemadmodum
1463 668 1628 730 igitur
1682 682 1901 721 carnem
1951 680 2107 720 assu-

522 774 676 812 mens
702 771 944 814 mutalns
975 778 1080 814 non
1115 771 1219 827 est,
1251 761 1331 815 sic
1355 769 1596 814 mentem
1648 758 1955 823 suscipiens
1997 770 2104 810 non

501 859 596 903 est
624 850 966 907 immutatus.

1013 967 1098 1020 133.1;
1131 971 1313 1020 cadent
1343 966 1603 1019 oratione.

585 1057 641 1112 Si
673 1060 866 1114 divinae
896 1060 1250 1113 humanitatis
1271 1057 1627 1127 assumptioni
1653 1065 1888 1110 mentem
1928 1055 2105 1108 fuisse

502 1163 665 1221 :putat
727 1154 1141 1221 impedimento,
1199 1151 1539 1206 etlibentius
1573 1166 1694 1204 eam
1757 1150 1874 1202 sine
1927 1157 2108 1203 nit-nte

500 1246 680 1300 .Deutn
708 1248 988 1300 existimat
1024 1247 1410 1313 assumpsisse,
1443 1258 1571 1312 ergo
1611 1242 1730 1297 sine
1775 1249 1955 1296 mente
1981 1255 2102 1295 esse

497 1337 724 1391 ~Deatius
759 1339 1076 1390 arbitratur.

1013 1449 1098 1503 Ex
1125 1451 1309 1503 eadem
1343 1451 1605 1503 oratione.

587 1542 720 1598 Utra
752 1543 921 1611 magis
967 1543 1208 1612 prOpria,
1269 1559 1385 1610 qute
1422 1542 1530 1595 Dee
1556 1541 1996 1610 conjungeretur,
2019 1541 2108 1592 in-

507 1646 674 1689 Neuta
710 1646 814 1701 est,
847 1652 1104 1689 erassane
1140 1645 1465 1704 terrenaque
1500 1649 1648 1699 caro,
1677 1650 1747 1688 an
1781 1647 1953 1697 mens,
1990 1647 2110 1700 QUiB

504 1744 618 1782 nec
638 1736 850 1782 tactum
898 1744 996 1783 nec
1032 1728 1258 1799 ﬁguram
1293 1727 1526 1782 admittit
1551 1726 1580 1781 Ἰ

975 1843 1061 1899 Ea:
1112 1844 1292 1898 eadem
1350 1846 1612 1900 oratione.

582 1940 650 1994 Si
686 1955 782 1993 nos
817 1938 1066 1994 homines
1091 1953 1300 2000 sumus,
1329 1940 1444 1991 ovis
1474 1938 1562 1990 illa
1595 1952 1715 2006 qua:
1731 1937 2113 2010 aberraverat,

500 2045 572 2089 -et
595 2034 642 2086 is
662 2033 890 2102 quicum
917 2031 1145 2094 invenit,
1168 2041 1254 2086 est
1273 2028 1451 2085 Filius
1489 2031 1582 2084 Dei
1609 2046 1624 2096 ;
1657 2030 1912 2098 quoniam
1943 2039 2111 2086 totam

505 2123 754 2191 .reduxit,
793 2133 957 2178 totam
992 2123 1157 2176 etiam
1189 2121 1506 2191 assumpsit.
1535 2120 1818 2190 Neequod
1853 2122 1997 2174 intra
2051 2121 2113 2174 il-

508 2216 630 2271 .lam
659 2225 798 2280 erat,
835 2216 1088 2285 .rcliquit,
1131 2215 1273 2285 quod
1304 2224 1484 2268 autem
1538 2213 1672 2268 foris
1721 2213 1976 2280 gestavit,
2031 2213 2108 2279 id,

509 2309 668 2377 .quod
727 2309 840 2363 vult
895 2307 1210 2378 Apollinarii
1247 2307 1542 2363 detnentia.
1573 2305 1728 2371 Quod
1769 2316 1948 2360 autem
1989 2319 2112 2373 pas-

525 2400 661 2452 toris
691 2400 930 2453 humeris
985 2408 1292 2468 ,gestatum,
1327 2402 1431 2452 hoc
1482 2405 1592 2463 est,
1652 2394 1865 2449 Domini
1904 2394 2112 2450 Divini-

507 2493 616 2546 ztati
643 2491 944 2546 adhibitum
982 2502 1086 2558 cst,
1141 2492 1193 2548 id
1235 2509 1398 2547 unum
1427 2506 1550 2547 cum
1583 2490 1702 2560 ipso
1731 2504 1835 2560 per
1889 2505 2113 2546 assum-

520 2585 772 2654 gptioncm
809 2586 931 2640 οπο(
952 2595 1062 2640 tum
1093 2597 1195 2642 est.

1009 2768 1095 2822 Ex
1130 2771 1310 2822 eadem
1343 2771 1599 2828 oratione.

579 2866 882 2920 Dominum
942 2861 994 2915 in
1041 2861 1222 2914 senili
1273 2861 1440 2930 ﬁgura
1503 2856 2110 2930 apparuisseconeedit.

515 2959 717 3012 Servus
760 2958 939 3026 igitur,
987 2955 1142 3024 cujus
1174 2953 1399 3023 ﬁguram
1429 2953 1685 3007 Dominus
1716 2951 1912 3016 induit,
1972 2951 2114 3003 inte.-

514 3066 609 3120 ger
642 3059 780 3114 erat,
818 3067 884 3103 an
922 3048 1200 3104 mutilatus
1230 3048 1322 3102 ?id
1351 3056 1454 3112 cst,
1478 3061 1768 3116 corpusne,
1785 3055 1838 3100 et
1869 3045 2106 3098 animam

2137 1778 2186 1832 Β

2205 489 2484 558 ἐάσωμεν,
2515 491 2609 544 καὶ
2631 490 2776 544 οὕτω
2802 493 2998 560 ψευδὲς
3019 494 3141 548 κατ’
3161 495 3325 549 αὐτὸν
3359 496 3705 568 δειχθήσεται
3740 502 3806 550 τι)

2208 580 2560 648 Εὑαγγὲλιον,
2615 583 2711 635 καὶ
2775 586 2931 638 κενὸν
2978 587 3039 642 τὸ
3078 589 3372 658 κήρυγμα,
3405 592 3502 642 καὶ
3527 590 3730 659 ματαία
3759 593 3805 661 -ή

2208 675 2416 738 πίστις.
2472 677 2611 728 Ἀλλ’
2642 676 2833 748 ὥσπερ
2856 681 2914 731 ὲν
2963 682 3130 750 σαρκὶ
3181 685 3473 752 γενόμενος
3502 685 3604 737 οὐκ
3643 685 3809 754 ὲτράα-

2208 783 2308 835 πη,
2343 765 2514 830 οὕτως
2544 768 2669 822 οὐδὲ
2697 768 2791 822 τὸν
2813 769 2940 825 νοῦν
2964 773 3416 844 παραδεξάμενος
3436 775 3730 848 ἠλλοιώθη.

2658 969 2768 1022 ’Ἕκ
2795 968 2901 1023 τοῦ
2933 970 3122 1024 αὐτοῦ
3150 973 3359 1038 λόγου.

2277 1062 2498 1132 Ὠσπερ
2521 1063 2780 1132 ἐμπόδιον
2805 1065 3029 1130 ’ἡγεῖται
3069 1067 3159 1118 τδν
3206 1066 3331 1118 νοῦν
3372 1069 3472 1137 τ’ἧς
3499 1069 3656 1134 θείας
3706 1073 3802 1124 έν-

2211 1157 2644 1226 ανθρωπὴσεως,
2673 1156 2766 1207 καὶ
2805 1157 3267 1227 προσφιλέστερον
3292 1159 3504 1230 νομίζει
3550 1163 3628 1232 τῷ
3681 1165 3803 1234 Θεῷ

2210 1246 2268 1298 τὸ
2289 1247 2537 1316 ἀνόητον,
2571 1247 2768 1301 οὐκοῦν
2789 1253 3261 1322 μακαριστότερον
3277 1254 3448 1307 οἴεται
3472 1258 3532 1308 τὺ
3559 1259 3634 1328 μή
3658 1259 3798 1330 ἔχειν

2195 1337 2358 1392 ’νοῦν.

2661 1452 2756 1506 Ἐκ
2782 1455 2887 1508 τοῦ
2922 1457 3109 1511 αὑτοῦ
3129 1459 3336 1528 λόγου.

2285 1542 2352 1594 Τί
2375 1537 2469 1596 οὖν
2496 1543 2829 1614 οἰκειότερον
2862 1547 3116 1621 εὑρεθείη
3143 1552 3281 1618 πρὸς
3306 1552 3366 1606 τὸ
3407 1558 3796 1627 συναρμοσυῇι-

2213 1653 2304 1688 ναι
2337 1635 2481 1706 Θεῷ,
2513 1636 2575 1688 τὸ
2610 1641 2756 1707 παχὺ
2793 1641 2886 1692 καὶ
2912 1643 3115 1709 γεῶδες
3141 1641 3243 1712 τῆς
3273 1646 3478 1716 σαρκὸς
3527 1648 3558 1718 ἦ
3587 1649 3648 1701 τὸ
3673 1652 3803 1703 ἀναο

2219 1729 2319 1798 φές
2347 1746 2407 1782 τε
2472 1731 2566 1782 καὶ
2595 1731 3008 1800 ἀσχημάτιστον
3042 1734 3137 1788 τοῦ
3175 1739 3290 1801 νοός
3319 1755 3335 1804 ;

2654 1845 2756 1899 Ἐκ
2784 1846 2898 1901 τοῦ
2937 1848 3127 1904 αὐτοῦ
3152 1852 3366 1921 λόγου.

2287 1937 2462 2007 Εἴπερ
2501 1937 2665 2006 ἡμεῖς
2695 1939 2744 1990 οἱ
2771 1938 3058 2010 ἄνθρωποι
3091 1942 3153 1994 τὸ
3203 1945 3629 2018 πεπλανημένον
3667 1951 3807 2020 πρό·

2213 2027 2382 2081 σατόν
2411 2031 2603 2099 ἐσμεν,
2635 2032 2665 2084 6
2687 2030 2744 2085 δὲ
2773 2031 2954 2103 εὑρὼν
2988 2034 3151 2090 τοῦτο
3206 2039 3422 2109 ποιμὴν
3463 2044 3492 2095 6
3535 2043 3630 2096 τοῦ
3667 2044 3804 2099 Θεοῦ

2217 2120 2366 2185 Υἱὸς,
2388 2121 2582 2194 ἐπειδὴ
2610 2123 2732 2177 ὅλον
2761 2127 3130 2197 ἀπεφοίτησε,
3168 2131 3264 2183 καὶ
3331 2133 3456 2187 ὅλον
3497 2136 3662 2191 πάλιν
3699 2139 3807 2190 ἀνω

2217 2211 2383 2265 έλαδε
2404 2231 2420 2245 ο
2466 2214 2563 2266 καὶ
2589 2215 2658 2267 -ού
2687 2215 2750 2269 τὸ
2781 2216 2884 2286 μὲν
2923 2219 3204 2274 ἐντόσθιον
3239 2224 3701 2293 καταλέλοιπεπὸ
3745 2229 3806 2283 δὲ

2215 2303 2374 2367 ἐκτὸς
2411 2304 2741 2371 ἐϐάστασεν,
2799 2307 2875 2372 ὡς
2914 2310 2949 2380 ἠ
3011 2310 3108 2364 τοῦ
3178 2311 3598 2388 ’Λπολλιναρίου
3647 2321 3808 2374 ἄνοια

2219 2397 2492 2467 βούλεται.
2538 2399 2711 2454 Τοῦτο
2775 2401 2834 2454 δὲ
2889 2403 2948 2456 ὲν
2993 2407 3110 2468 τοῖς
3167 2405 3343 2476 ὤμοις
3399 2411 3496 2464 τοῦ
3536 2414 3804 2482 ποιμένος

2219 2489 2550 2560 βασταχθὲν,
2584 2494 2876 2548 τουτέστιν
2909 2497 2971 2549 ὲν
2994 2499 3060 2569 τῇ
3089 2497 3313 2570 θεότητι
3343 2503 3442 2555 τοῦ
3471 2505 3679 2574 Κυρίου
3708 2523 3806 2574 γι-

2214 2584 2464 2651 νόμενον,
2501 2583 2561 2640 ἓν
2615 2587 2755 2657 πρὸς
2801 2590 3014 2642 ἐκεῖνον
3047 2591 3139 2644 διὰ
3199 2595 3302 2664 τῆς
3345 2595 3674 2668 ἀναλήψεως
3707 2601 3806 2669 γέ-

2213 2692 2400 2745 χονεν.

2649 2770 2754 2824 Ἐκ
2787 2773 2894 2826 τοῦ
2941 2773 3133 2829 αὐτοῦ
3172 2779 3381 2848 λόγου.

2287 2862 2392 2916 Τὸν
2407 2863 2618 2935 Κύριόν
2642 2883 2812 2935 φησιν
2836 2869 2894 2922 ὲν
2919 2870 3152 2942 δουλικῴ
3171 2875 3412 2944 φανῆναι
3430 2876 3509 2946 τῷ
3531 2879 3800 2948 σχήματι.

2215 2951 2368 3028 ’Λρα
2397 2956 2426 3008 ὁ
2454 2958 2663 3026 δοῦλος,
2694 2953 2758 3014 οὗ
2790 2961 2850 3014 τὸ
2873 2962 3064 3032 σχῆμα
3093 2967 3266 3019 ὑπέδυ
3299 2970 3326 3022 6
3356 2969 3584 3039 Κύριος,
3609 2974 3804 3042 ἄρτιος

2215 3043 2363 3120 imi)
2396 3051 2955 3123 ἠκρωτηριασμένας,
2992 3058 3245 3109 τουτέστι
3280 3059 3447 3129 σῶμα
3504 3064 3600 3114 καὶ
3621 3066 3803 3134 ψυχὴν

511 3146 768 3212 rationis,
799 3160 895 3200 seu
926 3144 1120 3199 tuentis
1158 3150 1462 3211 compotem
1493 3141 1770 3195 habebat?
1828 3139 1872 3194 si
1923 3138 2108 3205 aliqua

2213 3139 2464 3208 λογικὴν,
2514 3142 2637 3210 ἦτοι
2689 3144 2886 3215 νοερὰν
2946 3147 3334 3217 κεκτημένοςς
3399 3153 3464 3204 Εἰ
3543 3155 3641 3223 μὲν
3707 3155 3802 3210 οὖν

515 3237 708 3291 harum
733 3239 965 3304 partium
1000 3249 1225 3289 mancus
1253 3241 1394 3299 erat,
1449 3231 1503 3287 id
1565 3232 1876 3299 ostendant,
1933 3245 2111 3298 neque

512 3330 659 3384 enim
694 3328 928 3382 animam
972 3325 1196 3380 rationis
1229 3335 1503 3395 expertem
1537 3324 1746 3390 habuit,
1797 3324 1886 3392 qui
1920 3338 2111 3392 pecca-

516 3429 689 3485 verat,
727 3419 882 3489 cujus
923 3418 1038 3487 ipse
1063 3417 1293 3472 formam
1319 3417 1576 3484 suscepit.
1605 3415 1700 3470 Sin
1729 3425 1848 3469 erat
1879 3416 2110 3484 integer,

511 3521 571 3566 et
595 3512 866 3580 integrum
898 3511 1030 3566 illud
1073 3509 1196 3576 fuit,
1233 3514 1378 3580 quod
1403 3517 1741 3576 assumptum
1767 3517 1874 3562 est.
1922 3508 1991 3561 At
2013 3507 2113 3562 ho-

518 3618 627 3670 mo,
662 3604 865 3670 inquit,
933 3617 1038 3657 non
1070 3611 1208 3665 erat,
1270 3603 1363 3656 sed
1411 3601 1566 3670 quasi
1600 3601 1780 3664 homo,
1841 3600 1966 3670 quia
2001 3594 2108 3652 non

513 3706 632 3751 erat
666 3696 907 3765 ejusdem
967 3711 1088 3750 cum
1123 3695 1344 3748 homine
1387 3696 1663 3761 essentice,
1717 3701 1978 3762 quantum
2039 3693 2105 3745 ad

512 3797 748 3844 mentem
778 3789 1031 3857 pertinet.
1049 3788 1106 3842 Si
1128 3787 1369 3857 ejusdem
1407 3802 1512 3841 non
1543 3798 1659 3840 erat
1682 3785 1952 3849 essentia,
1979 3798 2108 3852 ergo

520 3879 770 3934 diversae.
805 3881 1043 3945 Quorum
1077 3886 1260 3931 autem
1295 3878 1549 3931 essentia:
1587 3876 1722 3928 ratio
1750 3874 1986 3936 diversa,
2017 3872 2113 3924 ho-

513 3985 635 4024 rum
669 3983 770 4023 nec
807 3969 994 4024 eadem
1032 3978 1226 4022 natura
1255 3982 1354 4022 nec
1404 3982 1625 4022 nomen.
1682 3964 1864 4031 Quare
1893 3965 1937 4019 si
1961 3963 2107 4018 aliud

513 4063 641 4131 quid
676 4076 775 4131 per
797 4062 1091 4115 essentiam
1114 4069 1253 4122 erat,
1287 4074 1395 4114 non
1421 4068 1602 4113 autem
1635 4057 1816 4121 homo,
1847 4056 1951 4111 nisi
1978 4071 2111 4126 qua-

514 4157 678 4203 tenus
707 4147 946 4219 speciem
1000 4157 1053 4204 et
1083 4148 1308 4220 ﬁguram
1352 4149 1586 4202 hominis
1643 4145 1989 4214 praeferebat,
2050 4162 2109 4200 re

516 4251 696 4295 autem
742 4256 870 4296 vera
911 4244 1209 4296 secundum
1251 4249 1498 4295 naturam
1534 4241 1780 4294 diversus
1848 4249 1988 4302 erat,
2040 4251 2108 4292 ex

512 4333 599 4386 his
643 4332 934 4404 colligitur,
975 4334 1097 4387 ﬁcta
1131 4332 1493 4402 simulataque
1519 4332 1704 4396 fuisse,
1731 4346 1851 4400 quae
1886 4332 1948 4382 ad
1980 4326 2110 4382 Uni-

2214 3231 2750 3303 ἠκρωτηριασμένας
2802 3237 2886 3289 ένὶ
2935 3238 3165 3306 τούτων,
3217 3242 3448 3306 δειξάτω
3484 3248 3680 3300 τοῦτο·
3739 3253 3798 3302 οὐ

2214 3325 2323 3394 γὰρ
2348 3324 2547 3393 ἄλογον
2572 3325 2753 3399 ψυχὴν
2771 3326 2920 3398 εἶχεν
2950 3331 2978 3382 6
3013 3332 3349 3404 ἁμαρτήσας
3387 3336 3594 3408 Ἀδὰμ..
3613 3336 3674 3395 οὗ
3701 3343 3799 3412 τὴν

2219 3417 2438 3488 μορφὴν
2469 3420 2760 3486 ἀνεδέξατο
2781 3438 2794 3449 ’
2830 3425 2879 3476 εἰ
2923 3424 2980 3476 δὲ
3011 3427 3225 3495 ἄρτιος,
3257 3428 3450 3499 ἄρτιον
3484 3433 3596 3502 ἀρα
3618 3437 3707 3488 καὶ
3734 3439 3795 3490 τὸ

2217 3511 2583 3582 πρόσλημμα.
2625 3514 2768 3567 Ἀλλ’
2791 3516 2894 3570 οὐκ
2939 3518 3256 3589 ἄνθρωπος,
3311 3525 3505 3592 φησὶν,
3555 3522 3643 3597 ἦν,
3676 3529 3795 3581 ἀλλ’

2213 3603 2290 3668 ὡς
2319 3606 2633 3675 ἄνθρωπος,
2670 3609 2805 3662 διότι
2857 3613 2954 3681 οὐχ
2986 3613 3276 3683 ὁμοούσιος
3316 3611 3386 3686 ἦν
3415 3619 3494 3685 τῷ
3520 3620 3798 3694 ἀνθρώπῳ

2216 3697 2360 3750 κατὰ
2386 3699 2476 3751 τὸν
2511 3699 2659 3756 νοῦν.
2703 3702 2768 3757 Εἰ
2795 3702 2870 3773 μὴ
2923 3706 3231 3773 ὁμοούσεος,
3265 3709 3610 3780 ἑτεροούσιος
3657 3718 3800 3768 παν-

2211 3807 2345 3853 τως.
2375 3787 2478 3844 τΩν
2510 3793 2566 3846 δὲ
2596 3797 2623 3846 6
2647 3794 2805 3862 λόγος
2833 3797 3154 3864 τῆςούσίας
3183 3801 3395 3872 ἕτερος,
3431 3805 3636 3858 τούτων
3667 3807 3796 3868 οὔτε

2212 3885 2245 3953 ή
2287 3883 2449 3951 φύσις
2481 3886 2660 3957 κοινὴ,
2692 3887 2819 3941 οὔτε
2842 3892 2876 3959 ή
2917 3892 3134 3960 κλῆσις.
3174 3894 3237 3946 Εἰ
3274 3894 3368 3948 οὖν
3411 3896 3540 3953 ἄλλο
3570 3917 3623 3953 τι
3658 3903 3802 3957 κατὰ

2212 3976 2314 4045 τὴν
2339 3976 2530 4030 οὐσίαν
2558 3973 2647 4048 ἦν,
2699 3980 2794 4032 καὶ
2831 3980 2932 4033 ούκ
2973 3981 3285 4053 ἄνθρωπος,
3335 3987 3472 4042 ἀλλὰ
3506 3990 3670 4061 μέχρι
3706 3994 3799 4046 τοῦ

2155 4091 2158 4093 λ
2212 4068 2550 4137 φαινομένου
2611 4072 2736 4122 κατ’
2779 4071 3072 4142 ἄνθρωπον
3131 4076 3562 4150 ἐσχηματίζετο,
3614 4090 3678 4156 τῇ
3741 4088 3800 4141 δὲ
3852 4105 3862 4113 ·

2211 4161 2447 4232 ἀληθείᾳ
2493 4162 2640 4216 κατά
2663 4163 2764 4234 τὴν
2799 4164 2963 4232 φύσιν
2997 4169 3379 4238 παρήλλακτο,
3407 4177 3798 4246 συνομολογεῖν

2210 4274 2299 4309 ται
2337 4257 2574 4324 τούτοις,
2603 4259 2686 4311 ὅτι
2718 4260 2943 4331 δόκησις
2978 4257 3066 4334 ἧν,
3097 4267 3192 4318 καὶ
3223 4266 3483 4339 ἀπατηλὴ
3516 4274 3796 4338 φαντασία

2210 4367 2296 4414 τις
2336 4353 2370 4421 ἠ
2403 4352 2500 4404 ἐπὶ
2570 4353 2677 4423 γῆς
2719 4355 2969 4408 πολιτεία
3001 4360 3152 4411 πᾶσι
3184 4361 3282 4429 τῆς
3326 4363 3798 4434 ὲνανθρωπήσεως

510 4428 678 4498 geniti
712 4428 878 4482 vitam
908 4429 1417 4498 humanitatemque
1452 4438 1785 4496 assumptum
1837 4435 2105 4495 spectant,

515 4520 578 4541 -μ
642 4530 758 4541 -..ιη
818 4521 924 4541 δε---
1000 4536 1168 4541 ---ρ---μ
1212 4536 1234 4541 -
1261 4521 1273 4541 Ι
1311 4522 1632 4541 ,λέμμα---μ
1667 4529 1710 4541 ..ι
1749 4518 2072 4541 -.Λα-.--ημιῗιι

2213 4445 2306 4497 τοῦ
2354 4447 2699 4514 Μυνογενοῦς
2747 4448 2856 4501 ἀπὸ
2897 4451 3209 4519 γεννήσεως
3265 4455 3429 4525 μέχρι
3476 4428 3574 4525 τῆς
3614 4428 3797 4527 ταφῆς

512 4520 582 4574 ab
636 4530 762 4575 ortu
810 4521 952 4591 ejus,
1000 4536 1173 4590 usque
1210 4521 1275 4576 ad
1306 4522 1637 4591 sepulturam
1663 4529 1714 4574 et
1749 4518 2105 4576 resurrectio-

511 4627 657 4668 nem.

1013 4703 1096 4757 Ea:
1129 4702 1310 4758 eadem
1348 4707 1609 4762 oratione.

582 4792 686 4858 Qui
713 4796 856 4865 quod
886 4797 1120 4852 maxime
1149 4796 1433 4867 praprium
1499 4807 1584 4851 est
1635 4797 1895 4864 hominis,
1943 4797 1994 4852 id
2025 4805 2107 4851 est

513 4893 777 4954 mentem,
802 4889 1003 4955 aufert,
1063 4890 1114 4944 id
1143 4893 1281 4959 quod
1340 4890 1604 4958 reliquum
1658 4902 1760 4953 est,
1799 4891 2104 4959 jumentum

510 4978 771 5045 ostendit;
796 4980 1107 5049 jumentum
1144 4991 1324 5035 autem
1359 4997 1462 5034 non
1486 4992 1569 5036 est
1604 4983 1766 5036 homo

579 5165 581 5167 ι
1012 5096 1097 5148 Ea:
1129 5101 1314 5150 eadem
1369 5099 1632 5151 oratione.

588 5182 688 5250 Si,
745 5173 1202 5254 quemadmodum
1256 5191 1432 5260 inquit
1484 5192 1899 5261 Apollinarius,
1952 5207 2106 5247 mens

511 5276 747 5334 hominis
801 5279 981 5334 divina
1041 5292 1233 5336 natura
1288 5287 1429 5338 taeta
1493 5295 1662 5350 esset,
1731 5283 2104 5354 magnitudine

511 5372 749 5440 mquales
774 5381 826 5426 et
851 5388 1006 5440 pares
1041 5375 1182 5429 inter
1221 5391 1279 5431 se
1309 5387 1494 5432 essent
1529 5377 1785 5432 divinitas
1826 5388 1880 5431 et
1946 5391 2102 5431 mens

515 5466 776 5520 humana.
807 5466 960 5533 Quod
993 5470 1137 5523 enim
1169 5469 1350 5526 locum
1379 5473 1558 5541 explet
1583 5471 1833 5538 alterius,
1892 5471 2103 5540 aequale

511 5554 589 5608 illi
623 5567 724 5611 est.
769 5557 863 5611 Sin
909 5559 1193 5616 divinitate
1224 5579 1377 5618 mens
1425 5572 1508 5617 est
1533 5561 1778 5627 inferior,
1811 5564 1862 5617 id
1888 5562 2104 5631 quodin

516 5659 636 5696 eam
702 5661 1022 5706 conversum
1058 5660 1170 5718 est,
1232 5652 1286 5708 in
1323 5653 1565 5708 deterius
1617 5661 1700 5707 est
1786 5662 2104 5709 commuta-

515 5741 650 5790 tum.

2211 4543 2304 4594 καὶ
2327 4539 2427 4611 τῆς
2453 4542 2828 4604 ἀναστάσεως.

2646 4694 2742 4746 Ἐκ
2789 4694 2897 4748 τοῦ
2937 4697 3126 4750 αὑτοῦ
3165 4700 3377 4768 λόγου.

2294 4787 2352 4837 '0
2385 4785 2444 4837 τὸ
2471 4785 2814 4854 κυριώτατον
2849 4789 3108 4861 ἀφαιρῶν
3132 4793 3229 4846 τοῦ
3278 4795 3598 4864 ἀνθρώπου,
3632 4798 3790 4852 τοῦτο

2209 4879 2265 4932 δέ
2301 4881 2417 4929 ἐστι
2447 4879 2592 4944 νοῦς,
2652 4882 2853 4952 κτῆνος
2904 4885 3269 4944 ἀποδείκνυσι
3322 4889 3383 4942 τὸ
3440 4890 3786 4962 λειπόμενον.

2210 4972 2283 5023 Τὸ
2314 4971 2370 5024 δὲ
2404 4973 2602 5042 κτῆνος
2631 4975 2735 5028 οὐκ
2767 4977 3086 5046 ἄνθρωπος.

2645 5091 2740 5142 Ἐκ
2792 5092 2900 5146 τοῦ
2934 5094 3125 5147 αὐτοῦ
3152 5095 3362 5165 λόγου.

2281 5179 2476 5250 Εἴπερ,
2502 5181 2685 5243 καθώς
2709 5201 2877 5254 φησιν
2897 5185 2928 5238 6
2965 5186 3399 5257 Ἀπολλινάριος,
3422 5189 3548 5254 νοῦς
3581 5193 3796 5261 ἀνθρώ⁸

2211 5288 2313 5327 που
2344 5276 2376 5344 ἡ
2408 5274 2528 5328 θεία
2561 5276 2725 5345 φύσις
2759 5278 3003 5345 ἐγένετο,
3037 5282 3338 5354 ίσομεγέθη
3383 5285 3562 5339 ταῦτα
3600 5285 3667 5339 ἂν
3705 5287 3792 5357 εἴη

2206 5366 2481 5436 ἀλλήλοις.
2507 5368 2604 5419 καὶ
2629 5369 2940 5433 ἰσοστάσια,
2977 5371 3172 5443 θεότης
3219 5377 3315 5427 καὶ
3348 5375 3472 5438 νοῦς
3513 5376 3795 5446 ἀνθρώπι-

2208 5476 2316 5522 νος.
2351 5460 2424 5512 Τὸ
2471 5462 2581 5529 γὰρ
2630 5461 2984 5530 ἀναπληροῦν
3010 5465 3178 5520 τόπον
3215 5469 3361 5532 τινὸς
3416 5471 3530 5522 ῖσον
3563 5471 3680 5524 ἐστι
3712 5472 3797 5541 τῷ

2209 5554 2468 5606 ένδέοντι.
2497 5553 2561 5606 Εἰ
2629 5554 2688 5606 δὲ
2750 5556 3182 5629 καταδεέστερον
3237 5565 3266 5614 6
3302 5563 3429 5626 νοῦς
3475 5567 3632 5633 παρὰ
3693 5565 3795 5635 τὴν

2209 5649 2462 5717 θεότητα,
2497 5649 2526 5700 ὁ
2554 5648 2717 5700 τοῦτο
2751 5647 2808 5711 ἐξ
2833 5651 3047 5706 ἐκείνου
3085 5654 3384 5726 γενόμενος
3428 5658 3568 5724 πρὸς
3603 5657 3662 5710 τὸ
3699 5661 3792 5712 εύ-

2206 5741 2520 5813 τελέστερον
2555 5741 2846 5814 ἠλλοιώθη.
