4082 6430
424 266 545 333 907

1676 260 2051 323 EUTUYMll
2098 258 2463 320 ZlGABENi

3596 257 3712 323 908

438 408 650 475 linaris,
685 407 961 477 rectisque
991 421 1061 463 ae
1081 406 1186 477 piis
1209 404 1551 475 dogmatibus
1567 417 1721 457 suam
1744 402 2021 473 anteponit

2126 402 2386 471 λινάριος,
2434 399 2529 452 καὶ
2578 397 2687 450 τῶν
2732 394 2976 450 εὐσεϐῶν
3032 396 3319 467 δογμάτθν
3366 394 3463 468 τὴν
3505 397 3714 453 οἰκείαν

439 495 1305 569 μετυιῑιοιεῐοωιτηοηιίιιιιὶάοιη
1324 509 1353 548 a
1371 495 1479 547 Deo
1497 491 1673 547 Verbo
1686 501 2021 561 assumptam

438 593 536 654 ait,
573 597 735 658 atque
766 587 866 641 hac
888 600 989 641 ceu
1015 583 1137 640 velo
1159 583 1393 652 quodam
1426 596 1547 637 esse
1578 596 1734 636 usum
1750 598 1783 646 7.;
1842 591 2024 635 tuente

437 689 619 735 autem
649 694 752 733 non
790 676 1082 747 indiguisse
1104 715 1120 740 ,
1155 676 1249 730 sed
1279 676 1453 744 ipsum
1487 674 1608 727 vice
1652 674 1852 726 mentis
1895 686 2021 727 cor-

439 768 556 836 pori
586 766 884 822 exstitisse.
918 764 1047 831 Sed,
1070 779 1103 819 o
1151 764 1332 828 sodes,
1365 762 1510 816 dicet
1562 762 1610 817 ei
1663 760 1862 829 aliquis
1886 801 1901 828 ,
1957 776 2024 815 ne

439 871 664 927 corpore
697 857 915 927 quidem
946 857 1086 912 Deus
1126 855 1360 909 Verbum
1392 854 1585 924 egebat
1613 870 1627 919 ;
1684 853 1818 907 niltil
1871 853 2017 906 enittt

440 965 661 1020 prorsus
694 947 922 1018 requirit
955 965 970 1002 :
1008 955 1224 1018 poterat
1255 956 1438 1001 autem
1492 944 1610 1001 solo
1638 945 1895 999 mandato
1927 961 2025 998 no-

440 1050 607 1093 stram
639 1037 856 1109 operari
881 1036 1262 1092 salutent.-Sed
1289 1047 1468 1090 tamen
1494 1036 1660 1090 voluit
1685 1052 1781 1091 nos
1804 1051 2023 1105 quoque

438 1129 876 1184 communionem
897 1129 1134 1198 aliquam
1156 1138 1303 1184 recte
1332 1126 1599 1181 factorum
1623 1127 1826 1181 habere
1846 1143 1859 1179 :
1879 1128 2022 1197 quod

440 1231 499 1275 ut
526 1220 781 1287 elliceret,
808 1222 1170 1291 peccatricem
1195 1230 1529 1288 assumptam
1546 1226 1801 1273 naturam
1821 1257 1836 1282 ,
1870 1232 2025 1281 eain-

440 1327 546 1382 que
575 1315 690 1368 suis
705 1313 984 1368 laboribus
1004 1311 1380 1382 justiticatam,
1413 1309 1918 1379 acerblsexpedivit
1940 1319 2022 1381 ty-

443 1406 627 1459 rannis
650 1413 872 1474 peccato
920 1412 977 1459 et
1017 1403 1232 1459 diabolo
1266 1418 1331 1458 ac
1360 1412 1566 1467 ntorte,
1602 1411 1656 1456 et
1704 1401 2018 1459 ctelestibus

440 1497 663 1552 sedibus
708 1496 984 1551 donavit:
1023 1507 1078 1549 et
1106 1510 1203 1564 per
1247 1510 1366 1549 eam
1414 1508 1576 1565 quant
1628 1493 1747 1562 ipse
1794 1495 2024 1565 sumpsit

445 1589 862 1653 humanitatem,
890 1589 1144 1643 universo
1192 1587 1379 1657 generi
1421 1586 1726 1642 libertatem
1764 1601 2010 1642 commu-

446 1678 669 1733 nicavit.
703 1677 958 1734 Sedenim
990 1678 1124 1732 nihil
1171 1679 1365 1732 horum
1399 1685 1658 1746 reputans
1682 1677 1771 1732 hic
1802 1678 2020 1746 sapien-

448 1770 692 1824 tissimus
714 1808 729 1835 ,
757 1768 1159 1823 vocalissimum
1199 1765 1486 1835 theologiae
1511 1780 1818 1835 praeconem
1849 1766 2021 1822 Joan-

447 1876 568 1914 nem
608 1860 1021 1930 evangelistaut,
1054 1860 1304 1912 amentia:
1337 1874 1450 1912 sua:
1479 1867 1674 1912 testem
1723 1858 1928 1915 habere
1962 1874 2022 1916 se

442 1951 669 2020 judicat.
708 1968 726 2000 ι
769 1947 1003 2003 Verbum
1037 1949 1205 2013 enim,
1249 1948 1427 2017 inquit
1453 1990 1468 2016 ,
1519 1963 1649 2003 caro
1686 1948 1885 2004 factum
1916 1957 2020 2016 est,

447 2055 501 2096 ιιι
522 2043 781 2097 habitavit
813 2042 865 2096 in
892 2041 1052 2096 nobis
1096 2046 1136 2095 ‘.
1164 2058 1184 2092 ι
1216 2040 1378 2110 Atqui
1403 2040 1627 2096 omnino
1648 2041 1872 2108 sciebat,
1892 2043 2021 2097 alibi

450 2149 662 2205 quoque
688 2143 895 2201 partem
922 2147 1026 2201 pro
1056 2140 1173 2185 toto
1205 2131 1444 2185 divinam
1471 2129 1814 2201 Scripturam
1840 2132 2026 2203 appel-

451 2227 562 2277 lare
591 2223 809 2277 solere:
844 2238 965 2293 quia:
1021 2221 1180 2277 modo
1225 2222 1452 2292 quidem
1500 2238 1571 2278 ex
1621 2223 1803 2278 attima
1856 2233 2027 2278 totum

453 2316 722 2369 hominem
757 2324 1054 2383 nuncupat,
1089 2315 1251 2368 modo
1282 2324 1467 2369 autem
1520 2328 1591 2368 ex
1637 2330 1803 2370 carne
1859 2324 2027 2370 tetum

450 2405 647 2459 animal
679 2406 901 2460 denotat
925 2424 993 2460 :4
1020 2403 1222 2461 Omnes
1251 2405 1417 2470 enim,
1446 2403 1641 2474 inquit,
1686 2404 1882 2459 animae
1912 2417 2032 2473 qua:

444 2490 701 2557 ingressa:
740 2498 865 2543 sunt
912 2504 1034 2543 cum
1079 2488 1282 2545 Jacobo
1331 2490 1384 2543 in
1416 2489 1711 2558 JEgyptum
1739 2526 1757 2551 ,
1810 2498 2030 2552 septua-

450 2583 598 2649 ginta
639 2582 881 2650 quinque
910 2581 1062 2636 fuere
1117 2582 1160 2635 ³.
1209 2581 1437 2637 Constat
1486 2588 1667 2638 autem
1710 2596 1816 2637 non
1861 2579 2034 2636 fuisse

451 2685 799 2738 .ncorporcos
827 2671 1012 2726 Jacobi
1037 2672 1177 2728 Iilios
1207 2682 1370 2742 atque
1401 2681 1656 2741 nepotes;
1686 2673 1780 2727 sed
1797 2687 1860 2726 ex
1880 2681 2033 2741 parte

453 2770 619 2813 tntum
658 2762 950 2815 historicus
982 2763 1398 2817 demonstravit.
1423 2762 1492 2816 Et
1520 2777 1709 2817 rursus
1740 2777 1753 2813 :
1789 2780 1807 2814 ι
1834 2760 2026 2815 Anima

450 2865 568 2918 qna.-
589 2850 914 2918 peccaverit,
935 2851 1048 2919 ipsa
1069 2852 1329 2907 morietur
1350 2852 1370 2883 ³
1402 2888 1416 2904 .
1432 2852 1631 2908 »Νειιιο
1646 2865 1773 2906 vero
1791 2867 1820 2906 u
1831 2866 2028 2919 nquam

452 2942 861 2995 scit'ilttltimalll
891 2943 1094 3013 absque
1134 2956 1362 3012 corpore
1398 2943 1450 2996 in
1484 2943 1699 3012 culpam
1734 2941 2015 2996 incidisse.

2052 1725 2092 1779 Β

2126 491 2400 562 προτάξας
2423 487 2766 560 ἀδολεσχίαν,
2797 488 2895 559 τὴν
2920 488 3019 559 μὲν
3049 489 3231 560 σάρκα
3262 486 3353 541 τὸν
3380 487 3515 541 Θεὸν
3539 490 3715 558 Λόγον

2124 581 2477 654 ἀνειληφέναι
2511 582 2668 652 φησὶ,
2700 582 2797 636 κα)⁵
2831 580 3007 653 ταύτῃ
3040 580 3290 650 καθάπερ
3325 581 3433 633 τινὶ
3457 598 3715 651 παραπε-

2123 672 2363 740 τάσματι
2395 670 2705 741 χρήσασθαι
2731 687 2746 702 ·
2774 670 2869 724 τοῦ
2916 671 2972 723 δὲ
3001 669 3094 725 νοῦ
3133 671 3207 740 μὴ
3236 669 3520 739 δεηθῆναι,
3549 671 3714 725 αὑτὸν

2122 763 2178 817 δὲ
2208 764 2328 816 ἀντὶ
2358 762 2452 816 νοῦ
2496 762 2748 831 γενέσθαι
2780 763 2859 832 τῷ
2890 761 3124 832 σώματι.
3167 762 3328 827 Ἀλλ’,
3363 757 3409 815 ὧ
3441 761 3710 832 βέλτιστε,

2124 858 2271 910 εἴποι
2300 875 2385 920 τις
2421 857 2487 910 ἂν
2535 855 2673 926 πρὸς
2705 854 2891 919 αὑτὸν,
2930 854 3051 907 οὐδὲ
3091 853 3186 906 τοῦ
3238 854 3488 924 σώματος
3520 857 3548 908 6
3578 857 3713 919 Θεὸς

2123 950 2293 1018 Λόγος
2321 946 2571 1019 ἔχρῃζεν,
2596 947 2906 1018 ἀπροσδεὴς
2930 948 3040 1018 γάρ
3062 961 3076 975 ·
3103 946 3334 1017 ἠδύνατο
3356 947 3413 1000 δὲ
3438 950 3533 1002 καὶ
3565 949 3714 1019 μόνῳ

2127 1040 2514 1111 προστάγματι
2559 1039 2659 1108 τὴν
2706 1038 2985 1109 ἡμετέραν
3036 1039 3571 1109 πραγματεύσασθαι
3604 1058 3712 1093 σω-

2122 1131 2346 1202 τηρίαν·
2383 1129 2497 1184 ἀλλ’
2537 1128 2805 1199 ἠθέλησεν
2847 1127 2992 1198 ἔχειν
3036 1127 3159 1182 ma
3207 1130 3305 1183 καὶ
3346 1131 3494 1200 ἡμᾶς
3535 1133 3616 1193 είς
3649 1132 3713 1183 τὸ

2124 1222 2565 1295 κατορθούμενον
2594 1223 2902 1287 κοινωνίαν,
2926 1213 2988 1273 οὗ
3016 1220 3176 1291 χάριν
3205 1219 3387 1274 λαϐὼν
3414 1220 3578 1290 φύσιν
3610 1222 3713 1287 τὴν

2125 1317 2529 1387 ήμαρτηκυῖαν,
2563 1314 2747 1378 πόνοις
2783 1311 2954 1384 αὐτὴν
2980 1313 3208 1376 οἰκείοις
3242 1313 3569 1379 δικαιώσας,
3600 1314 3712 1368 τῶν

2123 1426 2183 1462 τε
2206 1408 2420 1479 πικρῶν
2442 1406 2724 1479 τυράννων
2740 1404 3053 1477 ἀπήλλαξεν
3072 1407 3369 1478 ἁμαρτίας,
3401 1407 3497 1460 καὶ
3523 1407 3710 1461 διαϐό-

2124 1498 2242 1563 λου,
2262 1498 2354 1551 καὶ
2371 1497 2627 1563 θανάτου,
2642 1498 2747 1550 καὶ
2762 1497 2873 1550 τῶν
2895 1497 3238 1569 ἐπουρανίων
3260 1498 3464 1569 θρόνων
3482 1498 3707 1569 ἠξίωσε,

2115 1591 2211 1644 καὶ
2231 1590 2318 1644 διὰ
2342 1589 2436 1643 τοῦ
2455 1588 2762 1660 ληφθέντος
2797 1590 2961 1643 παντὶ
2982 1588 3060 1659 τῷ
3086 1590 3234 1657 γένει
3267 1591 3365 1660 τῆς
3398 1590 3710 1661 ἐλευθερίας

2126 1682 2449 1752 μετέδωκεψ
2468 1681 2585 1735 ἀλλ’
2601 1681 2751 1735 οὐδὲν
2766 1680 2972 1735 τούτων
2994 1683 3074 1746 είς
3091 1683 3215 1735 νοῦν
3226 1681 3406 1735 λαϐὼν
3423 1684 3452 1735 6
3470 1681 3710 1751 σοφώτα-

2120 1789 2212 1836 τος
2226 1772 2317 1825 τὸν
2332 1771 2850 1843 μεγαλοφωνότατον
2870 1772 3087 1841 κήρυκα
3096 1772 3194 1842 τῆς
3206 1771 3505 1839 θεολογίας,
3519 1771 3611 1824 τὸν
3624 1771 3712 1823 εύ-

2122 1864 2451 1936 αγγελιστὴν
2467 1865 2745 1935 Ἰωάννην,
2767 1863 2944 1935 μάρτυ
2954 1880 3021 1934 ρα
3038 1863 3136 1934 τῆς
3148 1863 3352 1927 οἰκείας
3364 1864 3549 1926 ἀνοίας
3561 1862 3651 1933 ἔχε
3658 1879 3709 1916 ιν

2121 1959 2356 2029 ἡγεῖται·
2377 1974 2396 2009 ι
2414 1958 2476 2010 '0
2495 1956 2667 2025 Λόγος
2685 1956 2816 2027 γὰρ,
2839 1956 2993 2027 φησὶ,
3015 1954 3153 2025 σάρξ
3169 1954 3405 2023 ἐγένετο,
3423 1955 3518 2008 καὶ
3540 1956 3709 2014 ἐσκή-

2122 2067 2295 2105 νωσεν
2320 2050 2379 2103 ἐν
2398 2051 2530 2121 ἡμῖν
2550 2066 2562 2079 ·
2593 2070 2612 2102 ι
2629 2049 2916 2104 καὶταῦτα
2935 2049 3121 2119 σαφῶς
3141 2048 3319 2112 εἰδὼς,
3340 2049 3417 2112 ὡς
3439 2047 3713 2119 πολλαχοῦ

2122 2143 2184 2195 τὸ
2211 2144 2320 2196 πᾶν
2347 2142 2457 2195 ἀπὸ
2485 2142 2688 2214 μέρους
2721 2141 2894 2213 ἡθεία
2926 2142 3117 2213 Γραφὴ
3153 2140 3575 2212 προσαγορεύει,
3610 2140 3712 2194 καὶ

2128 2230 2205 2301 πὴ
2229 2231 2327 2301 μὲν
2345 2231 2454 2285 ἀπὸ
2479 2232 2578 2303 τῆς
2595 2231 2775 2302 ψυχῆς
2796 2233 2974 2286 πάντα
2996 2230 3152 2284 καλεῖ
3171 2231 3263 2284 τὸν
3288 2230 3594 2301 ἄνθρωπον,
3627 2230 3705 2299 πὴ

2127 2321 2186 2374 δὲ
2224 2322 2332 2375 ἀπὸ
2372 2321 2469 2392 τῆς
2501 2321 2703 2393 σαρκὸς
2728 2321 2849 2375 ὅλον
2878 2319 2940 2373 τὸ
2968 2321 3106 2384 ζῶον
3133 2320 3313 2391 δηλοῖ·
3341 2341 3359 2372 ι
3382 2321 3559 2373 Πᾶσαι
3593 2318 3708 2389 γάρ

2131 2414 2189 2466 αί
2218 2413 2408 2483 ψυχαὶ,
2430 2414 2491 2466 αί
2518 2411 2881 2475 εἰσελθοῦσαι,
2904 2412 3092 2483 φησιν,
3124 2411 3242 2482 ἅμα
3278 2410 3473 2465 Ἰακὼϐ
3506 2412 3586 2474 εἰς
3614 2410 3710 2463 Αἴ-

2124 2530 2329 2583 γυπτον
2350 2512 2724 2582 ἐϐδομήκοντα
2763 2513 2944 2564 πέντε.
3101 2508 3341 2579 Εὕόηλον
3372 2510 3431 2562 δὲ
3464 2510 3549 2572 ὡς
3591 2509 3701 2560 οὐκ

2119 2604 2402 2674 ἀσώματοι
2430 2598 2573 2673 ἦσαν
2611 2605 2663 2655 οί
2701 2602 2799 2655 τοῦ
2843 2600 3040 2655 Ἰακὼϐ
3090 2602 3195 2656 υἱοί
3225 2618 3284 2655 τε
3317 2604 3412 2655 καὶ
3459 2602 3697 2667 ἔκγονοι,

2120 2697 2234 2752 ἀλλ’
2262 2694 2372 2748 ἀπὸ
2411 2695 2612 2764 μέρους
2651 2694 2713 2746 τὸ
2747 2694 2853 2746 πᾶν
2909 2694 2938 2745 6
2984 2694 3398 2765 ἱστοριογράφος
3441 2692 3699 2759 ἐδήλωσε.

2121 2784 2228 2836 Καὶ
2259 2782 2422 2835 πάλιν
2444 2797 2458 2810 ·
2504 2799 2523 2832 ι
2546 2781 2707 2853 Ψυχὴ
2737 2784 2770 2851 ή
2806 2782 3214 2852 ἁμαρτάνουσα,
3244 2782 3382 2851 αὐτὴ
3406 2782 3701 2834 ἀποθανεῖ-

2120 2890 2228 2925 ται.
2282 2890 2301 2923 ι
2339 2870 2527 2934 Οὐδεὶς
2557 2870 2615 2923 δὲ
2635 2870 2777 2939 ἔγνω
2810 2869 3028 2923 πώποτε
3065 2871 3243 2941 ψυχὴν
3284 2870 3415 2924 ἀνευ
3449 2870 3701 2939 σώματος

2120 2962 2367 3034 ἁμαρτίᾳ
2409 2961 2846 3032 περιπεσοῦσανο
2893 2961 2987 3012 καὶ
3033 2955 3209 3022 αὖθις,
3248 2978 3271 3010 ι
3307 2960 3383 3011 Οὐ
3428 2958 3502 3029 μὴ
3532 2974 3703 3011 κατα-

452 3032 512 3084 Et
533 3032 705 3086 denuo
727 3048 791 3083 ενι
815 3030 929 3086 Non
951 3034 1303 3104 permanebit
1327 3032 1563 3103 Spiritus
1593 3048 1748 3089 meus
1777 3034 1830 3087 in
1850 3032 2021 3087 homi-

2126 3030 2282 3125 μείνῂ
2310 3030 2371 3106 τὶ,
2397 3030 2625 3124 Πνεῦμά
2654 3070 2756 3123 μου
2788 3056 2846 3106 ἐν
2873 3055 2983 3114 τοῖς
3007 3050 3315 3123 ἀνθρώποις
3348 3050 3582 3115 τούτοις,
3612 3050 3702 3103 διὰ

454 3121 611 3175 nibus
640 3121 783 3184 istis,
822 3125 944 3190 quia
1224 3138 1351 3178 caro
1375 3123 1535 3178 sunt"
1566 3142 1613 3175 ,ι
1652 3122 1716 3177 Et
1741 3122 1869 3177 alibi
1900 3137 2028 3191 pro-

451 3217 645 3283 pheta:
667 3215 1031 3271 «Omnisearo
1046 3216 1243 3285 pulvis,
1271 3215 1517 3271 etomnis
1536 3216 1814 3271 hominum
1854 3216 2028 3285 gloria

448 3321 546 3360 ceu
568 3306 788 3360 fettiﬂos
836 3308 912 3361 ⁵.»
936 3307 1135 3361 Beatus
1155 3322 1370 3377 quoque
1390 3306 1556 3361 David
1589 3326 1603 3363 :
1642 3326 1659 3358 ι
1689 3307 2027 3362 ιὶοοοῐὼιῑυε

449 3406 553 3459 est,
577 3398 772 3467 inquit.
806 3398 948 3468 quod
973 3414 1104 3454 caro
1132 3411 1281 3466 sunt,
1335 3400 1562 3468 spiritus
1595 3401 1796 3454 vadens
1837 3408 2025 3454 etnon

453 3490 668 3544 rediens
722 3497 759 3545 “.
800 3510 817 3541 ι
864 3489 961 3546 Est
983 3500 1164 3545 autem
1206 3491 1498 3561 unicuique
1522 3490 1890 3561 exploratum,
1919 3506 2024 3544 non

440 3578 617 3635 't‘uisse
663 3583 761 3635 bos
817 3581 1083 3637 inanimes
1153 3597 1290 3652 quos
1338 3582 1711 3652 reprehendit,
1763 3579 1844 3635 vel
1907 3581 2027 3650 qui-

450 3671 734 3740 ltus'legem
754 3672 1060 3736 constituit,
1088 3672 1169 3725 vel
1194 3686 1423 3741 quarunt
1454 3682 1706 3726 naturam
1741 3670 2021 3727 describit.

517 3761 701 3832 Neque
736 3764 908 3837 solum
954 3764 1023 3818 de
1072 3764 1403 3833 vituperatis
1460 3765 1531 3818 ita
1580 3763 1823 3835 loquitur
1865 3762 2020 3817 Scri—

442 3866 825 3923 ptura,verum
849 3856 1015 3911 etiam
1049 3858 1115 3910 de
1142 3856 1554 3912 laudatissimis.
1584 3856 1764 3912 Testis
1798 3856 2020 3919 Paulus,

442 3949 531 4017 qui
565 3947 616 4000 itt
648 3947 883 4016 Epistula
913 3949 978 4001 ad
1009 3946 1231 4003 Galatas
1261 3949 1336 4002 ait
1363 3966 1377 4002 :
1415 3967 1433 4000 ι
1458 3950 1593 4004 Cum
1616 3959 1796 4003 autem
1820 3948 2021 4017 placuit

442 4041 513 4103 ei,
550 4040 637 4107 qui
670 4054 753 4092 me
783 4040 1088 4110 segregavit
1113 4054 1181 4095 ex
1215 4052 1372 4096 utero
1416 4041 1606 4096 tuatris
1637 4056 1791 4105 meas,
1843 4050 1897 4095 et
1929 4056 2024 4095 vo-

443 4132 583 4185 r-mit
612 4147 706 4196 per
735 4132 963 4199 gratiam
996 4147 1174 4197 suam,
1223 4142 1280 4185 ιιι
1335 4132 1604 4187 revelaret
1634 4131 1831 4187 Filium
1861 4148 2019 4186 suum

443 4223 495 4274 in
529 4239 632 4285 me,
667 4223 929 4277 continuo
982 4238 1086 4277 non
1125 4224 1377 4293 acquievi
1427 4224 1580 4278 carni
1623 4232 1679 4277 et
1731 4223 2015 4292 sanguini,

443 4312 537 4364 sed
570 4312 634 4361 ad
668 4327 1028 4379 praecessores
1059 4328 1208 4369 mres
1238 4314 1511 4383 apostolos
1543 4316 1745 4370 accessi
1802 4325 1845 4370 ⁷.
1904 4336 1922 4369 ι
1956 4311 2016 4373 Si

2122 3147 2182 3201 τὸ
2204 3143 2344 3202 εἶναι
2387 3146 2583 3210 αὐτοὺς
2627 3146 2824 3216 σάρκα.
2858 3164 2878 3197 ι
2920 3146 3032 3199 Καὶ
3069 3147 3099 3198 6
3133 3144 3419 3214 προφήτης
3451 3142 3699 3211 ἑτέρωθι.

2128 3257 2145 3289 c
2171 3240 2328 3292 Πᾶσα
2345 3238 2480 3309 σάρξ
2496 3236 2624 3307 χοῦς
2645 3237 2741 3308 [ita
2758 3238 2903 3302 (κοιλ,
2922 3252 3025 3290 non
3040 3236 3278 3308 χόρτος],
3294 3238 3388 3290 καὶ
3407 3237 3557 3289 πᾶσα
3576 3234 3704 3298 δόξα

2122 3329 2411 3400 ἀνθρώπου
2434 3328 2507 3391 ὡς
2536 3328 2694 3392 ἄνθος
2719 3328 2913 3399 χόρτου
2934 3342 2948 3356 ·
2983 3347 3002 3380 ι
3035 3329 3130 3382 καὶ
3158 3330 3187 3381 ό
3214 3329 3485 3399 μακάριος
3514 3328 3702 3390 Δαϐὶδ.

2127 3440 2147 3473 ι
2184 3418 2479 3491 Ἐμνήσθη,
2499 3420 2685 3490 φησὶν,
2718 3419 2799 3472 ὅτι
2827 3418 2965 3490 σάρξ
2993 3420 3122 3479 εισι,
3153 3417 3373 3489 πνεῦμα
3403 3418 3705 3490 πορευόμε-

2123 3528 2232 3571 νον.
2268 3511 2364 3564 καὶ
2383 3510 2483 3563 οὐκ
2511 3509 2863 3579 ἐπιστρέφον.
2891 3528 2909 3560 ι
2946 3509 3117 3562 Παντὶ
3138 3508 3194 3561 δὲ
3216 3508 3485 3578 δήπουθεν
3509 3508 3705 3578 γνώρι-

2127 3618 2247 3674 μον,
2271 3600 2345 3663 ὡς
2371 3600 2469 3653 οὐκ
2498 3599 2694 3668 ἄψυχοι
2720 3594 2861 3668 ἦσαν
2883 3594 3029 3652 οὗτοι
3056 3589 3133 3650 ὧν
3152 3596 3472 3667 κατηγορεῖ,
3500 3595 3596 3648 καὶ
3623 3588 3706 3657 οἷς

2123 3690 2425 3761 νομοθετεῖ,
2466 3689 2559 3742 καὶ
2582 3681 2657 3742 ὧν
2682 3687 2980 3757 ἐρμηνεύει
3013 3686 3112 3756 τὴν
3143 3686 3327 3756 φύσιν,

2195 3782 2271 3836 Οὐ
2303 3782 2462 3853 μόνον
2487 3780 2544 3833 δέ
2580 3780 2707 3842 τοὺς
2751 3778 3255 3850 κατηγορουμένους
3286 3776 3457 3848 [λέγει
3496 3779 3529 3848 ἡ
3558 3777 3704 3847 Γρα-

2127 3870 2248 3945 φὴ],
2274 3870 2412 3926 ἀλλά
2464 3869 2562 3924 καὶ
2592 3870 2699 3922 τῶν
2733 3868 3143 3938 ἐπαινουμένων
3178 3869 3305 3932 τοὺς
3338 3867 3703 3940 κορυφαίουςο

2126 3963 2222 4015 καὶ
2256 3961 2461 4014 τούτων
2497 3961 2709 4031 μάρτυς
2734 3961 2764 4012 6
2804 3959 3075 4029 μακάριος
3120 3957 3330 4020 Παῦλος
3371 3960 3429 4010 ἐν
3461 3960 3527 4027 τῇ
3570 3957 3707 4027 πρὸς

2128 4052 2373 4115 Γαλάτας
2400 4051 2602 4118 λέγων’
2638 4068 2655 4100 ι
2685 4051 2814 4102 Ὅτε
2847 4048 2903 4101 δὲ
2936 4048 3229 4118 εὐδόκησεν
3261 4051 3288 4101 ὁ
3307 4047 3437 4111 Θεὸς
3462 4049 3489 4100 6
3515 4048 3710 4118 ἀφορία

2130 4158 2228 4204 σας
2263 4158 2330 4210 με
2355 4143 2419 4192 ἐκ
2455 4137 2661 4200 κοιλίας
2702 4136 2907 4206 μητρός
2940 4152 3067 4206 μου,
3098 4136 3191 4188 καὶ
3228 4133 3467 4197 καλέσας
3498 4132 3588 4185 διὰ
3609 4133 3711 4203 τῆς

2129 4233 2346 4303 χάριτος
2379 4228 2544 4283 αὐτοῦ
2588 4226 2941 4297 ἀποκαλύψαι
2982 4226 3074 4280 τὸν
3105 4226 3231 4279 Υἱὲν
3271 4224 3435 4280 αὐτοῦ
3472 4226 3528 4277 ἐν
3563 4223 3707 4292 ἐμοὶ,

2128 4324 2329 4387 εὐθέως
2364 4323 2422 4375 οὐ
2452 4319 2867 4393 προσανεθέμην
2904 4319 3071 4389 σαρκὶ
3110 4320 3203 4372 καὶ
3235 4318 3447 4388 αἵματι,
3570 4314 3705 4368 ἁλλά

440 4420 570 4474 ergo
596 4420 698 4457 non
727 4414 938 4459 tantum
976 4407 1043 4461 de
1066 4408 1270 4461 carnali
1313 4405 1532 4472 alfectu,
1580 4419 1632 4463 et
1671 4410 1739 4464 de
1775 4414 2020 4468 mortali-

2131 4414 2265 4487 πρὸς
2296 4414 2419 4476 τοὺς
2450 4412 2553 4482 πρὸ
2600 4409 2734 4482 ἐμοῦ
2765 4408 3096 4472 ἀποστόλους
3132 4407 3386 4477 ἀνῆλθον.
3413 4425 3430 4457 ι
3461 4404 3523 4457 Εἰ
3561 4404 3618 4456 δὲ
3645 4409 3709 4456 ού

444 4506 584 4560 tate,
630 4496 812 4551 carnis
862 4510 1058 4553 sensus
1100 4499 1447 4569 intelligitur,
1503 4513 1686 4556 verum
1734 4502 1897 4558 etiam
1956 4509 2020 4562 de

441 4590 690 4641 universa
745 4588 983 4643 hominis
1028 4598 1238 4655 natura,
1289 4600 1438 4659 patet
1468 4592 1780 4660 dictionem,
1812 4613 1828 4645 ι
1884 4593 2018 4651 Ver-

440 4679 564 4730 lnnn
589 4693 716 4732 caro
750 4678 950 4734 factum
983 4692 1086 4743 est,
1109 4700 1127 4733 ι
1159 4697 1266 4736 non
1309 4684 1452 4750 quod
1483 4684 1696 4741 visibile
1724 4688 2015 4744 animantis

438 4780 515 4820 est
557 4773 965 4838 tantunnnodo,
1009 4776 1102 4827 sed
1135 4784 1304 4829 totum
1352 4776 1622 4830 hominem
1671 4777 2007 4849 signiﬁcare.

440 4862 622 4927 Neque
672 4867 1087 4922 conversionem
1140 4868 1427 4937 quamdam
1458 4864 1656 4925 divinat-
1697 4871 2017 4928 substantiae

440 4954 492 5002 in
526 4966 745 5005 carnem
793 4955 1044 5009 evenisse
1096 4957 1248 5021 dicit,
1295 4958 1395 5010 sed
1446 4968 1784 5028 assumptam
1825 4980 1860 5014 τι
1909 4961 2017 5018 Deo

444 5040 620 5096 Verhu
681 5045 973 5098 ltumanam
1028 5055 1278 5101 naturam
1326 5049 1602 5117 praedicat.
1658 5050 1811 5106 Sicut
1869 5055 2015 5108 enim

440 5137 661 5199 lm'ttlin,
696 5153 714 5186 ι
755 5134 1005 5191 Christus
1045 5139 1277 5193 redemit
1312 5154 1413 5195 nos
1430 5141 1496 5195 de
1533 5142 1826 5199 maledicto
1857 5147 2015 5219 legis,

441 5233 612 5286 factus
631 5244 727 5299 pro
758 5229 916 5283 nobis
945 5229 1289 5284 maiedictum
1332 5235 1379 5297 ⁸,
1426 5251 1443 5284 ι
1474 5248 1814 5304 nequaquam
1841 5240 2013 5297 innui'

441 5325 792 5379 mutationem
840 5322 1003 5378 fontis
1056 5325 1320 5379 bonorum
1369 5326 1421 5379 in
1472 5331 1863 5397 maledictum,
1920 5341 2013 5392 sed

439 5421 617 5486 potius
643 5419 834 5471 lactant
864 5433 958 5487 per
993 5417 1168 5486 ipsum
1206 5418 1415 5486 peccati
1457 5421 1572 5477 sive
1613 5425 1882 5481 maledicti
1915 5430 2011 5483 de—

504 5629 518 5658 '
545 5627 705 5681 Joan.
742 5643 779 5691 l,
818 5626 908 5680 Η.
974 5624 1007 5663 ῖ⁹
1035 5621 1174 5677 Gen.
1216 5638 1359 5683 XLVI,
1390 5625 1480 5680 27.
1555 5625 1573 5657 '
1615 5622 1809 5677 Ezccb.
1842 5637 1993 5687 xt'ttt,

2160 5621 2178 5652 ⁸
2216 5620 2354 5677 Gen.
2389 5639 2465 5690 γι,
2497 5621 2552 5690 ’5,
2583 5621 2672 5676 Η.

429 5698 449 5729 ’
474 5694 649 5751 Calai.
690 5713 727 5756 1.
766 5698 852 5751 15.
878 5702 888 5710 ’
919 5697 938 5728 ⁸
966 5694 1139 5751 Calai.
1172 5709 1253 5759 ttt,
1290 5695 1379 5749 15.

2135 4505 2295 4578 μόνον
2325 4504 2416 4556 ἐπὶ
2443 4501 2535 4555 τοῦ
2574 4498 2839 4572 σαρκικοῦ
2874 4499 3219 4570 φρονήματος
3254 4496 3345 4550 καὶ
3378 4496 3473 4565 τῆς
3514 4494 3708 4562 θνητό-

2130 4613 2309 4666 τητος,
2343 4594 2402 4647 τὸ
2437 4593 2535 4662 τῆς
2561 4591 2758 4661 σαρκὸς
2782 4590 3035 4660 φρόνημα
3068 4586 3420 4657 λαμϐάνεται,
3448 4584 3582 4637 ἁλλά
3610 4587 3705 4636 καὶ

2131 4687 2223 4738 ἐπὶ
2255 4684 2433 4752 πάσης
2450 4682 2549 4749 τῆς
2573 4680 2666 4733 τοῦ
2690 4678 2978 4749 ἀνθρώπου
3011 4677 3244 4748 φύσεως,
3279 4675 3500 4746 εὔδηλον
3527 4675 3600 4738 ὡς
3626 4674 3709 4740 τὸ,

2139 4795 2157 4828 ι
2190 4776 2247 4829 '0
2276 4774 2446 4841 Λόγος
2474 4770 2611 4842 σὰρξ
2642 4773 2874 4840 ἐγένετο,
2902 4791 2918 4823 ι
2943 4771 3002 4823 οὐ
3026 4770 3084 4822 τὸ
3105 4768 3426 4847 φαινόμενον
3447 4766 3541 4820 τοῦ
3570 4767 3710 4831 ζώου

2137 4866 2317 4937 μόνον,
2363 4861 2475 4914 ἀλλ’
2510 4862 2629 4915 ὅλον
2660 4862 2914 4931 σημαίνει
2949 4860 3039 4912 τὸν
3078 4859 3392 4929 ἄνθρωπον·
3433 4858 3551 4911 οὐδὲ
3584 4875 3705 4927 τρο-

2136 4957 2246 5025 πὴν
2276 4970 2395 5005 τινα
2434 4951 2532 5021 τῆς
2575 4951 2723 5014 θείας
2751 4950 2939 5014 οὐσίας
2970 4952 3049 5013 εἰς
3102 4951 3282 5019 σάρκα
3326 4949 3459 5019 φησὶ
3489 4948 3716 5019 γεγενῆ-

2138 5048 2282 5107 σθαι,
2315 5044 2451 5097 ἀλλὰ
2483 5044 2590 5114 ,τὴν
2627 5045 2731 5098 ὑπὸ
2769 5043 2862 5096 τοῦ
2896 5042 3031 5095 Θεοῦ
3077 5045 3250 5110 Λόγου
3298 5040 3564 5111 ἀνάληψιν
3616 5041 3715 5110 τῆς

2135 5135 2481 5207 ἀνθρωπείας
2515 5135 2778 5206 κηρύττει
2803 5134 3044 5201 φύσεως·
3073 5133 3260 5205 ῶσπερ
3294 5133 3402 5204 γὰρ
3426 5131 3506 5199 τὸ,
3541 5152 3559 5183 ι
3579 5132 3716 5202 Χριο

2139 5226 2261 5287 o-t-b;
2305 5228 2453 5297 ἡμᾶς
2498 5223 2831 5298 ἐξηγόρασεν
2865 5227 2930 5278 ἐκ
2962 5225 3060 5294 τῆς
3105 5225 3351 5294 κατάρας
3396 5223 3492 5276 τοῦ
3523 5223 3712 5293 νόμου,

2137 5318 2426 5385 γενόμενος
2455 5318 2594 5388 ὑπὲρ
2624 5316 2775 5387 ἡμῶν
2820 5317 3052 5386 κατάρα,
3081 5334 3099 5366 ι
3127 5318 3188 5369 οὐ
3234 5316 3332 5386 τὴν
3361 5318 3440 5379 εἰς
3471 5314 3717 5386 κατάραν

2141 5407 2441 5479 μεταϐολὴν
2468 5408 2566 5477 τῆς
2603 5408 2710 5460 τῶν
2743 5407 2965 5476 ἀγαθῶν
3013 5406 3193 5477 πηγῆς
3226 5406 3544 5469 αἰνίττεται,
3581 5405 3718 5459 ἀλλὰ

2746 5621 2766 5653 ⁵
2802 5621 2902 5677 lsa
2941 5636 3026 5685 XL,
3050 5621 3102 5677 6.
3183 5619 3361 5677 'Psal.
3388 5633 3593 5683 LX\\'|I,
3625 5615 3719 5674 '59.
