  <div class='ocr_page' id='page_1' title='image "/cluster/home/n/w/nwhite01/storage/ocr_20150623/130:no.3/coo.31924054870351/464.png"; bbox 0 0 4082 6390; ppageno 0'>
   <div class='ocr_carea' id='block_1_1' title="bbox 389 285 3647 392">
    <p class='ocr_par' dir='ltr' id='par_1_1' title="bbox 389 285 3647 392">
     <span class='ocr_line' id='line_1_1' title="bbox 389 285 3647 392; baseline -0.012 -5"><span class='ocrx_word' id='word_1_1' title='bbox 389 326 494 392; x_wconf 73' lang='lat'><strong>909</strong></span> <span class='ocrx_word' id='word_1_2' title='bbox 1328 301 1706 368; x_wconf 79' lang='lat' dir='ltr'><strong>PANOPLIA</strong></span> <span class='ocrx_word' id='word_1_3' title='bbox 1748 300 2213 363; x_wconf 79' lang='lat' dir='ltr'><strong>DOGMATICA.</strong></span> <span class='ocrx_word' id='word_1_4' title='bbox 2244 323 2314 334; x_wconf 91' lang='grc'>-·</span> <span class='ocrx_word' id='word_1_5' title='bbox 2338 299 2482 359; x_wconf 85' lang='lat' dir='ltr'><strong>TIT.</strong></span> <span class='ocrx_word' id='word_1_6' title='bbox 2530 297 2686 356; x_wconf 77' lang='lat' dir='ltr'><strong>XIV.</strong></span> <span class='ocrx_word' id='word_1_7' title='bbox 3540 285 3647 349; x_wconf 77' lang='lat' dir='ltr'><strong>9M</strong></span> 
     </span>
    </p>
   </div>
   <div class='ocr_carea' id='block_1_2' title="bbox 395 424 2018 518">
    <p class='ocr_par' dir='ltr' id='par_1_2' title="bbox 395 424 2018 518">
     <span class='ocr_line' id='line_1_2' title="bbox 395 424 2018 518; baseline -0.004 -19"><span class='ocrx_word' id='word_1_8' title='bbox 395 451 493 518; x_wconf 73' lang='grc' dir='ltr'><strong>την</strong></span> <span class='ocrx_word' id='word_1_9' title='bbox 535 446 598 498; x_wconf 81' lang='grc' dir='ltr'>δι’</span> <span class='ocrx_word' id='word_1_10' title='bbox 637 441 800 496; x_wconf 69' lang='grc' dir='ltr'>αὑτοῦ</span> <span class='ocrx_word' id='word_1_11' title='bbox 849 437 1148 508; x_wconf 73' lang='grc' dir='ltr'><strong>γενομένην</strong></span> <span class='ocrx_word' id='word_1_12' title='bbox 1189 434 1288 504; x_wconf 84' lang='grc' dir='ltr'><strong>τῆς</strong></span> <span class='ocrx_word' id='word_1_13' title='bbox 1342 429 1619 501; x_wconf 72' lang='grc' dir='ltr'><strong>ἁμαρτίας</strong></span> <span class='ocrx_word' id='word_1_14' title='bbox 1670 427 1836 498; x_wconf 68' lang='grc' dir='ltr'>ἤγουν</span> <span class='ocrx_word' id='word_1_15' title='bbox 1873 424 2018 493; x_wconf 61' lang='grc' dir='ltr'><strong>Ἒῆςὶ</strong></span> 
     </span>
    </p>
   </div>
   <div class='ocr_carea' id='block_1_3' title="bbox 2111 424 3645 518">
    <p class='ocr_par' dir='ltr' id='par_1_3' title="bbox 2111 430 3645 505">
     <span class='ocr_line' id='line_1_3' title="bbox 2111 430 3645 505; baseline -0.011 -6"><span class='ocrx_word' id='word_1_16' title='bbox 2111 444 2373 499; x_wconf 84' lang='lat' dir='ltr'><strong>ulsionem</strong></span> <span class='ocrx_word' id='word_1_17' title='bbox 2399 457 2414 505; x_wconf 87' lang='lat'><strong>;</strong></span> <span class='ocrx_word' id='word_1_18' title='bbox 2445 447 2498 493; x_wconf 89' lang='lat' dir='ltr'><strong>et</strong></span> <span class='ocrx_word' id='word_1_19' title='bbox 2528 435 2689 491; x_wconf 88' lang='lat' dir='ltr'><strong>sicuti</strong></span> <span class='ocrx_word' id='word_1_20' title='bbox 2715 432 2900 495; x_wconf 86' lang='lat' dir='ltr'><strong>verba,</strong></span> <span class='ocrx_word' id='word_1_21' title='bbox 2941 448 2959 481; x_wconf 79' lang='grc' dir='ltr'><strong>ι</strong></span> <span class='ocrx_word' id='word_1_22' title='bbox 3000 430 3344 484; x_wconf 81' lang='lat' dir='ltr'><strong>factumesse</strong></span> <span class='ocrx_word' id='word_1_23' title='bbox 3365 438 3645 498; x_wconf 80' lang='lat' dir='ltr'><strong>peccaturo</strong></span> 
     </span>
    </p>
   </div>
   <div class='ocr_carea' id='block_1_4' title="bbox 399 516 2018 608">
    <p class='ocr_par' dir='ltr' id='par_1_4' title="bbox 399 516 1974 608">
     <span class='ocr_line' id='line_1_4' title="bbox 399 516 1974 608; baseline -0.015 -15"><span class='ocrx_word' id='word_1_24' title='bbox 399 516 642 608; x_wconf 75' lang='grc' dir='ltr'>κατάρας</span> <span class='ocrx_word' id='word_1_25' title='bbox 688 531 1030 601; x_wconf 77' lang='grc' dir='ltr'>ἀπαλλαγὴν,</span> <span class='ocrx_word' id='word_1_26' title='bbox 1074 527 1167 580; x_wconf 74' lang='grc' dir='ltr'>καὶ</span> <span class='ocrx_word' id='word_1_27' title='bbox 1210 526 1295 589; x_wconf 87' lang='grc' dir='ltr'>τὸ,</span> <span class='ocrx_word' id='word_1_28' title='bbox 1334 542 1353 574; x_wconf 76' lang='grc' dir='ltr'><strong>ι</strong></span> <span class='ocrx_word' id='word_1_29' title='bbox 1391 521 1652 576; x_wconf 79' lang='grc' dir='ltr'><strong>Γενέσθαι</strong></span> <span class='ocrx_word' id='word_1_30' title='bbox 1699 516 1974 589; x_wconf 78' lang='grc' dir='ltr'><strong>ἁμαρτίαν</strong></span> 
     </span>
    </p>
   </div>
   <div class='ocr_carea' id='block_1_5' title="bbox 2111 516 3645 608">
    <p class='ocr_par' dir='ltr' id='par_1_5' title="bbox 2113 527 3645 596">
     <span class='ocr_line' id='line_1_5' title="bbox 2113 527 3645 596; baseline -0.011 -5"><span class='ocrx_word' id='word_1_31' title='bbox 2113 552 2172 591; x_wconf 92' lang='lat' dir='ltr'><strong>ro</strong></span> <span class='ocrx_word' id='word_1_32' title='bbox 2197 533 2350 590; x_wconf 87' lang='lat' dir='ltr'><strong>nobis</strong></span> <span class='ocrx_word' id='word_1_33' title='bbox 2377 545 2500 586; x_wconf 89' lang='lat' dir='ltr'><strong>eum</strong></span> <span class='ocrx_word' id='word_1_34' title='bbox 2536 527 2626 596; x_wconf 85' lang='lat' dir='ltr'><strong>qui</strong></span> <span class='ocrx_word' id='word_1_35' title='bbox 2655 533 2933 596; x_wconf 87' lang='lat' dir='ltr'><strong>peccatum</strong></span> <span class='ocrx_word' id='word_1_36' title='bbox 2989 537 3094 576; x_wconf 92' lang='lat' dir='ltr'><strong>non</strong></span> <span class='ocrx_word' id='word_1_37' title='bbox 3126 532 3353 576; x_wconf 75' lang='lat' dir='ltr'><strong>noverat</strong></span> <span class='ocrx_word' id='word_1_38' title='bbox 3407 529 3454 585; x_wconf 85' lang='grc'>¹,</span> <span class='ocrx_word' id='word_1_39' title='bbox 3497 539 3515 573; x_wconf 75' lang='grc' dir='ltr'><strong>ι</strong></span> <span class='ocrx_word' id='word_1_40' title='bbox 3552 537 3645 574; x_wconf 88' lang='lat' dir='ltr'><strong>ne-</strong></span> 
     </span>
    </p>
   </div>
   <div class='ocr_carea' id='block_1_6' title="bbox 399 611 2018 700">
    <p class='ocr_par' dir='ltr' id='par_1_6' title="bbox 399 611 1976 700">
     <span class='ocr_line' id='line_1_6' title="bbox 399 611 1976 700; baseline -0.015 -16"><span class='ocrx_word' id='word_1_41' title='bbox 399 632 536 700; x_wconf 77' lang='grc' dir='ltr'>ὑπὲρ</span> <span class='ocrx_word' id='word_1_42' title='bbox 582 626 740 698; x_wconf 80' lang='grc' dir='ltr'><strong>ἡμῶν</strong></span> <span class='ocrx_word' id='word_1_43' title='bbox 777 627 868 678; x_wconf 74' lang='grc' dir='ltr'><strong>τὸν</strong></span> <span class='ocrx_word' id='word_1_44' title='bbox 926 625 1001 694; x_wconf 83' lang='grc' dir='ltr'>μὴ</span> <span class='ocrx_word' id='word_1_45' title='bbox 1028 620 1225 691; x_wconf 81' lang='grc' dir='ltr'>γνόντα</span> <span class='ocrx_word' id='word_1_46' title='bbox 1261 615 1560 688; x_wconf 81' lang='grc' dir='ltr'><strong>ἁμαρτίαν,</strong></span> <span class='ocrx_word' id='word_1_47' title='bbox 1606 632 1624 665; x_wconf 73' lang='grc' dir='ltr'><strong>ι</strong></span> <span class='ocrx_word' id='word_1_48' title='bbox 1660 613 1720 666; x_wconf 75' lang='grc' dir='ltr'>οὐ</span> <span class='ocrx_word' id='word_1_49' title='bbox 1745 611 1845 681; x_wconf 83' lang='grc' dir='ltr'><strong>τὴν</strong></span> <span class='ocrx_word' id='word_1_50' title='bbox 1876 611 1976 680; x_wconf 80' lang='grc' dir='ltr'>τῆς</span> 
     </span>
    </p>
   </div>
   <div class='ocr_carea' id='block_1_7' title="bbox 2111 611 3651 700">
    <p class='ocr_par' dir='ltr' id='par_1_7' title="bbox 2119 613 3651 697">
     <span class='ocr_line' id='line_1_7' title="bbox 2119 613 3651 697; baseline -0.009 -18"><span class='ocrx_word' id='word_1_51' title='bbox 2119 641 2347 697; x_wconf 88' lang='lat' dir='ltr'><strong>uaqnam</strong></span> <span class='ocrx_word' id='word_1_52' title='bbox 2384 621 2609 693; x_wconf 75' lang='lat' dir='ltr'><strong>jnstitia:</strong></span> <span class='ocrx_word' id='word_1_53' title='bbox 2643 615 3000 671; x_wconf 90' lang='lat' dir='ltr'><strong>nmtationem</strong></span> <span class='ocrx_word' id='word_1_54' title='bbox 3037 613 3346 682; x_wconf 73' lang='lat' dir='ltr'><strong>significant</strong></span> <span class='ocrx_word' id='word_1_55' title='bbox 3377 614 3478 684; x_wconf 88' lang='lat' dir='ltr'><strong>(est</strong></span> <span class='ocrx_word' id='word_1_56' title='bbox 3506 614 3651 667; x_wconf 89' lang='lat' dir='ltr'><strong>enim</strong></span> 
     </span>
    </p>
   </div>
   <div class='ocr_carea' id='block_1_8' title="bbox 402 702 2018 808">
    <p class='ocr_par' dir='ltr' id='par_1_8' title="bbox 402 702 1974 786">
     <span class='ocr_line' id='line_1_8' title="bbox 402 702 1974 786; baseline -0.015 -10"><span class='ocrx_word' id='word_1_57' title='bbox 402 719 741 786; x_wconf 77' lang='grc' dir='ltr'><strong>δικαιοσύνης</strong></span> <span class='ocrx_word' id='word_1_58' title='bbox 758 715 1011 786; x_wconf 83' lang='grc' dir='ltr'><strong>σημαίνει</strong></span> <span class='ocrx_word' id='word_1_59' title='bbox 1031 711 1239 783; x_wconf 76' lang='grc' dir='ltr'>τροπὴν</span> <span class='ocrx_word' id='word_1_60' title='bbox 1262 710 1553 779; x_wconf 80' lang='grc' dir='ltr'><strong>(ἄτρεπτον</strong></span> <span class='ocrx_word' id='word_1_61' title='bbox 1569 705 1678 776; x_wconf 85' lang='grc' dir='ltr'><strong>γὰρ</strong></span> <span class='ocrx_word' id='word_1_62' title='bbox 1709 702 1770 755; x_wconf 84' lang='grc' dir='ltr'>τὸ</span> <span class='ocrx_word' id='word_1_63' title='bbox 1799 703 1974 765; x_wconf 76' lang='grc' dir='ltr'>Θεῖον,</span> 
     </span>
    </p>
   </div>
   <div class='ocr_carea' id='block_1_9' title="bbox 2111 702 3653 808">
    <p class='ocr_par' dir='ltr' id='par_1_9' title="bbox 2111 704 3653 774">
     <span class='ocr_line' id='line_1_9' title="bbox 2111 704 3653 774; baseline -0.012 1"><span class='ocrx_word' id='word_1_64' title='bbox 2111 717 2403 774; x_wconf 78' lang='lat' dir='ltr'><strong>nvertibilis</strong></span> <span class='ocrx_word' id='word_1_65' title='bbox 2437 715 2575 768; x_wconf 89' lang='lat' dir='ltr'><strong>Deus</strong></span> <span class='ocrx_word' id='word_1_66' title='bbox 2600 720 2654 764; x_wconf 90' lang='lat' dir='ltr'><strong>et</strong></span> <span class='ocrx_word' id='word_1_67' title='bbox 2684 706 3054 770; x_wconf 90' lang='lat' dir='ltr'><strong>immutabilis,</strong></span> <span class='ocrx_word' id='word_1_68' title='bbox 3087 705 3244 759; x_wconf 87' lang='lat' dir='ltr'><strong>siculi</strong></span> <span class='ocrx_word' id='word_1_69' title='bbox 3277 719 3374 771; x_wconf 86' lang='lat' dir='ltr'><strong>per</strong></span> <span class='ocrx_word' id='word_1_70' title='bbox 3421 704 3653 774; x_wconf 86' lang='lat' dir='ltr'><strong>prophe-</strong></span> 
     </span>
    </p>
   </div>
   <div class='ocr_carea' id='block_1_10' title="bbox 405 788 2018 907">
    <p class='ocr_par' dir='ltr' id='par_1_10' title="bbox 405 788 1982 907">
     <span class='ocr_line' id='line_1_10' title="bbox 405 788 1980 869; baseline -0.017 -4"><span class='ocrx_word' id='word_1_71' title='bbox 405 814 496 865; x_wconf 76' lang='grc' dir='ltr'>καὶ</span> <span class='ocrx_word' id='word_1_72' title='bbox 526 808 902 869; x_wconf 71' lang='grc' dir='ltr'><strong>ἀναλλοίωτον,</strong></span> <span class='ocrx_word' id='word_1_73' title='bbox 933 804 1008 865; x_wconf 87' lang='grc' dir='ltr'>ὡς</span> <span class='ocrx_word' id='word_1_74' title='bbox 1036 801 1125 854; x_wconf 80' lang='grc' dir='ltr'><strong>διὰ</strong></span> <span class='ocrx_word' id='word_1_75' title='bbox 1171 797 1266 852; x_wconf 88' lang='grc' dir='ltr'><strong>τοῦ</strong></span> <span class='ocrx_word' id='word_1_76' title='bbox 1312 797 1593 868; x_wconf 84' lang='grc' dir='ltr'>προφήτου</span> <span class='ocrx_word' id='word_1_77' title='bbox 1625 794 1722 863; x_wconf 75' lang='grc' dir='ltr'>βοᾷ</span> <span class='ocrx_word' id='word_1_78' title='bbox 1741 810 1752 822; x_wconf 94' lang='grc'><strong>·</strong></span> <span class='ocrx_word' id='word_1_79' title='bbox 1796 810 1812 841; x_wconf 88' lang='grc' dir='ltr'><strong>ι</strong></span> <span class='ocrx_word' id='word_1_80' title='bbox 1837 788 1980 858; x_wconf 84' lang='grc' dir='ltr'><strong>Ἑγώ</strong></span> 
     </span>
     <span class='ocr_line' id='line_1_11' title="bbox 447 881 1982 907; baseline -0.016 24"><span class='ocrx_word' id='word_1_81' title='bbox 447 906 450 907; x_wconf 60' lang='grc'><strong><em>⁷</em></strong></span> <span class='ocrx_word' id='word_1_82' title='bbox 651 901 662 907; x_wconf 84' lang='grc'><strong><em>“</em></strong></span> <span class='ocrx_word' id='word_1_83' title='bbox 741 898 754 907; x_wconf 73' lang='grc'>⁸</span> <span class='ocrx_word' id='word_1_84' title='bbox 835 895 914 907; x_wconf 68' lang='grc'><strong>“““</strong></span> <span class='ocrx_word' id='word_1_85' title='bbox 966 893 977 907; x_wconf 81' lang='grc'><strong><em>⁸</em></strong></span> <span class='ocrx_word' id='word_1_86' title='bbox 1225 890 1240 907; x_wconf 87' lang='lat'><strong>‘</strong></span> <span class='ocrx_word' id='word_1_87' title='bbox 1277 889 1349 907; x_wconf 69' lang='lat'><strong>&quot;‘</strong></span> <span class='ocrx_word' id='word_1_88' title='bbox 1377 889 1388 907; x_wconf 86' lang='lat'><strong><em>‘</em></strong></span> <span class='ocrx_word' id='word_1_89' title='bbox 1434 887 1528 907; x_wconf 52' lang='lat'><strong>—-\~</strong></span> <span class='ocrx_word' id='word_1_90' title='bbox 1561 885 1665 907; x_wconf 75' lang='grc'><strong>--“’---</strong></span> <span class='ocrx_word' id='word_1_91' title='bbox 1699 881 1982 907; x_wconf 61' lang='grc' dir='ltr'><strong>-ι--ρ-λ-...ι</strong></span> 
     </span>
    </p>
   </div>
   <div class='ocr_carea' id='block_1_11' title="bbox 2111 788 3659 907">
    <p class='ocr_par' dir='ltr' id='par_1_11' title="bbox 2111 796 3659 874">
     <span class='ocr_line' id='line_1_12' title="bbox 2111 796 3659 874; baseline -0.018 -8"><span class='ocrx_word' id='word_1_92' title='bbox 2111 827 2192 866; x_wconf 88' lang='lat' dir='ltr'><strong>ant</strong></span> <span class='ocrx_word' id='word_1_93' title='bbox 2222 809 2447 864; x_wconf 88' lang='lat' dir='ltr'><strong>clamat:</strong></span> <span class='ocrx_word' id='word_1_94' title='bbox 2482 824 2500 857; x_wconf 85' lang='grc' dir='ltr'><strong>ι</strong></span> <span class='ocrx_word' id='word_1_95' title='bbox 2535 803 2645 874; x_wconf 82' lang='lat' dir='ltr'><strong>Ego</strong></span> <span class='ocrx_word' id='word_1_96' title='bbox 2674 816 2813 863; x_wconf 87' lang='lat' dir='ltr'><strong>sum,</strong></span> <span class='ocrx_word' id='word_1_97' title='bbox 2844 808 3019 852; x_wconf 80' lang='lat' dir='ltr'><strong>etnon</strong></span> <span class='ocrx_word' id='word_1_98' title='bbox 3045 805 3222 850; x_wconf 91' lang='lat' dir='ltr'><strong>mutor</strong></span> <span class='ocrx_word' id='word_1_99' title='bbox 3267 801 3316 862; x_wconf 82' lang='grc'>²,</span> <span class='ocrx_word' id='word_1_100' title='bbox 3352 796 3508 865; x_wconf 75' lang='grc' dir='ltr'>›)εθι1</span> <span class='ocrx_word' id='word_1_101' title='bbox 3525 810 3659 866; x_wconf 81' lang='lat' dir='ltr'><strong>pec-</strong></span> 
     </span>
    </p>
   </div>
   <div class='ocr_carea' id='block_1_12' title="bbox 407 881 2018 971">
    <p class='ocr_par' dir='ltr' id='par_1_12' title="bbox 407 881 1982 971">
     <span class='ocr_line' id='line_1_13' title="bbox 407 881 1982 971; baseline -0.015 -16"><span class='ocrx_word' id='word_1_102' title='bbox 407 906 543 971; x_wconf 83' lang='grc' dir='ltr'>εἰμι,</span> <span class='ocrx_word' id='word_1_103' title='bbox 580 901 674 953; x_wconf 73' lang='grc' dir='ltr'>καὶ</span> <span class='ocrx_word' id='word_1_104' title='bbox 703 898 802 951; x_wconf 84' lang='grc' dir='ltr'>οὐκ</span> <span class='ocrx_word' id='word_1_105' title='bbox 828 893 1130 965; x_wconf 71' lang='grc' dir='ltr'>ὴλλοίωμαι</span> <span class='ocrx_word' id='word_1_106' title='bbox 1149 930 1163 952; x_wconf 88' lang='grc'><strong>,</strong></span> <span class='ocrx_word' id='word_1_107' title='bbox 1197 890 1243 960; x_wconf 76' lang='grc' dir='ltr'>ι)</span> <span class='ocrx_word' id='word_1_108' title='bbox 1266 889 1402 944; x_wconf 83' lang='grc' dir='ltr'>ἀλλὰ</span> <span class='ocrx_word' id='word_1_109' title='bbox 1429 887 1529 957; x_wconf 82' lang='grc' dir='ltr'>τὴν</span> <span class='ocrx_word' id='word_1_110' title='bbox 1557 885 1665 938; x_wconf 80' lang='grc' dir='ltr'><strong>τῶν</strong></span> <span class='ocrx_word' id='word_1_111' title='bbox 1699 881 1982 953; x_wconf 74' lang='grc' dir='ltr'><strong>ἡμετέρων</strong></span> 
     </span>
    </p>
   </div>
   <div class='ocr_carea' id='block_1_13' title="bbox 2111 881 3656 971">
    <p class='ocr_par' dir='ltr' id='par_1_13' title="bbox 2111 888 3656 957">
     <span class='ocr_line' id='line_1_14' title="bbox 2111 888 3656 957; baseline -0.009 -2"><span class='ocrx_word' id='word_1_112' title='bbox 2111 917 2331 957; x_wconf 75' lang='lat' dir='ltr'><strong>ratorum</strong></span> <span class='ocrx_word' id='word_1_113' title='bbox 2379 909 2684 954; x_wconf 89' lang='lat' dir='ltr'><strong>nostrorum</strong></span> <span class='ocrx_word' id='word_1_114' title='bbox 2729 891 3191 956; x_wconf 78' lang='lat' dir='ltr'><strong>assumptionem:</strong></span> <span class='ocrx_word' id='word_1_115' title='bbox 3228 907 3247 939; x_wconf 79' lang='grc' dir='ltr'><strong>ι</strong></span> <span class='ocrx_word' id='word_1_116' title='bbox 3299 888 3436 943; x_wconf 84' lang='lat' dir='ltr'><strong>Ecce</strong></span> <span class='ocrx_word' id='word_1_117' title='bbox 3469 889 3614 942; x_wconf 91' lang='lat' dir='ltr'><strong>enim</strong></span> <span class='ocrx_word' id='word_1_118' title='bbox 3639 929 3656 953; x_wconf 93' lang='lat'><strong>,</strong></span> 
     </span>
    </p>
   </div>
   <div class='ocr_carea' id='block_1_14' title="bbox 408 973 2018 1091">
    <p class='ocr_par' dir='ltr' id='par_1_14' title="bbox 408 973 1984 1062">
     <span class='ocr_line' id='line_1_15' title="bbox 408 973 1984 1062; baseline -0.015 -16"><span class='ocrx_word' id='word_1_119' title='bbox 408 990 822 1062; x_wconf 67' lang='grc' dir='ltr'><strong>ἁμαρτημάτων</strong></span> <span class='ocrx_word' id='word_1_120' title='bbox 847 985 1142 1053; x_wconf 77' lang='grc' dir='ltr'><strong>ἀνάληψιν·</strong></span> <span class='ocrx_word' id='word_1_121' title='bbox 1173 1001 1192 1034; x_wconf 81' lang='grc' dir='ltr'><strong>ι</strong></span> <span class='ocrx_word' id='word_1_122' title='bbox 1229 981 1334 1033; x_wconf 84' lang='grc' dir='ltr'>Ἴδε</span> <span class='ocrx_word' id='word_1_123' title='bbox 1366 979 1496 1047; x_wconf 84' lang='grc' dir='ltr'>γὰρ,</span> <span class='ocrx_word' id='word_1_124' title='bbox 1525 976 1708 1046; x_wconf 76' lang='grc' dir='ltr'>φησὶν,</span> <span class='ocrx_word' id='word_1_125' title='bbox 1729 976 1757 1026; x_wconf 93' lang='lat'><strong>6</strong></span> <span class='ocrx_word' id='word_1_126' title='bbox 1791 973 1984 1042; x_wconf 75' lang='grc' dir='ltr'>’Λμνὸς</span> 
     </span>
    </p>
   </div>
   <div class='ocr_carea' id='block_1_15' title="bbox 2111 973 3656 1091">
    <p class='ocr_par' dir='ltr' id='par_1_15' title="bbox 2111 979 3656 1063">
     <span class='ocr_line' id='line_1_16' title="bbox 2111 979 3656 1063; baseline -0.009 -16"><span class='ocrx_word' id='word_1_127' title='bbox 2111 997 2180 1061; x_wconf 55' lang='grc' dir='ltr'>ιιι,</span> <span class='ocrx_word' id='word_1_128' title='bbox 2221 995 2404 1063; x_wconf 85' lang='lat' dir='ltr'><strong>Agnus</strong></span> <span class='ocrx_word' id='word_1_129' title='bbox 2437 989 2549 1052; x_wconf 89' lang='lat' dir='ltr'><strong>Dei,</strong></span> <span class='ocrx_word' id='word_1_130' title='bbox 2583 999 2710 1041; x_wconf 88' lang='lat' dir='ltr'><strong>ecce</strong></span> <span class='ocrx_word' id='word_1_131' title='bbox 2736 985 2825 1053; x_wconf 86' lang='lat' dir='ltr'><strong>qui</strong></span> <span class='ocrx_word' id='word_1_132' title='bbox 2855 982 2992 1035; x_wconf 92' lang='lat' dir='ltr'><strong>tollit</strong></span> <span class='ocrx_word' id='word_1_133' title='bbox 3021 988 3302 1050; x_wconf 89' lang='lat' dir='ltr'><strong>peccatum</strong></span> <span class='ocrx_word' id='word_1_134' title='bbox 3326 979 3510 1032; x_wconf 84' lang='lat' dir='ltr'><strong>mundi.</strong></span> <span class='ocrx_word' id='word_1_135' title='bbox 3541 987 3560 1017; x_wconf 83' lang='grc'>³</span> <span class='ocrx_word' id='word_1_136' title='bbox 3592 997 3608 1046; x_wconf 89' lang='lat'><strong>;</strong></span> <span class='ocrx_word' id='word_1_137' title='bbox 3636 1000 3656 1033; x_wconf 69' lang='grc' dir='ltr'><strong>ρ</strong></span> 
     </span>
    </p>
   </div>
   <div class='ocr_carea' id='block_1_16' title="bbox 410 1071 2018 1151">
    <p class='ocr_par' dir='ltr' id='par_1_16' title="bbox 410 1071 1980 1145">
     <span class='ocr_line' id='line_1_17' title="bbox 410 1071 1980 1145; baseline -0.015 -11"><span class='ocrx_word' id='word_1_138' title='bbox 410 1083 505 1135; x_wconf 69' lang='grc' dir='ltr'><strong>τοῦ</strong></span> <span class='ocrx_word' id='word_1_139' title='bbox 543 1079 701 1144; x_wconf 87' lang='grc' dir='ltr'>Θεοῦ,</span> <span class='ocrx_word' id='word_1_140' title='bbox 739 1078 814 1131; x_wconf 82' lang='grc' dir='ltr'><strong>ῐδε</strong></span> <span class='ocrx_word' id='word_1_141' title='bbox 841 1079 868 1129; x_wconf 98' lang='lat'><strong>6</strong></span> <span class='ocrx_word' id='word_1_142' title='bbox 896 1076 1066 1145; x_wconf 82' lang='grc' dir='ltr'>αἴρων</span> <span class='ocrx_word' id='word_1_143' title='bbox 1097 1073 1197 1142; x_wconf 80' lang='grc' dir='ltr'>τὴν</span> <span class='ocrx_word' id='word_1_144' title='bbox 1241 1071 1514 1140; x_wconf 81' lang='grc' dir='ltr'><strong>ἁμαρτίαν</strong></span> <span class='ocrx_word' id='word_1_145' title='bbox 1569 1071 1662 1118; x_wconf 73' lang='grc' dir='ltr'><strong>τοῦ</strong></span> <span class='ocrx_word' id='word_1_146' title='bbox 1698 1071 1926 1132; x_wconf 80' lang='grc' dir='ltr'><strong>κόσμου·</strong></span> <span class='ocrx_word' id='word_1_147' title='bbox 1961 1081 1980 1111; x_wconf 68' lang='grc' dir='ltr'><strong>ι</strong></span> 
     </span>
    </p>
   </div>
   <div class='ocr_carea' id='block_1_17' title="bbox 2111 1071 3651 1151">
    <p class='ocr_par' dir='ltr' id='par_1_17' title="bbox 2111 1071 3651 1151">
     <span class='ocr_line' id='line_1_18' title="bbox 2111 1071 3651 1151; baseline -0.006 -19"><span class='ocrx_word' id='word_1_148' title='bbox 2111 1089 2196 1148; x_wconf 80' lang='lat' dir='ltr'><strong>,ic,</strong></span> <span class='ocrx_word' id='word_1_149' title='bbox 2239 1085 2480 1151; x_wconf 85' lang='lat' dir='ltr'><strong>inquam,</strong></span> <span class='ocrx_word' id='word_1_150' title='bbox 2526 1077 2708 1138; x_wconf 83' lang='lat' dir='ltr'><strong>dictio,</strong></span> <span class='ocrx_word' id='word_1_151' title='bbox 2747 1095 2765 1126; x_wconf 80' lang='grc' dir='ltr'><strong>ι</strong></span> <span class='ocrx_word' id='word_1_152' title='bbox 2805 1072 3036 1127; x_wconf 79' lang='lat' dir='ltr'><strong>Verbum</strong></span> <span class='ocrx_word' id='word_1_153' title='bbox 3076 1087 3203 1125; x_wconf 87' lang='lat' dir='ltr'><strong>caro</strong></span> <span class='ocrx_word' id='word_1_154' title='bbox 3253 1071 3450 1125; x_wconf 83' lang='lat' dir='ltr'><strong>factum</strong></span> <span class='ocrx_word' id='word_1_155' title='bbox 3498 1080 3603 1132; x_wconf 89' lang='lat' dir='ltr'><strong>est,</strong></span> <span class='ocrx_word' id='word_1_156' title='bbox 3631 1091 3651 1123; x_wconf 83' lang='grc'><strong>›</strong></span> 
     </span>
    </p>
   </div>
   <div class='ocr_carea' id='block_1_18' title="bbox 413 1154 2018 1236">
    <p class='ocr_par' dir='ltr' id='par_1_18' title="bbox 413 1154 1988 1236">
     <span class='ocr_line' id='line_1_19' title="bbox 413 1154 1988 1236; baseline -0.015 -10"><span class='ocrx_word' id='word_1_157' title='bbox 413 1173 554 1226; x_wconf 79' lang='grc' dir='ltr'>οὕτω</span> <span class='ocrx_word' id='word_1_158' title='bbox 574 1174 656 1236; x_wconf 73' lang='grc' dir='ltr'><strong>το,</strong></span> <span class='ocrx_word' id='word_1_159' title='bbox 689 1187 708 1220; x_wconf 78' lang='grc' dir='ltr'><strong>ι</strong></span> <span class='ocrx_word' id='word_1_160' title='bbox 731 1170 788 1221; x_wconf 88' lang='lat'><strong>&#39;0</strong></span> <span class='ocrx_word' id='word_1_161' title='bbox 816 1167 984 1236; x_wconf 82' lang='grc' dir='ltr'>Λόγος</span> <span class='ocrx_word' id='word_1_162' title='bbox 1009 1163 1146 1234; x_wconf 76' lang='grc' dir='ltr'>σάρξ</span> <span class='ocrx_word' id='word_1_163' title='bbox 1172 1162 1408 1231; x_wconf 75' lang='grc' dir='ltr'>ἐγένετο,</span> <span class='ocrx_word' id='word_1_164' title='bbox 1440 1177 1458 1210; x_wconf 72' lang='grc' dir='ltr'><strong>ι</strong></span> <span class='ocrx_word' id='word_1_165' title='bbox 1489 1159 1549 1210; x_wconf 81' lang='grc' dir='ltr'><strong>ού</strong></span> <span class='ocrx_word' id='word_1_166' title='bbox 1580 1157 1679 1225; x_wconf 79' lang='grc' dir='ltr'><strong>τὴν</strong></span> <span class='ocrx_word' id='word_1_167' title='bbox 1705 1154 1988 1206; x_wconf 83' lang='grc' dir='ltr'>ἀλλοίωσιν</span> 
     </span>
    </p>
   </div>
   <div class='ocr_carea' id='block_1_19' title="bbox 2111 1154 3660 1236">
    <p class='ocr_par' dir='ltr' id='par_1_19' title="bbox 2111 1161 3660 1227">
     <span class='ocr_line' id='line_1_20' title="bbox 2111 1161 3660 1227; baseline -0.01 0"><span class='ocrx_word' id='word_1_168' title='bbox 2111 1189 2194 1227; x_wconf 88' lang='grc' dir='ltr'>ιοιι</span> <span class='ocrx_word' id='word_1_169' title='bbox 2229 1169 2580 1223; x_wconf 89' lang='lat' dir='ltr'><strong>mutationem</strong></span> <span class='ocrx_word' id='word_1_170' title='bbox 2605 1165 2738 1218; x_wconf 84' lang='lat' dir='ltr'><strong>dicit</strong></span> <span class='ocrx_word' id='word_1_171' title='bbox 2780 1163 3024 1224; x_wconf 82' lang='lat' dir='ltr'><strong>Deitatis,</strong></span> <span class='ocrx_word' id='word_1_172' title='bbox 3051 1163 3143 1215; x_wconf 87' lang='lat' dir='ltr'><strong>sed</strong></span> <span class='ocrx_word' id='word_1_173' title='bbox 3172 1161 3420 1214; x_wconf 71' lang='lat' dir='ltr'><strong>humanae</strong></span> <span class='ocrx_word' id='word_1_174' title='bbox 3453 1171 3660 1213; x_wconf 81' lang='lat' dir='ltr'><strong>natura:</strong></span> 
     </span>
    </p>
   </div>
   <div class='ocr_carea' id='block_1_20' title="bbox 415 1246 1988 1330">
    <p class='ocr_par' dir='ltr' id='par_1_20' title="bbox 415 1246 1988 1330">
     <span class='ocr_line' id='line_1_21' title="bbox 415 1246 1988 1330; baseline -0.014 -14"><span class='ocrx_word' id='word_1_175' title='bbox 415 1264 565 1330; x_wconf 79' lang='grc' dir='ltr'>λέγει</span> <span class='ocrx_word' id='word_1_176' title='bbox 603 1262 704 1330; x_wconf 80' lang='grc' dir='ltr'>τῆς</span> <span class='ocrx_word' id='word_1_177' title='bbox 747 1259 1029 1327; x_wconf 87' lang='grc' dir='ltr'>Θεότητος,</span> <span class='ocrx_word' id='word_1_178' title='bbox 1062 1254 1198 1309; x_wconf 77' lang='grc' dir='ltr'>ἀλλὰ</span> <span class='ocrx_word' id='word_1_179' title='bbox 1224 1253 1322 1322; x_wconf 82' lang='grc' dir='ltr'>τῆς</span> <span class='ocrx_word' id='word_1_180' title='bbox 1382 1248 1730 1316; x_wconf 78' lang='grc' dir='ltr'><strong>ἀνθρωπίνης</strong></span> <span class='ocrx_word' id='word_1_181' title='bbox 1774 1246 1988 1312; x_wconf 80' lang='grc' dir='ltr'>φύσεως</span> 
     </span>
    </p>
   </div>
   <div class='ocr_carea' id='block_1_21' title="bbox 421 1335 1992 1422">
    <p class='ocr_par' dir='ltr' id='par_1_21' title="bbox 421 1335 1992 1422">
     <span class='ocr_line' id='line_1_22' title="bbox 421 1335 1992 1422; baseline -0.015 -14"><span class='ocrx_word' id='word_1_182' title='bbox 421 1354 691 1422; x_wconf 54' lang='grc' dir='ltr'>ἀνάληψιν</span> <span class='ocrx_word' id='word_1_183' title='bbox 717 1368 730 1382; x_wconf 86' lang='grc'><strong>·</strong></span> <span class='ocrx_word' id='word_1_184' title='bbox 761 1350 859 1420; x_wconf 77' lang='grc' dir='ltr'>τὴν</span> <span class='ocrx_word' id='word_1_185' title='bbox 897 1349 1104 1418; x_wconf 72' lang='grc' dir='ltr'>ἄφατον</span> <span class='ocrx_word' id='word_1_186' title='bbox 1134 1345 1242 1415; x_wconf 85' lang='grc' dir='ltr'><strong>γὰρ</strong></span> <span class='ocrx_word' id='word_1_187' title='bbox 1281 1343 1376 1396; x_wconf 85' lang='grc' dir='ltr'><strong>τοῦ</strong></span> <span class='ocrx_word' id='word_1_188' title='bbox 1414 1340 1548 1394; x_wconf 84' lang='grc' dir='ltr'>Θεοῦ</span> <span class='ocrx_word' id='word_1_189' title='bbox 1583 1335 1992 1408; x_wconf 78' lang='grc' dir='ltr'>φιλανθρωπίαν</span> 
     </span>
    </p>
   </div>
   <div class='ocr_carea' id='block_1_22' title="bbox 421 1427 1994 1511">
    <p class='ocr_par' dir='ltr' id='par_1_22' title="bbox 421 1427 1994 1511">
     <span class='ocr_line' id='line_1_23' title="bbox 421 1427 1994 1511; baseline -0.004 -13"><span class='ocrx_word' id='word_1_190' title='bbox 421 1448 450 1498; x_wconf 83' lang='lat'><strong>6</strong></span> <span class='ocrx_word' id='word_1_191' title='bbox 471 1441 857 1511; x_wconf 81' lang='grc' dir='ltr'>εύαγγελιστὴς</span> <span class='ocrx_word' id='word_1_192' title='bbox 891 1438 1198 1510; x_wconf 70' lang='grc' dir='ltr'>κηρύττων,</span> <span class='ocrx_word' id='word_1_193' title='bbox 1220 1436 1294 1496; x_wconf 83' lang='grc' dir='ltr'><strong>ὡς</strong></span> <span class='ocrx_word' id='word_1_194' title='bbox 1327 1432 1566 1494; x_wconf 67' lang='grc' dir='ltr'><strong>ἐδίδαξεν</strong></span> <span class='ocrx_word' id='word_1_195' title='bbox 1606 1429 1680 1490; x_wconf 72' lang='grc' dir='ltr'>ὡς</span> <span class='ocrx_word' id='word_1_196' title='bbox 1704 1429 1731 1478; x_wconf 74' lang='grc' dir='ltr'>ὁ</span> <span class='ocrx_word' id='word_1_197' title='bbox 1760 1428 1818 1477; x_wconf 68' lang='grc' dir='ltr'><strong>ἐν</strong></span> <span class='ocrx_word' id='word_1_198' title='bbox 1850 1427 1994 1494; x_wconf 74' lang='grc' dir='ltr'><strong>ἀρχῇ</strong></span> 
     </span>
    </p>
   </div>
   <div class='ocr_carea' id='block_1_23' title="bbox 421 1535 1998 1615">
    <p class='ocr_par' dir='ltr' id='par_1_23' title="bbox 421 1535 1998 1615">
     <span class='ocr_line' id='line_1_24' title="bbox 421 1535 1998 1615; baseline -0.015 -8"><span class='ocrx_word' id='word_1_199' title='bbox 421 1554 497 1608; x_wconf 84' lang='grc' dir='ltr'><strong>ὣν</strong></span> <span class='ocrx_word' id='word_1_200' title='bbox 533 1591 547 1615; x_wconf 84' lang='grc'><strong>,</strong></span> <span class='ocrx_word' id='word_1_201' title='bbox 657 1551 754 1604; x_wconf 76' lang='grc' dir='ltr'>καὶ</span> <span class='ocrx_word' id='word_1_202' title='bbox 787 1550 916 1612; x_wconf 66' lang='grc' dir='ltr'>Θεὸς</span> <span class='ocrx_word' id='word_1_203' title='bbox 939 1548 1035 1613; x_wconf 79' lang='grc' dir='ltr'>ὢν,</span> <span class='ocrx_word' id='word_1_204' title='bbox 1073 1548 1166 1599; x_wconf 67' lang='grc' dir='ltr'>καὶ</span> <span class='ocrx_word' id='word_1_205' title='bbox 1193 1543 1330 1615; x_wconf 69' lang='grc' dir='ltr'>πρὸς</span> <span class='ocrx_word' id='word_1_206' title='bbox 1369 1542 1463 1593; x_wconf 74' lang='grc' dir='ltr'>τὸν</span> <span class='ocrx_word' id='word_1_207' title='bbox 1491 1539 1623 1593; x_wconf 82' lang='grc' dir='ltr'>Θεὸν</span> <span class='ocrx_word' id='word_1_208' title='bbox 1650 1536 1747 1597; x_wconf 81' lang='grc' dir='ltr'>ὢν,</span> <span class='ocrx_word' id='word_1_209' title='bbox 1771 1535 1866 1587; x_wconf 67' lang='grc' dir='ltr'>καὶ</span> <span class='ocrx_word' id='word_1_210' title='bbox 1902 1535 1998 1585; x_wconf 78' lang='grc' dir='ltr'>ού-</span> 
     </span>
    </p>
   </div>
   <div class='ocr_carea' id='block_1_24' title="bbox 423 1624 2002 1714">
    <p class='ocr_par' dir='ltr' id='par_1_24' title="bbox 423 1624 2002 1714">
     <span class='ocr_line' id='line_1_25' title="bbox 423 1624 2002 1714; baseline -0.013 -17"><span class='ocrx_word' id='word_1_211' title='bbox 423 1643 617 1697; x_wconf 78' lang='grc' dir='ltr'>δέποτε</span> <span class='ocrx_word' id='word_1_212' title='bbox 647 1643 721 1714; x_wconf 85' lang='grc' dir='ltr'>μὴ</span> <span class='ocrx_word' id='word_1_213' title='bbox 752 1641 848 1702; x_wconf 81' lang='grc' dir='ltr'><strong>ὢν,</strong></span> <span class='ocrx_word' id='word_1_214' title='bbox 884 1643 912 1693; x_wconf 90' lang='lat'><strong>6</strong></span> <span class='ocrx_word' id='word_1_215' title='bbox 931 1636 1343 1708; x_wconf 69' lang='grc' dir='ltr'>δημιουργήσας</span> <span class='ocrx_word' id='word_1_216' title='bbox 1373 1631 1576 1692; x_wconf 87' lang='grc' dir='ltr'>πάντα,</span> <span class='ocrx_word' id='word_1_217' title='bbox 1606 1630 1634 1681; x_wconf 90' lang='lat'><strong>6</strong></span> <span class='ocrx_word' id='word_1_218' title='bbox 1667 1626 1735 1680; x_wconf 86' lang='grc' dir='ltr'>τὰ</span> <span class='ocrx_word' id='word_1_219' title='bbox 1774 1626 1848 1697; x_wconf 82' lang='grc' dir='ltr'>μὴ</span> <span class='ocrx_word' id='word_1_220' title='bbox 1870 1624 2002 1677; x_wconf 76' lang='grc' dir='ltr'>ὄντα</span> 
     </span>
    </p>
   </div>
   <div class='ocr_carea' id='block_1_25' title="bbox 2097 1249 3666 1330">
    <p class='ocr_par' dir='ltr' id='par_1_25' title="bbox 2097 1249 3666 1330">
     <span class='ocr_line' id='line_1_26' title="bbox 2097 1249 3666 1330; baseline -0.01 -12"><span class='ocrx_word' id='word_1_221' title='bbox 2097 1260 2547 1330; x_wconf 82' lang='lat' dir='ltr'><strong>assumptionem.</strong></span> <span class='ocrx_word' id='word_1_222' title='bbox 2591 1255 2836 1323; x_wconf 80' lang='lat' dir='ltr'><strong>Namque</strong></span> <span class='ocrx_word' id='word_1_223' title='bbox 2879 1251 3207 1306; x_wconf 69' lang='lat' dir='ltr'><strong>ineffabilem</strong></span> <span class='ocrx_word' id='word_1_224' title='bbox 3248 1249 3342 1304; x_wconf 88' lang='lat' dir='ltr'><strong>Dei</strong></span> <span class='ocrx_word' id='word_1_225' title='bbox 3393 1266 3520 1316; x_wconf 69' lang='lat' dir='ltr'><strong>erga</strong></span> <span class='ocrx_word' id='word_1_226' title='bbox 3566 1251 3666 1304; x_wconf 84' lang='lat' dir='ltr'><strong>ho-</strong></span> 
     </span>
    </p>
   </div>
   <div class='ocr_carea' id='block_1_26' title="bbox 2099 1339 3666 1412">
    <p class='ocr_par' dir='ltr' id='par_1_26' title="bbox 2099 1339 3666 1412">
     <span class='ocr_line' id='line_1_27' title="bbox 2099 1339 3666 1412; baseline -0.01 -7"><span class='ocrx_word' id='word_1_227' title='bbox 2099 1354 2273 1406; x_wconf 81' lang='lat' dir='ltr'><strong>mines</strong></span> <span class='ocrx_word' id='word_1_228' title='bbox 2326 1349 2646 1402; x_wconf 85' lang='lat' dir='ltr'><strong>cbaritatem</strong></span> <span class='ocrx_word' id='word_1_229' title='bbox 2703 1341 2999 1412; x_wconf 82' lang='lat' dir='ltr'><strong>przedieare</strong></span> <span class='ocrx_word' id='word_1_230' title='bbox 3055 1339 3239 1391; x_wconf 80' lang='lat' dir='ltr'><strong>volens</strong></span> <span class='ocrx_word' id='word_1_231' title='bbox 3285 1339 3612 1407; x_wconf 81' lang='lat' dir='ltr'><strong>evangelista</strong></span> <span class='ocrx_word' id='word_1_232' title='bbox 3650 1378 3666 1401; x_wconf 90' lang='lat'><strong>,</strong></span> 
     </span>
    </p>
   </div>
   <div class='ocr_carea' id='block_1_27' title="bbox 2104 1428 3674 1512">
    <p class='ocr_par' dir='ltr' id='par_1_27' title="bbox 2104 1428 3674 1512">
     <span class='ocr_line' id='line_1_28' title="bbox 2104 1428 3674 1512; baseline -0.01 -18"><span class='ocrx_word' id='word_1_233' title='bbox 2104 1451 2390 1512; x_wconf 77' lang='lat' dir='ltr'><strong>postquam</strong></span> <span class='ocrx_word' id='word_1_234' title='bbox 2406 1437 2609 1501; x_wconf 82' lang='lat' dir='ltr'><strong>docuit,</strong></span> <span class='ocrx_word' id='word_1_235' title='bbox 2895 1445 3016 1482; x_wconf 86' lang='lat' dir='ltr'><strong>cum</strong></span> <span class='ocrx_word' id='word_1_236' title='bbox 3045 1429 3132 1498; x_wconf 90' lang='lat' dir='ltr'><strong>qtti</strong></span> <span class='ocrx_word' id='word_1_237' title='bbox 3171 1428 3238 1481; x_wconf 87' lang='lat' dir='ltr'><strong>ab</strong></span> <span class='ocrx_word' id='word_1_238' title='bbox 3270 1428 3422 1481; x_wconf 91' lang='lat' dir='ltr'><strong>initio</strong></span> <span class='ocrx_word' id='word_1_239' title='bbox 3449 1437 3588 1493; x_wconf 91' lang='lat' dir='ltr'><strong>erat,</strong></span> <span class='ocrx_word' id='word_1_240' title='bbox 3619 1440 3674 1481; x_wconf 90' lang='lat' dir='ltr'><strong>et.</strong></span> 
     </span>
    </p>
   </div>
   <div class='ocr_carea' id='block_1_28' title="bbox 2103 1519 3671 1600">
    <p class='ocr_par' dir='ltr' id='par_1_28' title="bbox 2103 1519 3671 1600">
     <span class='ocr_line' id='line_1_29' title="bbox 2103 1519 3671 1600; baseline -0.009 -14"><span class='ocrx_word' id='word_1_241' title='bbox 2103 1534 2194 1600; x_wconf 84' lang='lat' dir='ltr'><strong>qui</strong></span> <span class='ocrx_word' id='word_1_242' title='bbox 2227 1531 2367 1584; x_wconf 81' lang='lat' dir='ltr'><strong>Deus</strong></span> <span class='ocrx_word' id='word_1_243' title='bbox 2389 1539 2526 1590; x_wconf 87' lang='lat' dir='ltr'><strong>erat,</strong></span> <span class='ocrx_word' id='word_1_244' title='bbox 2549 1538 2601 1580; x_wconf 89' lang='lat' dir='ltr'><strong>ct</strong></span> <span class='ocrx_word' id='word_1_245' title='bbox 2627 1529 2716 1595; x_wconf 83' lang='lat' dir='ltr'><strong>qui</strong></span> <span class='ocrx_word' id='word_1_246' title='bbox 2760 1523 2900 1592; x_wconf 88' lang='lat' dir='ltr'><strong>apud</strong></span> <span class='ocrx_word' id='word_1_247' title='bbox 2936 1523 3098 1575; x_wconf 89' lang='lat' dir='ltr'><strong>Deum</strong></span> <span class='ocrx_word' id='word_1_248' title='bbox 3137 1529 3273 1586; x_wconf 87' lang='lat' dir='ltr'><strong>erat,</strong></span> <span class='ocrx_word' id='word_1_249' title='bbox 3305 1529 3360 1574; x_wconf 89' lang='lat' dir='ltr'><strong>et</strong></span> <span class='ocrx_word' id='word_1_250' title='bbox 3393 1519 3483 1586; x_wconf 91' lang='lat' dir='ltr'><strong>qui</strong></span> <span class='ocrx_word' id='word_1_251' title='bbox 3531 1535 3671 1573; x_wconf 89' lang='lat' dir='ltr'><strong>nun-</strong></span> 
     </span>
    </p>
   </div>
   <div class='ocr_carea' id='block_1_29' title="bbox 2105 1611 3672 1691">
    <p class='ocr_par' dir='ltr' id='par_1_29' title="bbox 2105 1611 3672 1691">
     <span class='ocr_line' id='line_1_30' title="bbox 2105 1611 3672 1691; baseline -0.006 -19"><span class='ocrx_word' id='word_1_252' title='bbox 2105 1636 2406 1691; x_wconf 88' lang='lat' dir='ltr'><strong>quamnon</strong></span> <span class='ocrx_word' id='word_1_253' title='bbox 2445 1619 2658 1684; x_wconf 81' lang='lat' dir='ltr'><strong>fuerat,</strong></span> <span class='ocrx_word' id='word_1_254' title='bbox 2703 1617 2794 1684; x_wconf 85' lang='lat' dir='ltr'><strong>qui</strong></span> <span class='ocrx_word' id='word_1_255' title='bbox 2844 1611 3023 1666; x_wconf 89' lang='lat' dir='ltr'><strong>omnia</strong></span> <span class='ocrx_word' id='word_1_256' title='bbox 3057 1620 3378 1676; x_wconf 82' lang='lat' dir='ltr'><strong>creaverat,</strong></span> <span class='ocrx_word' id='word_1_257' title='bbox 3427 1611 3517 1679; x_wconf 81' lang='lat' dir='ltr'><strong>qui</strong></span> <span class='ocrx_word' id='word_1_258' title='bbox 3565 1627 3672 1664; x_wconf 83' lang='lat' dir='ltr'><strong>non</strong></span> 
     </span>
    </p>
   </div>
   <div class='ocr_carea' id='block_1_30' title="bbox 430 1704 2018 1794">
    <p class='ocr_par' dir='ltr' id='par_1_30' title="bbox 430 1704 2018 1794">
     <span class='ocr_line' id='line_1_31' title="bbox 430 1704 2018 1794; baseline -0.004 -14"><span class='ocrx_word' id='word_1_259' title='bbox 430 1729 510 1788; x_wconf 72' lang='grc' dir='ltr'><strong>εἰς</strong></span> <span class='ocrx_word' id='word_1_260' title='bbox 534 1730 593 1778; x_wconf 85' lang='grc' dir='ltr'>τὸ</span> <span class='ocrx_word' id='word_1_261' title='bbox 621 1704 760 1776; x_wconf 60' lang='grc' dir='ltr'>εἶναι</span> <span class='ocrx_word' id='word_1_262' title='bbox 785 1704 1043 1794; x_wconf 79' lang='grc' dir='ltr'>ποιήσας,</span> <span class='ocrx_word' id='word_1_263' title='bbox 1074 1724 1105 1794; x_wconf 80' lang='grc' dir='ltr'>ἡ</span> <span class='ocrx_word' id='word_1_264' title='bbox 1129 1704 1265 1792; x_wconf 70' lang='grc' dir='ltr'>ζωὴ,</span> <span class='ocrx_word' id='word_1_265' title='bbox 1297 1723 1356 1775; x_wconf 80' lang='grc' dir='ltr'>τὸ</span> <span class='ocrx_word' id='word_1_266' title='bbox 1381 1721 1498 1788; x_wconf 78' lang='grc' dir='ltr'>φῶς</span> <span class='ocrx_word' id='word_1_267' title='bbox 1519 1719 1581 1772; x_wconf 74' lang='grc' dir='ltr'>τὸ</span> <span class='ocrx_word' id='word_1_268' title='bbox 1615 1718 1890 1790; x_wconf 70' lang='grc' dir='ltr'>ἀληθινὸν,</span> <span class='ocrx_word' id='word_1_269' title='bbox 1919 1717 2018 1789; x_wconf 83' lang='grc' dir='ltr'>τὴν</span> 
     </span>
    </p>
   </div>
   <div class='ocr_carea' id='block_1_31' title="bbox 2111 1704 3678 1794">
    <p class='ocr_par' dir='ltr' id='par_1_31' title="bbox 2111 1704 3678 1778">
     <span class='ocr_line' id='line_1_32' title="bbox 2111 1704 3678 1778; baseline -0.016 -2"><span class='ocrx_word' id='word_1_270' title='bbox 2111 1719 2416 1778; x_wconf 67' lang='lat' dir='ltr'><strong>txsistcntia</strong></span> <span class='ocrx_word' id='word_1_271' title='bbox 2445 1719 2510 1772; x_wconf 89' lang='lat' dir='ltr'><strong>ad</strong></span> <span class='ocrx_word' id='word_1_272' title='bbox 2549 1717 2922 1771; x_wconf 78' lang='lat' dir='ltr'><strong>exsislendum</strong></span> <span class='ocrx_word' id='word_1_273' title='bbox 2967 1721 3232 1770; x_wconf 72' lang='lat' dir='ltr'><strong>traxerat,</strong></span> <span class='ocrx_word' id='word_1_274' title='bbox 3275 1705 3366 1772; x_wconf 86' lang='lat' dir='ltr'><strong>qui</strong></span> <span class='ocrx_word' id='word_1_275' title='bbox 3407 1704 3514 1758; x_wconf 79' lang='lat' dir='ltr'><strong>vita</strong></span> <span class='ocrx_word' id='word_1_276' title='bbox 3556 1711 3678 1754; x_wconf 87' lang='lat' dir='ltr'><strong>erat.</strong></span> 
     </span>
    </p>
   </div>
   <div class='ocr_carea' id='block_1_32' title="bbox 435 1808 2040 1888">
    <p class='ocr_par' dir='ltr' id='par_1_32' title="bbox 435 1808 2040 1888">
     <span class='ocr_line' id='line_1_33' title="bbox 435 1808 2040 1888; baseline -0.004 -18"><span class='ocrx_word' id='word_1_277' title='bbox 435 1817 689 1888; x_wconf 66' lang='grc' dir='ltr'>φθαρτὴν</span> <span class='ocrx_word' id='word_1_278' title='bbox 714 1816 945 1868; x_wconf 78' lang='grc' dir='ltr'>ἀνέλαϐε</span> <span class='ocrx_word' id='word_1_279' title='bbox 968 1815 1154 1884; x_wconf 81' lang='grc' dir='ltr'>φύσιν,</span> <span class='ocrx_word' id='word_1_280' title='bbox 1169 1815 1263 1867; x_wconf 75' lang='grc' dir='ltr'>καὶ</span> <span class='ocrx_word' id='word_1_281' title='bbox 1285 1812 1353 1866; x_wconf 84' lang='grc' dir='ltr'><strong>τὰ</strong></span> <span class='ocrx_word' id='word_1_282' title='bbox 1366 1812 1474 1866; x_wconf 84' lang='grc' dir='ltr'><strong>τῶν</strong></span> <span class='ocrx_word' id='word_1_283' title='bbox 1495 1811 1801 1884; x_wconf 79' lang='grc' dir='ltr'>ἀνθρώπων</span> <span class='ocrx_word' id='word_1_284' title='bbox 1819 1808 2040 1880; x_wconf 70' lang='grc' dir='ltr'><strong>ιξ›κειιὶ›-’</strong></span> 
     </span>
    </p>
   </div>
   <div class='ocr_carea' id='block_1_33' title="bbox 434 1903 2021 1978">
    <p class='ocr_par' dir='ltr' id='par_1_33' title="bbox 434 1903 2021 1978">
     <span class='ocr_line' id='line_1_34' title="bbox 434 1903 2021 1978; baseline -0.005 -16"><span class='ocrx_word' id='word_1_285' title='bbox 434 1927 568 1962; x_wconf 68' lang='lat' dir='ltr'><strong>ano</strong></span> <span class='ocrx_word' id='word_1_286' title='bbox 617 1908 784 1977; x_wconf 74' lang='grc' dir='ltr'>πάθη,</span> <span class='ocrx_word' id='word_1_287' title='bbox 821 1908 919 1978; x_wconf 83' lang='grc' dir='ltr'>τὴν</span> <span class='ocrx_word' id='word_1_288' title='bbox 965 1907 1074 1960; x_wconf 83' lang='grc' dir='ltr'><strong>τῶν</strong></span> <span class='ocrx_word' id='word_1_289' title='bbox 1136 1906 1443 1978; x_wconf 81' lang='grc' dir='ltr'>ἀνθρώπων</span> <span class='ocrx_word' id='word_1_290' title='bbox 1494 1903 2021 1974; x_wconf 86' lang='grc' dir='ltr'>πραγματευόμενος</span> 
     </span>
    </p>
   </div>
   <div class='ocr_carea' id='block_1_34' title="bbox 434 1993 2020 2070">
    <p class='ocr_par' dir='ltr' id='par_1_34' title="bbox 434 1993 2020 2070">
     <span class='ocr_line' id='line_1_35' title="bbox 434 1993 2020 2070; baseline -0.006 -17"><span class='ocrx_word' id='word_1_291' title='bbox 434 2000 733 2070; x_wconf 69' lang='grc' dir='ltr'>σωτηρίαν.</span> <span class='ocrx_word' id='word_1_292' title='bbox 762 2001 873 2052; x_wconf 74' lang='grc' dir='ltr'><strong>Καὶ</strong></span> <span class='ocrx_word' id='word_1_293' title='bbox 899 1997 1164 2068; x_wconf 82' lang='grc' dir='ltr'>μειζόνως</span> <span class='ocrx_word' id='word_1_294' title='bbox 1188 1996 1352 2051; x_wconf 79' lang='grc' dir='ltr'>αὐτοῦ</span> <span class='ocrx_word' id='word_1_295' title='bbox 1376 1995 1547 2060; x_wconf 82' lang='grc' dir='ltr'>δεῖξαι</span> <span class='ocrx_word' id='word_1_296' title='bbox 1565 1995 1669 2063; x_wconf 81' lang='grc' dir='ltr'>τῆς</span> <span class='ocrx_word' id='word_1_297' title='bbox 1695 1993 2020 2063; x_wconf 77' lang='grc' dir='ltr'>εὐεργεσξας</span> 
     </span>
    </p>
   </div>
   <div class='ocr_carea' id='block_1_35' title="bbox 431 2082 2021 2158">
    <p class='ocr_par' dir='ltr' id='par_1_35' title="bbox 431 2082 2021 2158">
     <span class='ocr_line' id='line_1_36' title="bbox 431 2082 2021 2158; baseline -0.005 -17"><span class='ocrx_word' id='word_1_298' title='bbox 431 2091 492 2142; x_wconf 81' lang='grc' dir='ltr'><strong>τ’)</strong></span> <span class='ocrx_word' id='word_1_299' title='bbox 525 2088 757 2158; x_wconf 86' lang='grc' dir='ltr'>μέγεθος</span> <span class='ocrx_word' id='word_1_300' title='bbox 787 2088 1073 2158; x_wconf 81' lang='grc' dir='ltr'>ἐθελήσας,</span> <span class='ocrx_word' id='word_1_301' title='bbox 1097 2087 1159 2140; x_wconf 82' lang='grc' dir='ltr'>οὐ</span> <span class='ocrx_word' id='word_1_302' title='bbox 1190 2087 1290 2157; x_wconf 77' lang='grc' dir='ltr'>τῆς</span> <span class='ocrx_word' id='word_1_303' title='bbox 1314 2085 1496 2156; x_wconf 74' lang='grc' dir='ltr'>ψυχῆς</span> <span class='ocrx_word' id='word_1_304' title='bbox 1526 2086 1899 2154; x_wconf 77' lang='grc' dir='ltr'>ἐμνημόνευσε</span> <span class='ocrx_word' id='word_1_305' title='bbox 1919 2082 2021 2151; x_wconf 74' lang='grc' dir='ltr'>τῆς</span> 
     </span>
    </p>
   </div>
   <div class='ocr_carea' id='block_1_36' title="bbox 431 2175 2019 2252">
    <p class='ocr_par' dir='ltr' id='par_1_36' title="bbox 431 2175 2019 2252">
     <span class='ocr_line' id='line_1_37' title="bbox 431 2175 2019 2252; baseline -0.004 -18"><span class='ocrx_word' id='word_1_306' title='bbox 431 2182 728 2247; x_wconf 82' lang='grc' dir='ltr'>ἀθανάτου,</span> <span class='ocrx_word' id='word_1_307' title='bbox 768 2180 905 2234; x_wconf 77' lang='grc' dir='ltr'>ἀλλὰ</span> <span class='ocrx_word' id='word_1_308' title='bbox 935 2182 1033 2251; x_wconf 83' lang='grc' dir='ltr'>τῆς</span> <span class='ocrx_word' id='word_1_309' title='bbox 1073 2180 1278 2252; x_wconf 70' lang='grc' dir='ltr'>σαρκὸς</span> <span class='ocrx_word' id='word_1_310' title='bbox 1303 2181 1402 2250; x_wconf 80' lang='grc' dir='ltr'>τῆς</span> <span class='ocrx_word' id='word_1_311' title='bbox 1437 2177 1708 2248; x_wconf 82' lang='grc' dir='ltr'>παθητῆς,</span> <span class='ocrx_word' id='word_1_312' title='bbox 1739 2177 1839 2246; x_wconf 84' lang='grc' dir='ltr'>τῆς</span> <span class='ocrx_word' id='word_1_313' title='bbox 1889 2175 2019 2244; x_wconf 74' lang='lat' dir='ltr'><strong>0w,-</strong></span> 
     </span>
    </p>
   </div>
   <div class='ocr_carea' id='block_1_37' title="bbox 429 2264 2019 2342">
    <p class='ocr_par' dir='ltr' id='par_1_37' title="bbox 429 2264 2019 2342">
     <span class='ocr_line' id='line_1_38' title="bbox 429 2264 2019 2342; baseline -0.014 -6"><span class='ocrx_word' id='word_1_314' title='bbox 429 2274 552 2342; x_wconf 81' lang='grc' dir='ltr'>τῆς,</span> <span class='ocrx_word' id='word_1_315' title='bbox 583 2273 686 2341; x_wconf 65' lang='grc' dir='ltr'>τῆς</span> <span class='ocrx_word' id='word_1_316' title='bbox 721 2271 1112 2342; x_wconf 76' lang='grc' dir='ltr'>φθειρομένης,</span> <span class='ocrx_word' id='word_1_317' title='bbox 1163 2271 1264 2339; x_wconf 82' lang='grc' dir='ltr'>τῆς</span> <span class='ocrx_word' id='word_1_318' title='bbox 1307 2269 1372 2322; x_wconf 85' lang='grc' dir='ltr'>ὲκ</span> <span class='ocrx_word' id='word_1_319' title='bbox 1417 2266 1589 2337; x_wconf 80' lang='grc' dir='ltr'>πηλοῦ</span> <span class='ocrx_word' id='word_1_320' title='bbox 1621 2264 2019 2335; x_wconf 71' lang='grc' dir='ltr'>γεγενημένης·</span> 
     </span>
    </p>
   </div>
   <div class='ocr_carea' id='block_1_38' title="bbox 431 2355 2022 2434">
    <p class='ocr_par' dir='ltr' id='par_1_38' title="bbox 431 2355 2022 2434">
     <span class='ocr_line' id='line_1_39' title="bbox 431 2355 2022 2434; baseline -0.006 -18"><span class='ocrx_word' id='word_1_321' title='bbox 431 2365 525 2418; x_wconf 77' lang='grc' dir='ltr'>καὶ</span> <span class='ocrx_word' id='word_1_322' title='bbox 547 2364 657 2418; x_wconf 81' lang='grc' dir='ltr'><strong>ἀπὸ</strong></span> <span class='ocrx_word' id='word_1_323' title='bbox 698 2363 795 2417; x_wconf 86' lang='grc' dir='ltr'><strong>τοῦ</strong></span> <span class='ocrx_word' id='word_1_324' title='bbox 831 2364 1032 2434; x_wconf 80' lang='grc' dir='ltr'>μέρους</span> <span class='ocrx_word' id='word_1_325' title='bbox 1064 2363 1161 2433; x_wconf 80' lang='grc' dir='ltr'>τὴν</span> <span class='ocrx_word' id='word_1_326' title='bbox 1189 2364 1373 2415; x_wconf 81' lang='grc' dir='ltr'>πᾶσαν</span> <span class='ocrx_word' id='word_1_327' title='bbox 1404 2362 1568 2428; x_wconf 65' lang='grc' dir='ltr'>φύσιν</span> <span class='ocrx_word' id='word_1_328' title='bbox 1614 2358 1911 2427; x_wconf 77' lang='grc' dir='ltr'>ἐδήλωσεν,</span> <span class='ocrx_word' id='word_1_329' title='bbox 1945 2355 2022 2416; x_wconf 87' lang='grc' dir='ltr'>ὡς</span> 
     </span>
    </p>
   </div>
   <div class='ocr_carea' id='block_1_39' title="bbox 434 2447 2018 2526">
    <p class='ocr_par' dir='ltr' id='par_1_39' title="bbox 434 2447 2018 2526">
     <span class='ocr_line' id='line_1_40' title="bbox 434 2447 2018 2526; baseline 0.002 -19"><span class='ocrx_word' id='word_1_330' title='bbox 434 2457 710 2526; x_wconf 84' lang='grc' dir='ltr'>μαρτυρεῖ</span> <span class='ocrx_word' id='word_1_331' title='bbox 749 2454 819 2508; x_wconf 84' lang='grc' dir='ltr'>τὰ</span> <span class='ocrx_word' id='word_1_332' title='bbox 868 2454 1227 2524; x_wconf 83' lang='grc' dir='ltr'>ἐπαγόμενα·</span> <span class='ocrx_word' id='word_1_333' title='bbox 1268 2473 1286 2504; x_wconf 84' lang='grc' dir='ltr'><strong>ι</strong></span> <span class='ocrx_word' id='word_1_334' title='bbox 1327 2453 1387 2504; x_wconf 88' lang='grc' dir='ltr'><strong>Ὀ</strong></span> <span class='ocrx_word' id='word_1_335' title='bbox 1435 2451 1607 2519; x_wconf 85' lang='grc' dir='ltr'>Λόγος</span> <span class='ocrx_word' id='word_1_336' title='bbox 1650 2449 1782 2520; x_wconf 78' lang='grc' dir='ltr'>γὰρ,</span> <span class='ocrx_word' id='word_1_337' title='bbox 1831 2447 2018 2515; x_wconf 74' lang='grc' dir='ltr'>φησὶν,</span> 
     </span>
    </p>
   </div>
   <div class='ocr_carea' id='block_1_40' title="bbox 439 2546 1618 2617">
    <p class='ocr_par' dir='ltr' id='par_1_40' title="bbox 439 2546 1618 2617">
     <span class='ocr_line' id='line_1_41' title="bbox 439 2546 1618 2617; baseline -0.004 -19"><span class='ocrx_word' id='word_1_338' title='bbox 439 2546 574 2617; x_wconf 73' lang='grc' dir='ltr'>σὰρξ</span> <span class='ocrx_word' id='word_1_339' title='bbox 602 2547 842 2614; x_wconf 77' lang='grc' dir='ltr'>ἐγένετο,</span> <span class='ocrx_word' id='word_1_340' title='bbox 877 2547 971 2598; x_wconf 70' lang='grc' dir='ltr'>καὶ</span> <span class='ocrx_word' id='word_1_341' title='bbox 992 2547 1306 2614; x_wconf 77' lang='grc' dir='ltr'>ἐσκήνωσεν</span> <span class='ocrx_word' id='word_1_342' title='bbox 1330 2546 1387 2597; x_wconf 82' lang='grc' dir='ltr'>ἐν</span> <span class='ocrx_word' id='word_1_343' title='bbox 1416 2546 1568 2613; x_wconf 81' lang='grc' dir='ltr'>ἡμῖν.</span> <span class='ocrx_word' id='word_1_344' title='bbox 1599 2561 1618 2592; x_wconf 74' lang='grc' dir='ltr'><strong>ι</strong></span> 
     </span>
    </p>
   </div>
   <div class='ocr_carea' id='block_1_41' title="bbox 503 2652 2015 2727">
    <p class='ocr_par' dir='ltr' id='par_1_41' title="bbox 503 2652 2015 2727">
     <span class='ocr_line' id='line_1_42' title="bbox 503 2652 2015 2727; baseline -0.005 -18"><span class='ocrx_word' id='word_1_345' title='bbox 503 2655 735 2726; x_wconf 78' lang='grc' dir='ltr'>’Έτερος</span> <span class='ocrx_word' id='word_1_346' title='bbox 773 2657 830 2710; x_wconf 70' lang='grc' dir='ltr'>δὲ</span> <span class='ocrx_word' id='word_1_347' title='bbox 864 2659 890 2710; x_wconf 86' lang='lat'><strong>6</strong></span> <span class='ocrx_word' id='word_1_348' title='bbox 914 2657 1248 2727; x_wconf 76' lang='grc' dir='ltr'>κατοικήσας</span> <span class='ocrx_word' id='word_1_349' title='bbox 1288 2654 1428 2708; x_wconf 79' lang='grc' dir='ltr'>κατὰ</span> <span class='ocrx_word' id='word_1_350' title='bbox 1453 2654 1543 2705; x_wconf 78' lang='grc' dir='ltr'>τὸν</span> <span class='ocrx_word' id='word_1_351' title='bbox 1586 2653 1743 2720; x_wconf 85' lang='grc' dir='ltr'>λόγον</span> <span class='ocrx_word' id='word_1_352' title='bbox 1779 2652 1877 2721; x_wconf 77' lang='grc' dir='ltr'>τῆς</span> <span class='ocrx_word' id='word_1_353' title='bbox 1916 2653 2015 2720; x_wconf 80' lang='grc' dir='ltr'>φύ-</span> 
     </span>
    </p>
   </div>
   <div class='ocr_carea' id='block_1_42' title="bbox 433 2743 2019 2818">
    <p class='ocr_par' dir='ltr' id='par_1_42' title="bbox 433 2743 2019 2818">
     <span class='ocr_line' id='line_1_43' title="bbox 433 2743 2019 2818; baseline -0.004 -16"><span class='ocrx_word' id='word_1_354' title='bbox 433 2767 590 2810; x_wconf 81' lang='grc' dir='ltr'>σεως.</span> <span class='ocrx_word' id='word_1_355' title='bbox 618 2749 713 2801; x_wconf 77' lang='grc' dir='ltr'>καὶ</span> <span class='ocrx_word' id='word_1_356' title='bbox 737 2748 925 2818; x_wconf 74' lang='grc' dir='ltr'>ἕτερος</span> <span class='ocrx_word' id='word_1_357' title='bbox 947 2751 974 2801; x_wconf 89' lang='grc' dir='ltr'>ὀ</span> <span class='ocrx_word' id='word_1_358' title='bbox 1001 2748 1148 2809; x_wconf 87' lang='grc' dir='ltr'>ναός.</span> <span class='ocrx_word' id='word_1_359' title='bbox 1165 2748 1254 2800; x_wconf 76' lang='grc' dir='ltr'>Διὸ</span> <span class='ocrx_word' id='word_1_360' title='bbox 1276 2746 1370 2799; x_wconf 76' lang='grc' dir='ltr'>καὶ</span> <span class='ocrx_word' id='word_1_361' title='bbox 1398 2748 1510 2808; x_wconf 80' lang='grc' dir='ltr'>τοῖς</span> <span class='ocrx_word' id='word_1_362' title='bbox 1541 2744 1818 2806; x_wconf 80' lang='grc' dir='ltr'>Ἰουδαίοις</span> <span class='ocrx_word' id='word_1_363' title='bbox 1843 2743 2019 2811; x_wconf 77' lang='grc' dir='ltr'>ἔλεγε·</span> 
     </span>
    </p>
   </div>
   <div class='ocr_carea' id='block_1_43' title="bbox 437 2837 2023 2908">
    <p class='ocr_par' dir='ltr' id='par_1_43' title="bbox 437 2837 2023 2908">
     <span class='ocr_line' id='line_1_44' title="bbox 437 2837 2023 2908; baseline 0.001 -19"><span class='ocrx_word' id='word_1_364' title='bbox 437 2860 454 2889; x_wconf 76' lang='grc' dir='ltr'><strong>ι</strong></span> <span class='ocrx_word' id='word_1_365' title='bbox 487 2839 697 2892; x_wconf 80' lang='grc' dir='ltr'>Λύσατε</span> <span class='ocrx_word' id='word_1_366' title='bbox 730 2839 819 2892; x_wconf 75' lang='grc' dir='ltr'>τὸν</span> <span class='ocrx_word' id='word_1_367' title='bbox 866 2839 994 2892; x_wconf 73' lang='grc' dir='ltr'>ναὲν</span> <span class='ocrx_word' id='word_1_368' title='bbox 1047 2839 1256 2901; x_wconf 87' lang='grc' dir='ltr'>τοῦτον,</span> <span class='ocrx_word' id='word_1_369' title='bbox 1307 2837 1403 2889; x_wconf 65' lang='grc' dir='ltr'>καὶ</span> <span class='ocrx_word' id='word_1_370' title='bbox 1457 2838 1513 2890; x_wconf 79' lang='grc' dir='ltr'>ἐν</span> <span class='ocrx_word' id='word_1_371' title='bbox 1561 2839 1740 2907; x_wconf 75' lang='grc' dir='ltr'>τρισὶν</span> <span class='ocrx_word' id='word_1_372' title='bbox 1784 2837 2023 2908; x_wconf 80' lang='grc' dir='ltr'>ἡμέραις</span> 
     </span>
    </p>
   </div>
   <div class='ocr_carea' id='block_1_44' title="bbox 431 2928 2020 3000">
    <p class='ocr_par' dir='ltr' id='par_1_44' title="bbox 431 2928 2020 3000">
     <span class='ocr_line' id='line_1_45' title="bbox 431 2928 2020 3000; baseline -0.003 -18"><span class='ocrx_word' id='word_1_373' title='bbox 431 2930 610 3000; x_wconf 80' lang='grc' dir='ltr'>ἐγερῶ</span> <span class='ocrx_word' id='word_1_374' title='bbox 643 2930 824 2984; x_wconf 79' lang='grc' dir='ltr'>αὐτόν.</span> <span class='ocrx_word' id='word_1_375' title='bbox 857 2948 874 2980; x_wconf 75' lang='grc' dir='ltr'><strong>ι</strong></span> <span class='ocrx_word' id='word_1_376' title='bbox 899 2929 1068 2993; x_wconf 85' lang='grc' dir='ltr'>Λύσις</span> <span class='ocrx_word' id='word_1_377' title='bbox 1096 2929 1152 2982; x_wconf 76' lang='grc' dir='ltr'>δὲ</span> <span class='ocrx_word' id='word_1_378' title='bbox 1183 2929 1277 2982; x_wconf 80' lang='grc' dir='ltr'><strong>τοῦ</strong></span> <span class='ocrx_word' id='word_1_379' title='bbox 1304 2929 1458 2991; x_wconf 84' lang='grc' dir='ltr'>ναοῦ,</span> <span class='ocrx_word' id='word_1_380' title='bbox 1489 2928 1668 2997; x_wconf 64' lang='grc' dir='ltr'>ψυχῆς</span> <span class='ocrx_word' id='word_1_381' title='bbox 1698 2929 1790 2980; x_wconf 77' lang='grc' dir='ltr'>καὶ</span> <span class='ocrx_word' id='word_1_382' title='bbox 1831 2928 2020 2997; x_wconf 77' lang='grc' dir='ltr'>σώμα-</span> 
     </span>
    </p>
   </div>
   <div class='ocr_carea' id='block_1_45' title="bbox 429 3017 2081 3110">
    <p class='ocr_par' dir='ltr' id='par_1_45' title="bbox 429 3017 2081 3110">
     <span class='ocr_line' id='line_1_46' title="bbox 429 3017 2081 3110; baseline -0.004 -36"><span class='ocrx_word' id='word_1_383' title='bbox 429 3039 522 3085; x_wconf 86' lang='grc' dir='ltr'><strong>τος</strong></span> <span class='ocrx_word' id='word_1_384' title='bbox 557 3021 590 3092; x_wconf 82' lang='grc' dir='ltr'><strong>ἡ</strong></span> <span class='ocrx_word' id='word_1_385' title='bbox 629 3019 933 3087; x_wconf 78' lang='grc' dir='ltr'>διάζευξις·</span> <span class='ocrx_word' id='word_1_386' title='bbox 979 3021 1210 3083; x_wconf 81' lang='grc' dir='ltr'>θάνατος</span> <span class='ocrx_word' id='word_1_387' title='bbox 1249 3023 1356 3092; x_wconf 80' lang='grc' dir='ltr'><strong>γάρ</strong></span> <span class='ocrx_word' id='word_1_388' title='bbox 1386 3023 1502 3072; x_wconf 79' lang='grc' dir='ltr'>ἐστι</span> <span class='ocrx_word' id='word_1_389' title='bbox 1560 3019 1736 3089; x_wconf 73' lang='grc' dir='ltr'>ψυχῆς</span> <span class='ocrx_word' id='word_1_390' title='bbox 1770 3019 1878 3072; x_wconf 77' lang='grc' dir='ltr'><strong>ἀπὸ</strong></span> <span class='ocrx_word' id='word_1_391' title='bbox 1913 3017 2022 3070; x_wconf 81' lang='grc' dir='ltr'><strong>σιῦ-</strong></span> <span class='ocrx_word' id='word_1_392' title='bbox 2043 3059 2081 3110; x_wconf 44' lang='grc'><strong>(1</strong></span> 
     </span>
    </p>
   </div>
   <div class='ocr_carea' id='block_1_46' title="bbox 436 3110 2021 3185">
    <p class='ocr_par' dir='ltr' id='par_1_46' title="bbox 436 3110 2021 3185">
     <span class='ocr_line' id='line_1_47' title="bbox 436 3110 2021 3185; baseline -0.002 -19"><span class='ocrx_word' id='word_1_393' title='bbox 436 3131 602 3183; x_wconf 80' lang='grc' dir='ltr'>ματος</span> <span class='ocrx_word' id='word_1_394' title='bbox 629 3114 980 3185; x_wconf 81' lang='grc' dir='ltr'>ἀναχώρησις</span> <span class='ocrx_word' id='word_1_395' title='bbox 998 3131 1011 3145; x_wconf 95' lang='grc'><strong>·</strong></span> <span class='ocrx_word' id='word_1_396' title='bbox 1038 3112 1234 3167; x_wconf 84' lang='grc' dir='ltr'>οὐκοῦν</span> <span class='ocrx_word' id='word_1_397' title='bbox 1260 3113 1358 3183; x_wconf 78' lang='grc' dir='ltr'>τὴν</span> <span class='ocrx_word' id='word_1_398' title='bbox 1399 3113 1554 3165; x_wconf 82' lang='grc' dir='ltr'>λύσιν</span> <span class='ocrx_word' id='word_1_399' title='bbox 1581 3112 1676 3166; x_wconf 84' lang='grc' dir='ltr'><strong>τοῦ</strong></span> <span class='ocrx_word' id='word_1_400' title='bbox 1708 3111 1835 3166; x_wconf 88' lang='grc' dir='ltr'>ναοῦ</span> <span class='ocrx_word' id='word_1_401' title='bbox 1867 3115 1894 3165; x_wconf 93' lang='lat'><strong>6</strong></span> <span class='ocrx_word' id='word_1_402' title='bbox 1918 3110 2021 3180; x_wconf 83' lang='grc' dir='ltr'>τῆς</span> 
     </span>
    </p>
   </div>
   <div class='ocr_carea' id='block_1_47' title="bbox 434 3203 2021 3277">
    <p class='ocr_par' dir='ltr' id='par_1_47' title="bbox 434 3203 2021 3277">
     <span class='ocr_line' id='line_1_48' title="bbox 434 3203 2021 3277; baseline -0.004 -19"><span class='ocrx_word' id='word_1_403' title='bbox 434 3206 614 3276; x_wconf 67' lang='grc' dir='ltr'>ψυχῆς</span> <span class='ocrx_word' id='word_1_404' title='bbox 651 3205 946 3277; x_wconf 77' lang='grc' dir='ltr'>ἐργάζεται</span> <span class='ocrx_word' id='word_1_405' title='bbox 980 3205 1291 3276; x_wconf 85' lang='grc' dir='ltr'>χωρισμός·</span> <span class='ocrx_word' id='word_1_406' title='bbox 1344 3207 1392 3258; x_wconf 90' lang='grc' dir='ltr'>εἰ</span> <span class='ocrx_word' id='word_1_407' title='bbox 1421 3204 1600 3258; x_wconf 79' lang='grc' dir='ltr'>τοίνυν</span> <span class='ocrx_word' id='word_1_408' title='bbox 1644 3205 1885 3257; x_wconf 77' lang='grc' dir='ltr'>Ἰουδαῖοι</span> <span class='ocrx_word' id='word_1_409' title='bbox 1930 3203 2021 3254; x_wconf 77' lang='grc' dir='ltr'>τὸν</span> 
     </span>
    </p>
   </div>
   <div class='ocr_carea' id='block_1_48' title="bbox 433 3295 2018 3368">
    <p class='ocr_par' dir='ltr' id='par_1_48' title="bbox 433 3295 2018 3368">
     <span class='ocr_line' id='line_1_49' title="bbox 433 3295 2018 3368; baseline -0.002 -18"><span class='ocrx_word' id='word_1_410' title='bbox 433 3297 563 3350; x_wconf 71' lang='grc' dir='ltr'>ναὸν</span> <span class='ocrx_word' id='word_1_411' title='bbox 613 3296 811 3349; x_wconf 81' lang='grc' dir='ltr'>ἔλυσαν</span> <span class='ocrx_word' id='word_1_412' title='bbox 852 3296 1075 3368; x_wconf 86' lang='grc' dir='ltr'>σταυρῷ</span> <span class='ocrx_word' id='word_1_413' title='bbox 1124 3296 1218 3349; x_wconf 57' lang='grc' dir='ltr'><strong>καλ¹</strong></span> <span class='ocrx_word' id='word_1_414' title='bbox 1267 3295 1484 3366; x_wconf 83' lang='grc' dir='ltr'>θανάτῳ</span> <span class='ocrx_word' id='word_1_415' title='bbox 1540 3295 2018 3365; x_wconf 75' lang='grc' dir='ltr'>παραδεδωκότες,</span> 
     </span>
    </p>
   </div>
   <div class='ocr_carea' id='block_1_49' title="bbox 432 3385 2022 3458">
    <p class='ocr_par' dir='ltr' id='par_1_49' title="bbox 432 3385 2022 3458">
     <span class='ocr_line' id='line_1_50' title="bbox 432 3385 2022 3458; baseline -0.002 -18"><span class='ocrx_word' id='word_1_416' title='bbox 432 3388 590 3453; x_wconf 83' lang='grc' dir='ltr'>λύσις</span> <span class='ocrx_word' id='word_1_417' title='bbox 613 3389 670 3441; x_wconf 86' lang='grc' dir='ltr'>δὲ</span> <span class='ocrx_word' id='word_1_418' title='bbox 702 3387 832 3441; x_wconf 89' lang='grc' dir='ltr'>ναοῦ</span> <span class='ocrx_word' id='word_1_419' title='bbox 856 3388 964 3440; x_wconf 81' lang='grc' dir='ltr'><strong>τῶν</strong></span> <span class='ocrx_word' id='word_1_420' title='bbox 987 3387 1353 3458; x_wconf 81' lang='grc' dir='ltr'>συνημμένων</span> <span class='ocrx_word' id='word_1_421' title='bbox 1385 3389 1413 3441; x_wconf 88' lang='lat'><strong>6</strong></span> <span class='ocrx_word' id='word_1_422' title='bbox 1440 3385 1741 3458; x_wconf 73' lang='grc' dir='ltr'>χωρισμὸς,</span> <span class='ocrx_word' id='word_1_423' title='bbox 1764 3388 1792 3438; x_wconf 90' lang='lat'><strong>6</strong></span> <span class='ocrx_word' id='word_1_424' title='bbox 1813 3385 1867 3438; x_wconf 80' lang='grc' dir='ltr'>δὲ</span> <span class='ocrx_word' id='word_1_425' title='bbox 1889 3385 2022 3448; x_wconf 68' lang='grc' dir='ltr'>Θεὸς</span> 
     </span>
    </p>
   </div>
   <div class='ocr_carea' id='block_1_50' title="bbox 434 3473 2021 3548">
    <p class='ocr_par' dir='ltr' id='par_1_50' title="bbox 434 3473 2021 3548">
     <span class='ocr_line' id='line_1_51' title="bbox 434 3473 2021 3548; baseline -0.003 -15"><span class='ocrx_word' id='word_1_426' title='bbox 434 3482 606 3547; x_wconf 83' lang='grc' dir='ltr'>Λόγος</span> <span class='ocrx_word' id='word_1_427' title='bbox 644 3478 832 3532; x_wconf 78' lang='grc' dir='ltr'>τοῦτον</span> <span class='ocrx_word' id='word_1_428' title='bbox 879 3477 1114 3532; x_wconf 81' lang='grc' dir='ltr'>λυθέντα</span> <span class='ocrx_word' id='word_1_429' title='bbox 1168 3479 1459 3548; x_wconf 82' lang='grc' dir='ltr'>ἀνέστησε,</span> <span class='ocrx_word' id='word_1_430' title='bbox 1507 3478 1676 3547; x_wconf 78' lang='grc' dir='ltr'>σαφὲς</span> <span class='ocrx_word' id='word_1_431' title='bbox 1705 3473 1860 3548; x_wconf 81' lang='grc' dir='ltr'>οἶμαι</span> <span class='ocrx_word' id='word_1_432' title='bbox 1910 3480 2021 3540; x_wconf 84' lang='grc' dir='ltr'>τοῖς</span> 
     </span>
    </p>
   </div>
   <div class='ocr_carea' id='block_1_51' title="bbox 433 3567 2024 3641">
    <p class='ocr_par' dir='ltr' id='par_1_51' title="bbox 433 3567 2024 3641">
     <span class='ocr_line' id='line_1_52' title="bbox 433 3567 2024 3641; baseline -0.001 -18"><span class='ocrx_word' id='word_1_433' title='bbox 433 3572 725 3641; x_wconf 73' lang='grc' dir='ltr'>ἔμφροσιν,</span> <span class='ocrx_word' id='word_1_434' title='bbox 763 3569 839 3633; x_wconf 82' lang='grc' dir='ltr'>ὡς</span> <span class='ocrx_word' id='word_1_435' title='bbox 871 3571 974 3624; x_wconf 86' lang='grc' dir='ltr'>οὐκ</span> <span class='ocrx_word' id='word_1_436' title='bbox 1019 3569 1226 3640; x_wconf 64' lang='grc' dir='ltr'>ἄψυχον</span> <span class='ocrx_word' id='word_1_437' title='bbox 1260 3569 1382 3622; x_wconf 80' lang='grc' dir='ltr'>οὐδὲ</span> <span class='ocrx_word' id='word_1_438' title='bbox 1406 3571 1598 3635; x_wconf 83' lang='grc' dir='ltr'>ἄνουν,</span> <span class='ocrx_word' id='word_1_439' title='bbox 1648 3567 1782 3622; x_wconf 79' lang='grc' dir='ltr'>ἀλλὰ</span> <span class='ocrx_word' id='word_1_440' title='bbox 1817 3569 2024 3622; x_wconf 85' lang='grc' dir='ltr'>τέλειον</span> 
     </span>
    </p>
   </div>
   <div class='ocr_carea' id='block_1_52' title="bbox 432 3658 2021 3731">
    <p class='ocr_par' dir='ltr' id='par_1_52' title="bbox 432 3658 2021 3731">
     <span class='ocr_line' id='line_1_53' title="bbox 432 3658 2021 3731; baseline -0.001 -18"><span class='ocrx_word' id='word_1_441' title='bbox 432 3659 726 3731; x_wconf 80' lang='grc' dir='ltr'>ἄνθρωπον</span> <span class='ocrx_word' id='word_1_442' title='bbox 760 3663 788 3712; x_wconf 90' lang='lat'><strong>6</strong></span> <span class='ocrx_word' id='word_1_443' title='bbox 816 3658 951 3724; x_wconf 77' lang='grc' dir='ltr'>Θεὸς</span> <span class='ocrx_word' id='word_1_444' title='bbox 992 3659 1286 3714; x_wconf 80' lang='grc' dir='ltr'>ἀνελάϐετο</span> <span class='ocrx_word' id='word_1_445' title='bbox 1311 3660 1484 3728; x_wconf 80' lang='grc' dir='ltr'>Λόγος</span> <span class='ocrx_word' id='word_1_446' title='bbox 1506 3679 1519 3692; x_wconf 89' lang='grc'><strong>·</strong></span> <span class='ocrx_word' id='word_1_447' title='bbox 1556 3663 1605 3713; x_wconf 79' lang='grc' dir='ltr'>εἰ</span> <span class='ocrx_word' id='word_1_448' title='bbox 1639 3660 1746 3731; x_wconf 84' lang='grc' dir='ltr'>γὰρ</span> <span class='ocrx_word' id='word_1_449' title='bbox 1775 3661 1896 3714; x_wconf 72' lang='grc' dir='ltr'>ἀντὶ</span> <span class='ocrx_word' id='word_1_450' title='bbox 1925 3661 2021 3729; x_wconf 83' lang='grc' dir='ltr'>τῆς</span> 
     </span>
    </p>
   </div>
   <div class='ocr_carea' id='block_1_53' title="bbox 433 3749 2022 3822">
    <p class='ocr_par' dir='ltr' id='par_1_53' title="bbox 433 3749 2022 3822">
     <span class='ocr_line' id='line_1_54' title="bbox 433 3749 2022 3822; baseline -0.001 -17"><span class='ocrx_word' id='word_1_451' title='bbox 433 3750 704 3805; x_wconf 82' lang='grc' dir='ltr'>ἀθανάτου</span> <span class='ocrx_word' id='word_1_452' title='bbox 730 3750 930 3821; x_wconf 73' lang='grc' dir='ltr'>ψυχῆς,</span> <span class='ocrx_word' id='word_1_453' title='bbox 955 3752 1012 3803; x_wconf 84' lang='grc' dir='ltr'><strong>έν</strong></span> <span class='ocrx_word' id='word_1_454' title='bbox 1042 3749 1120 3822; x_wconf 79' lang='grc' dir='ltr'>τῷ</span> <span class='ocrx_word' id='word_1_455' title='bbox 1151 3751 1518 3820; x_wconf 78' lang='grc' dir='ltr'>ἀναληφθέντι</span> <span class='ocrx_word' id='word_1_456' title='bbox 1556 3752 1772 3822; x_wconf 80' lang='grc' dir='ltr'>σώματι</span> <span class='ocrx_word' id='word_1_457' title='bbox 1800 3753 2022 3820; x_wconf 86' lang='grc' dir='ltr'>γέγονεν</span> 
     </span>
    </p>
   </div>
   <div class='ocr_carea' id='block_1_54' title="bbox 431 3837 2020 3911">
    <p class='ocr_par' dir='ltr' id='par_1_54' title="bbox 431 3837 2020 3911">
     <span class='ocr_line' id='line_1_55' title="bbox 431 3837 2020 3911; baseline 0.002 -18"><span class='ocrx_word' id='word_1_458' title='bbox 431 3842 461 3892; x_wconf 86' lang='lat'><strong>6</strong></span> <span class='ocrx_word' id='word_1_459' title='bbox 504 3841 638 3900; x_wconf 78' lang='grc' dir='ltr'>Θεὸς</span> <span class='ocrx_word' id='word_1_460' title='bbox 660 3843 852 3911; x_wconf 81' lang='grc' dir='ltr'>Λόγος,</span> <span class='ocrx_word' id='word_1_461' title='bbox 886 3837 1040 3894; x_wconf 79' lang='grc' dir='ltr'>εἶπεν</span> <span class='ocrx_word' id='word_1_462' title='bbox 1072 3842 1137 3896; x_wconf 86' lang='grc' dir='ltr'>ἂν</span> <span class='ocrx_word' id='word_1_463' title='bbox 1177 3845 1292 3904; x_wconf 80' lang='grc' dir='ltr'>τοῖς</span> <span class='ocrx_word' id='word_1_464' title='bbox 1335 3843 1636 3907; x_wconf 84' lang='grc' dir='ltr'>Ἰουδαίοις·</span> <span class='ocrx_word' id='word_1_465' title='bbox 1680 3844 1893 3897; x_wconf 80' lang='grc' dir='ltr'>Λύσατέ</span> <span class='ocrx_word' id='word_1_466' title='bbox 1928 3861 2020 3911; x_wconf 85' lang='grc' dir='ltr'><strong>με,</strong></span> 
     </span>
    </p>
   </div>
   <div class='ocr_carea' id='block_1_55' title="bbox 442 3933 2018 4006">
    <p class='ocr_par' dir='ltr' id='par_1_55' title="bbox 442 3933 2018 4006">
     <span class='ocr_line' id='line_1_56' title="bbox 442 3933 2018 4006; baseline 0.001 -20"><span class='ocrx_word' id='word_1_467' title='bbox 442 3933 538 3988; x_wconf 73' lang='grc' dir='ltr'>καὶ</span> <span class='ocrx_word' id='word_1_468' title='bbox 576 3936 635 3986; x_wconf 82' lang='grc' dir='ltr'>ὲν</span> <span class='ocrx_word' id='word_1_469' title='bbox 689 3934 866 4004; x_wconf 83' lang='grc' dir='ltr'>τρισὶν</span> <span class='ocrx_word' id='word_1_470' title='bbox 912 3934 1152 4004; x_wconf 77' lang='grc' dir='ltr'>ἡμέραις</span> <span class='ocrx_word' id='word_1_471' title='bbox 1185 3935 1599 4006; x_wconf 84' lang='grc' dir='ltr'>ἀναστήσομαι·</span> <span class='ocrx_word' id='word_1_472' title='bbox 1660 3935 1754 3988; x_wconf 84' lang='grc' dir='ltr'><strong>νῦν</strong></span> <span class='ocrx_word' id='word_1_473' title='bbox 1781 3935 1836 3988; x_wconf 79' lang='grc' dir='ltr'>δὲ</span> <span class='ocrx_word' id='word_1_474' title='bbox 1875 3935 2018 3989; x_wconf 80' lang='grc' dir='ltr'>διδά-</span> 
     </span>
    </p>
   </div>
   <div class='ocr_carea' id='block_1_56' title="bbox 436 4020 2021 4095">
    <p class='ocr_par' dir='ltr' id='par_1_56' title="bbox 436 4020 2021 4095">
     <span class='ocr_line' id='line_1_57' title="bbox 436 4020 2021 4095; baseline 0.002 -21"><span class='ocrx_word' id='word_1_475' title='bbox 436 4039 605 4084; x_wconf 91' lang='grc' dir='ltr'>σκων,</span> <span class='ocrx_word' id='word_1_476' title='bbox 637 4022 731 4074; x_wconf 79' lang='grc' dir='ltr'><strong>καὶ</strong></span> <span class='ocrx_word' id='word_1_477' title='bbox 765 4020 860 4074; x_wconf 92' lang='grc' dir='ltr'><strong>τοῦ</strong></span> <span class='ocrx_word' id='word_1_478' title='bbox 902 4021 1030 4076; x_wconf 90' lang='grc' dir='ltr'>ναοῦ</span> <span class='ocrx_word' id='word_1_479' title='bbox 1065 4023 1127 4075; x_wconf 82' lang='grc' dir='ltr'>τὸ</span> <span class='ocrx_word' id='word_1_480' title='bbox 1154 4022 1455 4092; x_wconf 89' lang='grc' dir='ltr'>τηνικαῦτα</span> <span class='ocrx_word' id='word_1_481' title='bbox 1484 4026 1546 4076; x_wconf 80' lang='grc' dir='ltr'>τὸ</span> <span class='ocrx_word' id='word_1_482' title='bbox 1589 4024 1802 4095; x_wconf 83' lang='grc' dir='ltr'>θνητὸν,</span> <span class='ocrx_word' id='word_1_483' title='bbox 1833 4025 1928 4078; x_wconf 74' lang='grc' dir='ltr'>καὶ</span> <span class='ocrx_word' id='word_1_484' title='bbox 1960 4024 2021 4077; x_wconf 86' lang='grc' dir='ltr'>τὸ</span> 
     </span>
    </p>
   </div>
   <div class='ocr_carea' id='block_1_57' title="bbox 432 4111 2018 4183">
    <p class='ocr_par' dir='ltr' id='par_1_57' title="bbox 432 4111 2018 4183">
     <span class='ocr_line' id='line_1_58' title="bbox 432 4111 2018 4183; baseline 0.001 -18"><span class='ocrx_word' id='word_1_485' title='bbox 432 4112 658 4166; x_wconf 73' lang='grc' dir='ltr'>δυνατὸν</span> <span class='ocrx_word' id='word_1_486' title='bbox 691 4111 790 4181; x_wconf 84' lang='grc' dir='ltr'>τῆς</span> <span class='ocrx_word' id='word_1_487' title='bbox 824 4111 1143 4183; x_wconf 80' lang='grc' dir='ltr'>ἐνοικούσης</span> <span class='ocrx_word' id='word_1_488' title='bbox 1190 4113 1478 4182; x_wconf 78' lang='grc' dir='ltr'>Θεότητος,</span> <span class='ocrx_word' id='word_1_489' title='bbox 1533 4134 1550 4165; x_wconf 87' lang='grc' dir='ltr'><strong>ι</strong></span> <span class='ocrx_word' id='word_1_490' title='bbox 1595 4114 1830 4176; x_wconf 87' lang='grc' dir='ltr'>Λύσατε,</span> <span class='ocrx_word' id='word_1_491' title='bbox 1864 4115 2018 4182; x_wconf 62' lang='grc' dir='ltr'>φησὶ,</span> 
     </span>
    </p>
   </div>
   <div class='ocr_carea' id='block_1_58' title="bbox 432 4202 2018 4276">
    <p class='ocr_par' dir='ltr' id='par_1_58' title="bbox 432 4202 2018 4276">
     <span class='ocr_line' id='line_1_59' title="bbox 432 4202 2018 4276; baseline 0 -19"><span class='ocrx_word' id='word_1_492' title='bbox 432 4203 525 4257; x_wconf 75' lang='grc' dir='ltr'>τὸν</span> <span class='ocrx_word' id='word_1_493' title='bbox 550 4203 678 4256; x_wconf 86' lang='grc' dir='ltr'>ναὸν</span> <span class='ocrx_word' id='word_1_494' title='bbox 721 4202 944 4267; x_wconf 85' lang='grc' dir='ltr'>τοῦτον,</span> <span class='ocrx_word' id='word_1_495' title='bbox 993 4205 1088 4256; x_wconf 73' lang='grc' dir='ltr'>καὶ</span> <span class='ocrx_word' id='word_1_496' title='bbox 1120 4207 1177 4257; x_wconf 83' lang='grc' dir='ltr'>ὲν</span> <span class='ocrx_word' id='word_1_497' title='bbox 1223 4206 1399 4275; x_wconf 73' lang='grc' dir='ltr'>τρισὶν</span> <span class='ocrx_word' id='word_1_498' title='bbox 1441 4206 1679 4276; x_wconf 80' lang='grc' dir='ltr'>ἡμέραις</span> <span class='ocrx_word' id='word_1_499' title='bbox 1713 4206 1891 4276; x_wconf 80' lang='grc' dir='ltr'>ἐγερῶ</span> <span class='ocrx_word' id='word_1_500' title='bbox 1919 4207 2018 4258; x_wconf 83' lang='grc' dir='ltr'>αύ-</span> 
     </span>
    </p>
   </div>
   <div class='ocr_carea' id='block_1_59' title="bbox 432 4296 2018 4370">
    <p class='ocr_par' dir='ltr' id='par_1_59' title="bbox 432 4296 2018 4370">
     <span class='ocr_line' id='line_1_60' title="bbox 432 4296 2018 4370; baseline 0.001 -22"><span class='ocrx_word' id='word_1_501' title='bbox 432 4296 523 4350; x_wconf 83' lang='grc' dir='ltr'><strong>τόν</strong></span> <span class='ocrx_word' id='word_1_502' title='bbox 544 4315 556 4325; x_wconf 88' lang='grc'><strong>·</strong></span> <span class='ocrx_word' id='word_1_503' title='bbox 589 4315 608 4348; x_wconf 71' lang='grc' dir='ltr'><strong>ι</strong></span> <span class='ocrx_word' id='word_1_504' title='bbox 637 4299 700 4351; x_wconf 84' lang='grc' dir='ltr'>οὐ</span> <span class='ocrx_word' id='word_1_505' title='bbox 731 4297 842 4370; x_wconf 85' lang='grc' dir='ltr'>γὰρ</span> <span class='ocrx_word' id='word_1_506' title='bbox 879 4297 1010 4366; x_wconf 72' lang='grc' dir='ltr'>ἐγὼ,</span> <span class='ocrx_word' id='word_1_507' title='bbox 1028 4299 1214 4368; x_wconf 75' lang='grc' dir='ltr'>φησὶν,</span> <span class='ocrx_word' id='word_1_508' title='bbox 1245 4299 1336 4367; x_wconf 78' lang='grc' dir='ltr'><strong>ὑφ’</strong></span> <span class='ocrx_word' id='word_1_509' title='bbox 1366 4299 1520 4368; x_wconf 80' lang='grc' dir='ltr'>ὑμῶν</span> <span class='ocrx_word' id='word_1_510' title='bbox 1549 4299 1873 4369; x_wconf 82' lang='grc' dir='ltr'>λυθήσομαι,</span> <span class='ocrx_word' id='word_1_511' title='bbox 1904 4299 2018 4352; x_wconf 77' lang='grc' dir='ltr'>ἀλλ’</span> 
     </span>
    </p>
   </div>
   <div class='ocr_carea' id='block_1_60' title="bbox 2095 1794 3678 1875">
    <p class='ocr_par' dir='ltr' id='par_1_60' title="bbox 2095 1794 3678 1875">
     <span class='ocr_line' id='line_1_61' title="bbox 2095 1794 3678 1875; baseline -0.017 -4"><span class='ocrx_word' id='word_1_512' title='bbox 2095 1826 2150 1871; x_wconf 85' lang='lat' dir='ltr'><strong>et</strong></span> <span class='ocrx_word' id='word_1_513' title='bbox 2176 1814 2270 1870; x_wconf 74' lang='lat' dir='ltr'><strong>lux</strong></span> <span class='ocrx_word' id='word_1_514' title='bbox 2296 1826 2458 1875; x_wconf 85' lang='lat' dir='ltr'><strong>vera;</strong></span> <span class='ocrx_word' id='word_1_515' title='bbox 2493 1811 2602 1872; x_wconf 87' lang='lat' dir='ltr'><strong>hic,</strong></span> <span class='ocrx_word' id='word_1_516' title='bbox 2640 1809 2735 1870; x_wconf 90' lang='lat' dir='ltr'><strong>ait,</strong></span> <span class='ocrx_word' id='word_1_517' title='bbox 2768 1805 3046 1859; x_wconf 88' lang='lat' dir='ltr'><strong>hominum</strong></span> <span class='ocrx_word' id='word_1_518' title='bbox 3068 1815 3196 1852; x_wconf 90' lang='lat' dir='ltr'><strong>snas</strong></span> <span class='ocrx_word' id='word_1_519' title='bbox 3225 1798 3351 1851; x_wconf 80' lang='lat' dir='ltr'><strong>fecit</strong></span> <span class='ocrx_word' id='word_1_520' title='bbox 3373 1794 3678 1864; x_wconf 87' lang='lat' dir='ltr'><strong>passiones,</strong></span> 
     </span>
    </p>
   </div>
   <div class='ocr_carea' id='block_1_61' title="bbox 2099 1881 3682 1962">
    <p class='ocr_par' dir='ltr' id='par_1_61' title="bbox 2099 1881 3682 1962">
     <span class='ocr_line' id='line_1_62' title="bbox 2099 1881 3682 1962; baseline -0.018 0"><span class='ocrx_word' id='word_1_521' title='bbox 2099 1907 2224 1962; x_wconf 89' lang='lat' dir='ltr'><strong>dum</strong></span> <span class='ocrx_word' id='word_1_522' title='bbox 2266 1902 2545 1958; x_wconf 87' lang='lat' dir='ltr'><strong>hominum</strong></span> <span class='ocrx_word' id='word_1_523' title='bbox 2572 1898 2802 1954; x_wconf 81' lang='lat' dir='ltr'><strong>salutem</strong></span> <span class='ocrx_word' id='word_1_524' title='bbox 2836 1899 3180 1959; x_wconf 84' lang='lat' dir='ltr'><strong>operaretur.</strong></span> <span class='ocrx_word' id='word_1_525' title='bbox 3215 1887 3460 1953; x_wconf 81' lang='lat' dir='ltr'><strong>Cumque</strong></span> <span class='ocrx_word' id='word_1_526' title='bbox 3503 1881 3682 1936; x_wconf 87' lang='lat' dir='ltr'><strong>adhuc</strong></span> 
     </span>
    </p>
   </div>
   <div class='ocr_carea' id='block_1_62' title="bbox 2100 1974 3682 2070">
    <p class='ocr_par' dir='ltr' id='par_1_62' title="bbox 2100 1974 3682 2070">
     <span class='ocr_line' id='line_1_63' title="bbox 2100 1974 3682 2070; baseline -0.02 -16"><span class='ocrx_word' id='word_1_527' title='bbox 2100 1998 2274 2070; x_wconf 76' lang='lat' dir='ltr'><strong>magis</strong></span> <span class='ocrx_word' id='word_1_528' title='bbox 2332 1993 2714 2050; x_wconf 79' lang='lat' dir='ltr'><strong>beneﬁciorum</strong></span> <span class='ocrx_word' id='word_1_529' title='bbox 2776 1987 2920 2042; x_wconf 88' lang='lat' dir='ltr'><strong>illius</strong></span> <span class='ocrx_word' id='word_1_530' title='bbox 2984 1979 3414 2050; x_wconf 81' lang='lat' dir='ltr'><strong>magnitudinem</strong></span> <span class='ocrx_word' id='word_1_531' title='bbox 3454 1974 3682 2027; x_wconf 86' lang='lat' dir='ltr'><strong>demon-</strong></span> 
     </span>
    </p>
   </div>
   <div class='ocr_carea' id='block_1_63' title="bbox 2100 2061 3681 2150">
    <p class='ocr_par' dir='ltr' id='par_1_63' title="bbox 2100 2061 3681 2150">
     <span class='ocr_line' id='line_1_64' title="bbox 2100 2061 3681 2150; baseline -0.019 -7"><span class='ocrx_word' id='word_1_532' title='bbox 2100 2100 2276 2143; x_wconf 83' lang='lat' dir='ltr'><strong>strare</strong></span> <span class='ocrx_word' id='word_1_533' title='bbox 2301 2085 2480 2146; x_wconf 69' lang='lat' dir='ltr'><strong>vellet,</strong></span> <span class='ocrx_word' id='word_1_534' title='bbox 2510 2092 2850 2150; x_wconf 82' lang='lat' dir='ltr'><strong>nequaquam</strong></span> <span class='ocrx_word' id='word_1_535' title='bbox 2880 2075 2948 2130; x_wconf 88' lang='lat' dir='ltr'><strong>de</strong></span> <span class='ocrx_word' id='word_1_536' title='bbox 2979 2068 3273 2127; x_wconf 84' lang='lat' dir='ltr'><strong>immortali</strong></span> <span class='ocrx_word' id='word_1_537' title='bbox 3298 2066 3480 2120; x_wconf 89' lang='lat' dir='ltr'><strong>anima</strong></span> <span class='ocrx_word' id='word_1_538' title='bbox 3513 2061 3681 2116; x_wconf 82' lang='lat' dir='ltr'><strong>verba</strong></span> 
     </span>
    </p>
   </div>
   <div class='ocr_carea' id='block_1_64' title="bbox 2101 2155 3680 2246">
    <p class='ocr_par' dir='ltr' id='par_1_64' title="bbox 2101 2155 3680 2246">
     <span class='ocr_line' id='line_1_65' title="bbox 2101 2155 3680 2246; baseline -0.02 -10"><span class='ocrx_word' id='word_1_539' title='bbox 2101 2183 2248 2246; x_wconf 78' lang='lat' dir='ltr'><strong>fecit,</strong></span> <span class='ocrx_word' id='word_1_540' title='bbox 2281 2181 2374 2234; x_wconf 80' lang='lat' dir='ltr'><strong>sed</strong></span> <span class='ocrx_word' id='word_1_541' title='bbox 2415 2178 2480 2232; x_wconf 90' lang='lat' dir='ltr'><strong>de</strong></span> <span class='ocrx_word' id='word_1_542' title='bbox 2502 2173 2745 2245; x_wconf 86' lang='lat' dir='ltr'><strong>passibili</strong></span> <span class='ocrx_word' id='word_1_543' title='bbox 2769 2184 2962 2232; x_wconf 73' lang='lat' dir='ltr'><strong>“carne,</strong></span> <span class='ocrx_word' id='word_1_544' title='bbox 2987 2162 3202 2220; x_wconf 87' lang='lat' dir='ltr'><strong>mortali</strong></span> <span class='ocrx_word' id='word_1_545' title='bbox 3232 2169 3285 2216; x_wconf 90' lang='lat' dir='ltr'><strong>et</strong></span> <span class='ocrx_word' id='word_1_546' title='bbox 3315 2155 3680 2227; x_wconf 75' lang='lat' dir='ltr'><strong>corruptibili,</strong></span> 
     </span>
    </p>
   </div>
   <div class='ocr_carea' id='block_1_65' title="bbox 2103 2245 3682 2332">
    <p class='ocr_par' dir='ltr' id='par_1_65' title="bbox 2103 2245 3682 2332">
     <span class='ocr_line' id='line_1_66' title="bbox 2103 2245 3682 2332; baseline -0.017 -8"><span class='ocrx_word' id='word_1_547' title='bbox 2103 2289 2166 2326; x_wconf 80' lang='lat' dir='ltr'><strong>cx</strong></span> <span class='ocrx_word' id='word_1_548' title='bbox 2200 2273 2326 2325; x_wconf 91' lang='lat' dir='ltr'><strong>limo</strong></span> <span class='ocrx_word' id='word_1_549' title='bbox 2352 2268 2538 2331; x_wconf 77' lang='lat' dir='ltr'><strong>facta;</strong></span> <span class='ocrx_word' id='word_1_550' title='bbox 2587 2274 2752 2332; x_wconf 84' lang='lat' dir='ltr'><strong>atque</strong></span> <span class='ocrx_word' id='word_1_551' title='bbox 2790 2277 2818 2313; x_wconf 89' lang='lat' dir='ltr'><strong>a</strong></span> <span class='ocrx_word' id='word_1_552' title='bbox 2862 2266 3018 2328; x_wconf 87' lang='lat' dir='ltr'><strong>parte</strong></span> <span class='ocrx_word' id='word_1_553' title='bbox 3068 2264 3234 2308; x_wconf 86' lang='lat' dir='ltr'><strong>totam</strong></span> <span class='ocrx_word' id='word_1_554' title='bbox 3282 2258 3532 2304; x_wconf 86' lang='lat' dir='ltr'><strong>naturam</strong></span> <span class='ocrx_word' id='word_1_555' title='bbox 3582 2245 3682 2299; x_wconf 86' lang='lat' dir='ltr'><strong>de-</strong></span> 
     </span>
    </p>
   </div>
   <div class='ocr_carea' id='block_1_66' title="bbox 2103 2335 3678 2422">
    <p class='ocr_par' dir='ltr' id='par_1_66' title="bbox 2103 2335 3678 2422">
     <span class='ocr_line' id='line_1_67' title="bbox 2103 2335 3678 2422; baseline -0.02 -6"><span class='ocrx_word' id='word_1_556' title='bbox 2103 2361 2365 2422; x_wconf 85' lang='lat' dir='ltr'><strong>claravit,</strong></span> <span class='ocrx_word' id='word_1_557' title='bbox 2408 2369 2466 2410; x_wconf 93' lang='lat' dir='ltr'><strong>ut</strong></span> <span class='ocrx_word' id='word_1_558' title='bbox 2491 2353 2774 2422; x_wconf 87' lang='lat' dir='ltr'><strong>sequentia</strong></span> <span class='ocrx_word' id='word_1_559' title='bbox 2807 2357 3078 2403; x_wconf 84' lang='lat' dir='ltr'><strong>testantur</strong></span> <span class='ocrx_word' id='word_1_560' title='bbox 3115 2363 3128 2398; x_wconf 92' lang='lat'>:</span> <span class='ocrx_word' id='word_1_561' title='bbox 3166 2359 3184 2392; x_wconf 85' lang='grc' dir='ltr'><strong>ι</strong></span> <span class='ocrx_word' id='word_1_562' title='bbox 3224 2341 3461 2394; x_wconf 88' lang='lat' dir='ltr'><strong>Verbum</strong></span> <span class='ocrx_word' id='word_1_563' title='bbox 3492 2335 3635 2390; x_wconf 89' lang='lat' dir='ltr'><strong>enim</strong></span> <span class='ocrx_word' id='word_1_564' title='bbox 3663 2376 3678 2396; x_wconf 90' lang='lat'><strong>,</strong></span> 
     </span>
    </p>
   </div>
   <div class='ocr_carea' id='block_1_67' title="bbox 2105 2431 3680 2520">
    <p class='ocr_par' dir='ltr' id='par_1_67' title="bbox 2105 2431 3680 2520">
     <span class='ocr_line' id='line_1_68' title="bbox 2105 2431 3680 2520; baseline -0.018 -13"><span class='ocrx_word' id='word_1_565' title='bbox 2105 2452 2320 2520; x_wconf 85' lang='lat' dir='ltr'><strong>inquit,</strong></span> <span class='ocrx_word' id='word_1_566' title='bbox 2393 2463 2524 2502; x_wconf 89' lang='lat' dir='ltr'><strong>caro</strong></span> <span class='ocrx_word' id='word_1_567' title='bbox 2581 2445 2782 2498; x_wconf 82' lang='lat' dir='ltr'><strong>factum</strong></span> <span class='ocrx_word' id='word_1_568' title='bbox 2845 2449 2926 2494; x_wconf 90' lang='lat' dir='ltr'><strong>est</strong></span> <span class='ocrx_word' id='word_1_569' title='bbox 2964 2479 2977 2504; x_wconf 91' lang='lat'><strong>,</strong></span> <span class='ocrx_word' id='word_1_570' title='bbox 3042 2445 3095 2488; x_wconf 87' lang='lat' dir='ltr'><strong>et</strong></span> <span class='ocrx_word' id='word_1_571' title='bbox 3153 2432 3419 2486; x_wconf 79' lang='lat' dir='ltr'><strong>habitavit</strong></span> <span class='ocrx_word' id='word_1_572' title='bbox 3470 2431 3523 2483; x_wconf 90' lang='lat' dir='ltr'><strong>in</strong></span> <span class='ocrx_word' id='word_1_573' title='bbox 3581 2442 3680 2484; x_wconf 82' lang='lat' dir='ltr'><strong>uo-</strong></span> 
     </span>
    </p>
   </div>
   <div class='ocr_carea' id='block_1_68' title="bbox 2104 2543 2338 2599">
    <p class='ocr_par' dir='ltr' id='par_1_68' title="bbox 2104 2543 2338 2599">
     <span class='ocr_line' id='line_1_69' title="bbox 2104 2543 2338 2599; baseline -0.021 0"><span class='ocrx_word' id='word_1_574' title='bbox 2104 2543 2338 2599; x_wconf 65' lang='lat' dir='ltr'><strong>bis‘.t</strong></span> 
     </span>
    </p>
   </div>
   <div class='ocr_carea' id='block_1_69' title="bbox 2176 2633 3686 2712">
    <p class='ocr_par' dir='ltr' id='par_1_69' title="bbox 2176 2633 3686 2712">
     <span class='ocr_line' id='line_1_70' title="bbox 2176 2633 3686 2712; baseline -0.019 -1"><span class='ocrx_word' id='word_1_575' title='bbox 2176 2656 2329 2711; x_wconf 78' lang='lat' dir='ltr'><strong>Alius</strong></span> <span class='ocrx_word' id='word_1_576' title='bbox 2356 2669 2485 2705; x_wconf 87' lang='lat' dir='ltr'><strong>vero</strong></span> <span class='ocrx_word' id='word_1_577' title='bbox 2517 2651 2563 2704; x_wconf 91' lang='lat' dir='ltr'><strong>is</strong></span> <span class='ocrx_word' id='word_1_578' title='bbox 2589 2657 2730 2711; x_wconf 81' lang='lat' dir='ltr'><strong>erat,</strong></span> <span class='ocrx_word' id='word_1_579' title='bbox 2779 2644 2867 2712; x_wconf 83' lang='lat' dir='ltr'><strong>qui</strong></span> <span class='ocrx_word' id='word_1_580' title='bbox 2911 2642 3074 2695; x_wconf 86' lang='lat' dir='ltr'><strong>modo</strong></span> <span class='ocrx_word' id='word_1_581' title='bbox 3133 2637 3363 2690; x_wconf 86' lang='lat' dir='ltr'><strong>naturali</strong></span> <span class='ocrx_word' id='word_1_582' title='bbox 3413 2633 3686 2687; x_wconf 83' lang='lat' dir='ltr'><strong>inhabita-</strong></span> 
     </span>
    </p>
   </div>
   <div class='ocr_carea' id='block_1_70' title="bbox 2109 2723 3682 2811">
    <p class='ocr_par' dir='ltr' id='par_1_70' title="bbox 2109 2723 3682 2811">
     <span class='ocr_line' id='line_1_71' title="bbox 2109 2723 3682 2811; baseline -0.02 -7"><span class='ocrx_word' id='word_1_583' title='bbox 2109 2749 2221 2811; x_wconf 86' lang='lat' dir='ltr'><strong>bat,</strong></span> <span class='ocrx_word' id='word_1_584' title='bbox 2260 2745 2403 2799; x_wconf 89' lang='lat' dir='ltr'><strong>aliud</strong></span> <span class='ocrx_word' id='word_1_585' title='bbox 2439 2756 2565 2796; x_wconf 84' lang='lat' dir='ltr'><strong>vero</strong></span> <span class='ocrx_word' id='word_1_586' title='bbox 2600 2736 2882 2805; x_wconf 80' lang='lat' dir='ltr'><strong>templum.</strong></span> <span class='ocrx_word' id='word_1_587' title='bbox 2917 2732 3096 2799; x_wconf 81' lang='lat' dir='ltr'><strong>Quare</strong></span> <span class='ocrx_word' id='word_1_588' title='bbox 3127 2739 3180 2781; x_wconf 86' lang='lat' dir='ltr'><strong>et</strong></span> <span class='ocrx_word' id='word_1_589' title='bbox 3213 2725 3413 2780; x_wconf 64' lang='lat' dir='ltr'><strong>ludatis</strong></span> <span class='ocrx_word' id='word_1_590' title='bbox 3463 2723 3682 2777; x_wconf 83' lang='lat' dir='ltr'><strong>aiebat:</strong></span> 
     </span>
    </p>
   </div>
   <div class='ocr_carea' id='block_1_71' title="bbox 2113 2815 3689 2902">
    <p class='ocr_par' dir='ltr' id='par_1_71' title="bbox 2113 2815 3689 2902">
     <span class='ocr_line' id='line_1_72' title="bbox 2113 2815 3689 2902; baseline -0.019 -8"><span class='ocrx_word' id='word_1_591' title='bbox 2113 2859 2133 2893; x_wconf 82' lang='grc' dir='ltr'><strong>ι</strong></span> <span class='ocrx_word' id='word_1_592' title='bbox 2170 2838 2376 2894; x_wconf 82' lang='lat' dir='ltr'><strong>Solvite</strong></span> <span class='ocrx_word' id='word_1_593' title='bbox 2426 2831 2683 2902; x_wconf 85' lang='lat' dir='ltr'><strong>templum</strong></span> <span class='ocrx_word' id='word_1_594' title='bbox 2721 2828 2843 2891; x_wconf 90' lang='lat' dir='ltr'><strong>hoc,</strong></span> <span class='ocrx_word' id='word_1_595' title='bbox 2866 2834 2919 2878; x_wconf 91' lang='lat' dir='ltr'><strong>et</strong></span> <span class='ocrx_word' id='word_1_596' title='bbox 2961 2837 3061 2892; x_wconf 79' lang='lat' dir='ltr'><strong>ego</strong></span> <span class='ocrx_word' id='word_1_597' title='bbox 3108 2821 3280 2874; x_wconf 89' lang='lat' dir='ltr'><strong>tribus</strong></span> <span class='ocrx_word' id='word_1_598' title='bbox 3310 2817 3500 2871; x_wconf 91' lang='lat' dir='ltr'><strong>diebus</strong></span> <span class='ocrx_word' id='word_1_599' title='bbox 3536 2815 3689 2870; x_wconf 79' lang='lat' dir='ltr'><strong>exci-</strong></span> 
     </span>
    </p>
   </div>
   <div class='ocr_carea' id='block_1_72' title="bbox 2111 2908 3688 2987">
    <p class='ocr_par' dir='ltr' id='par_1_72' title="bbox 2111 2908 3688 2987">
     <span class='ocr_line' id='line_1_73' title="bbox 2111 2908 3688 2987; baseline -0.016 -1"><span class='ocrx_word' id='word_1_600' title='bbox 2111 2932 2238 2986; x_wconf 88' lang='lat' dir='ltr'><strong>tabo</strong></span> <span class='ocrx_word' id='word_1_601' title='bbox 2262 2928 2409 2983; x_wconf 92' lang='lat' dir='ltr'><strong>illud.</strong></span> <span class='ocrx_word' id='word_1_602' title='bbox 2471 2929 2512 2977; x_wconf 80' lang='grc'><strong>⁵.</strong></span> <span class='ocrx_word' id='word_1_603' title='bbox 2554 2942 2571 2974; x_wconf 76' lang='grc' dir='ltr'><strong>ι</strong></span> <span class='ocrx_word' id='word_1_604' title='bbox 2611 2917 2820 2987; x_wconf 91' lang='lat' dir='ltr'><strong>Templi</strong></span> <span class='ocrx_word' id='word_1_605' title='bbox 2862 2930 2993 2969; x_wconf 81' lang='lat' dir='ltr'><strong>vero</strong></span> <span class='ocrx_word' id='word_1_606' title='bbox 3025 2911 3224 2968; x_wconf 91' lang='lat' dir='ltr'><strong>solutio</strong></span> <span class='ocrx_word' id='word_1_607' title='bbox 3257 2917 3376 2964; x_wconf 83' lang='lat' dir='ltr'><strong>erat</strong></span> <span class='ocrx_word' id='word_1_608' title='bbox 3409 2908 3608 2962; x_wconf 82' lang='lat' dir='ltr'><strong>animae</strong></span> <span class='ocrx_word' id='word_1_609' title='bbox 3657 2923 3688 2961; x_wconf 75' lang='grc' dir='ltr'><strong>τι</strong></span> 
     </span>
    </p>
   </div>
   <div class='ocr_carea' id='block_1_73' title="bbox 2110 3003 3691 3093">
    <p class='ocr_par' dir='ltr' id='par_1_73' title="bbox 2110 3003 3691 3093">
     <span class='ocr_line' id='line_1_74' title="bbox 2110 3003 3691 3093; baseline -0.018 -14"><span class='ocrx_word' id='word_1_610' title='bbox 2110 3035 2338 3093; x_wconf 87' lang='lat' dir='ltr'><strong>corpore</strong></span> <span class='ocrx_word' id='word_1_611' title='bbox 2371 3013 2691 3074; x_wconf 88' lang='lat' dir='ltr'><strong>dissolutio:</strong></span> <span class='ocrx_word' id='word_1_612' title='bbox 2715 3025 2838 3064; x_wconf 89' lang='lat' dir='ltr'><strong>nam</strong></span> <span class='ocrx_word' id='word_1_613' title='bbox 2867 3020 3016 3062; x_wconf 85' lang='lat' dir='ltr'><strong>mors</strong></span> <span class='ocrx_word' id='word_1_614' title='bbox 3049 3013 3134 3060; x_wconf 91' lang='lat' dir='ltr'><strong>est</strong></span> <span class='ocrx_word' id='word_1_615' title='bbox 3159 3003 3354 3056; x_wconf 67' lang='lat' dir='ltr'><strong>anitum</strong></span> <span class='ocrx_word' id='word_1_616' title='bbox 3395 3015 3424 3053; x_wconf 88' lang='lat' dir='ltr'><strong>a</strong></span> <span class='ocrx_word' id='word_1_617' title='bbox 3455 3013 3691 3068; x_wconf 86' lang='lat' dir='ltr'><strong>corpore</strong></span> 
     </span>
    </p>
   </div>
   <div class='ocr_carea' id='block_1_74' title="bbox 2071 3091 3690 3179">
    <p class='ocr_par' dir='ltr' id='par_1_74' title="bbox 2071 3091 3690 3179">
     <span class='ocr_line' id='line_1_75' title="bbox 2071 3091 3690 3179; baseline -0.019 -6"><span class='ocrx_word' id='word_1_618' title='bbox 2071 3091 2084 3109; x_wconf 41' lang='grc' dir='ltr'><strong><em>Δ</em></strong></span> <span class='ocrx_word' id='word_1_619' title='bbox 2113 3129 2378 3172; x_wconf 78' lang='lat' dir='ltr'><strong>recessus.</strong></span> <span class='ocrx_word' id='word_1_620' title='bbox 2412 3111 2554 3179; x_wconf 84' lang='lat' dir='ltr'><strong>Ergo</strong></span> <span class='ocrx_word' id='word_1_621' title='bbox 2593 3105 2775 3174; x_wconf 84' lang='lat' dir='ltr'><strong>templi</strong></span> <span class='ocrx_word' id='word_1_622' title='bbox 2826 3100 3149 3156; x_wconf 84' lang='lat' dir='ltr'><strong>solutiooem</strong></span> <span class='ocrx_word' id='word_1_623' title='bbox 3195 3103 3453 3164; x_wconf 79' lang='lat' dir='ltr'><strong>Operatnr</strong></span> <span class='ocrx_word' id='word_1_624' title='bbox 3493 3092 3690 3144; x_wconf 80' lang='lat' dir='ltr'><strong>auium:</strong></span> 
     </span>
    </p>
   </div>
   <div class='ocr_carea' id='block_1_75' title="bbox 2111 3181 3695 3275">
    <p class='ocr_par' dir='ltr' id='par_1_75' title="bbox 2111 3181 3695 3275">
     <span class='ocr_line' id='line_1_76' title="bbox 2111 3181 3695 3275; baseline -0.02 -13"><span class='ocrx_word' id='word_1_625' title='bbox 2111 3225 2140 3261; x_wconf 87' lang='lat' dir='ltr'><strong>a</strong></span> <span class='ocrx_word' id='word_1_626' title='bbox 2168 3215 2396 3275; x_wconf 87' lang='lat' dir='ltr'><strong>corpore</strong></span> <span class='ocrx_word' id='word_1_627' title='bbox 2430 3197 2725 3266; x_wconf 88' lang='lat' dir='ltr'><strong>separatio.</strong></span> <span class='ocrx_word' id='word_1_628' title='bbox 2767 3192 2936 3264; x_wconf 75' lang='lat' dir='ltr'><strong>Igitur</strong></span> <span class='ocrx_word' id='word_1_629' title='bbox 2987 3190 3031 3243; x_wconf 88' lang='lat' dir='ltr'><strong>si</strong></span> <span class='ocrx_word' id='word_1_630' title='bbox 3073 3185 3242 3241; x_wconf 80' lang='lat' dir='ltr'><strong>Judaei</strong></span> <span class='ocrx_word' id='word_1_631' title='bbox 3288 3181 3545 3253; x_wconf 91' lang='lat' dir='ltr'><strong>templum</strong></span> <span class='ocrx_word' id='word_1_632' title='bbox 3586 3183 3695 3233; x_wconf 83' lang='lat' dir='ltr'><strong>sot-</strong></span> 
     </span>
    </p>
   </div>
   <div class='ocr_carea' id='block_1_76' title="bbox 2113 3275 3695 3361">
    <p class='ocr_par' dir='ltr' id='par_1_76' title="bbox 2113 3275 3695 3361">
     <span class='ocr_line' id='line_1_77' title="bbox 2113 3275 3695 3361; baseline -0.02 -7"><span class='ocrx_word' id='word_1_633' title='bbox 2113 3307 2346 3361; x_wconf 70' lang='lat' dir='ltr'><strong>verunt,</strong></span> <span class='ocrx_word' id='word_1_634' title='bbox 2399 3291 2546 3348; x_wconf 81' lang='lat' dir='ltr'><strong>cruci</strong></span> <span class='ocrx_word' id='word_1_635' title='bbox 2602 3286 2875 3354; x_wconf 87' lang='lat' dir='ltr'><strong>mortique</strong></span> <span class='ocrx_word' id='word_1_636' title='bbox 2933 3282 3210 3335; x_wconf 87' lang='lat' dir='ltr'><strong>tradentes</strong></span> <span class='ocrx_word' id='word_1_637' title='bbox 3248 3318 3261 3342; x_wconf 93' lang='lat'><strong>,</strong></span> <span class='ocrx_word' id='word_1_638' title='bbox 3322 3275 3524 3330; x_wconf 89' lang='lat' dir='ltr'><strong>solutio</strong></span> <span class='ocrx_word' id='word_1_639' title='bbox 3565 3288 3695 3326; x_wconf 85' lang='lat' dir='ltr'><strong>vero</strong></span> 
     </span>
    </p>
   </div>
   <div class='ocr_carea' id='block_1_77' title="bbox 2115 3366 3691 3457">
    <p class='ocr_par' dir='ltr' id='par_1_77' title="bbox 2115 3366 3691 3457">
     <span class='ocr_line' id='line_1_78' title="bbox 2115 3366 3691 3457; baseline -0.021 -13"><span class='ocrx_word' id='word_1_640' title='bbox 2115 3388 2297 3457; x_wconf 89' lang='lat' dir='ltr'><strong>templi</strong></span> <span class='ocrx_word' id='word_1_641' title='bbox 2348 3382 2758 3451; x_wconf 68' lang='lat' dir='ltr'><strong>coniunctorum</strong></span> <span class='ocrx_word' id='word_1_642' title='bbox 2805 3371 3078 3444; x_wconf 86' lang='lat' dir='ltr'><strong>separatio</strong></span> <span class='ocrx_word' id='word_1_643' title='bbox 3119 3368 3265 3432; x_wconf 81' lang='lat' dir='ltr'><strong>fuit,</strong></span> <span class='ocrx_word' id='word_1_644' title='bbox 3337 3366 3477 3420; x_wconf 89' lang='lat' dir='ltr'><strong>Deus</strong></span> <span class='ocrx_word' id='word_1_645' title='bbox 3513 3371 3691 3417; x_wconf 89' lang='lat' dir='ltr'><strong>autem</strong></span> 
     </span>
    </p>
   </div>
   <div class='ocr_carea' id='block_1_78' title="bbox 2118 3457 3695 3536">
    <p class='ocr_par' dir='ltr' id='par_1_78' title="bbox 2118 3457 3695 3536">
     <span class='ocr_line' id='line_1_79' title="bbox 2118 3457 3695 3536; baseline -0.018 -2"><span class='ocrx_word' id='word_1_646' title='bbox 2118 3481 2350 3536; x_wconf 72' lang='lat' dir='ltr'><strong>Verbum</strong></span> <span class='ocrx_word' id='word_1_647' title='bbox 2384 3479 2484 3530; x_wconf 88' lang='lat' dir='ltr'><strong>hoc</strong></span> <span class='ocrx_word' id='word_1_648' title='bbox 2517 3472 2837 3528; x_wconf 85' lang='lat' dir='ltr'><strong>dissolutum</strong></span> <span class='ocrx_word' id='word_1_649' title='bbox 2904 3461 3258 3518; x_wconf 86' lang='lat' dir='ltr'><strong>resnscitavit</strong></span> <span class='ocrx_word' id='word_1_650' title='bbox 3286 3501 3298 3525; x_wconf 92' lang='lat'><strong>,</strong></span> <span class='ocrx_word' id='word_1_651' title='bbox 3347 3457 3695 3526; x_wconf 75' lang='lat' dir='ltr'><strong>exploratum</strong></span> 
     </span>
    </p>
   </div>
   <div class='ocr_carea' id='block_1_79' title="bbox 2116 3553 3700 3634">
    <p class='ocr_par' dir='ltr' id='par_1_79' title="bbox 2116 3553 3700 3634">
     <span class='ocr_line' id='line_1_80' title="bbox 2116 3553 3700 3634; baseline -0.016 -7"><span class='ocrx_word' id='word_1_652' title='bbox 2116 3573 2352 3626; x_wconf 84' lang='lat' dir='ltr'><strong>arbitror</strong></span> <span class='ocrx_word' id='word_1_653' title='bbox 2390 3583 2514 3622; x_wconf 89' lang='lat' dir='ltr'><strong>esse</strong></span> <span class='ocrx_word' id='word_1_654' title='bbox 2567 3560 2946 3634; x_wconf 89' lang='lat' dir='ltr'><strong>prudentibus,</strong></span> <span class='ocrx_word' id='word_1_655' title='bbox 3005 3573 3109 3610; x_wconf 92' lang='lat' dir='ltr'><strong>non</strong></span> <span class='ocrx_word' id='word_1_656' title='bbox 3173 3553 3466 3606; x_wconf 89' lang='lat' dir='ltr'><strong>inauimem</strong></span> <span class='ocrx_word' id='word_1_657' title='bbox 3523 3564 3700 3617; x_wconf 70' lang='lat' dir='ltr'><strong>neque</strong></span> 
     </span>
    </p>
   </div>
   <div class='ocr_carea' id='block_1_80' title="bbox 2118 3641 3700 3720">
    <p class='ocr_par' dir='ltr' id='par_1_80' title="bbox 2118 3641 3700 3720">
     <span class='ocr_line' id='line_1_81' title="bbox 2118 3641 3700 3720; baseline -0.018 0"><span class='ocrx_word' id='word_1_658' title='bbox 2118 3675 2297 3720; x_wconf 85' lang='lat' dir='ltr'><strong>mente</strong></span> <span class='ocrx_word' id='word_1_659' title='bbox 2343 3666 2639 3718; x_wconf 88' lang='lat' dir='ltr'><strong>carentem,</strong></span> <span class='ocrx_word' id='word_1_660' title='bbox 2668 3654 2761 3708; x_wconf 85' lang='lat' dir='ltr'><strong>sed</strong></span> <span class='ocrx_word' id='word_1_661' title='bbox 2813 3649 3116 3719; x_wconf 85' lang='lat' dir='ltr'><strong>perfectum</strong></span> <span class='ocrx_word' id='word_1_662' title='bbox 3176 3644 3454 3700; x_wconf 89' lang='lat' dir='ltr'><strong>hominem</strong></span> <span class='ocrx_word' id='word_1_663' title='bbox 3512 3657 3539 3694; x_wconf 91' lang='lat' dir='ltr'><strong>a</strong></span> <span class='ocrx_word' id='word_1_664' title='bbox 3588 3641 3700 3694; x_wconf 89' lang='lat' dir='ltr'><strong>Deo</strong></span> 
     </span>
    </p>
   </div>
   <div class='ocr_carea' id='block_1_81' title="bbox 2122 3731 3698 3816">
    <p class='ocr_par' dir='ltr' id='par_1_81' title="bbox 2122 3731 3698 3816">
     <span class='ocr_line' id='line_1_82' title="bbox 2122 3731 3698 3816; baseline -0.016 -8"><span class='ocrx_word' id='word_1_665' title='bbox 2122 3755 2295 3808; x_wconf 81' lang='lat' dir='ltr'><strong>\‘erbo</strong></span> <span class='ocrx_word' id='word_1_666' title='bbox 2333 3757 2667 3816; x_wconf 88' lang='lat' dir='ltr'><strong>assumptmn</strong></span> <span class='ocrx_word' id='word_1_667' title='bbox 2731 3741 2917 3794; x_wconf 82' lang='lat' dir='ltr'><strong>fuisse.</strong></span> <span class='ocrx_word' id='word_1_668' title='bbox 2980 3737 3110 3790; x_wconf 83' lang='lat' dir='ltr'><strong>Nam</strong></span> <span class='ocrx_word' id='word_1_669' title='bbox 3155 3734 3202 3790; x_wconf 88' lang='lat' dir='ltr'><strong>si</strong></span> <span class='ocrx_word' id='word_1_670' title='bbox 3255 3749 3351 3803; x_wconf 89' lang='lat' dir='ltr'><strong>pro</strong></span> <span class='ocrx_word' id='word_1_671' title='bbox 3401 3731 3698 3785; x_wconf 88' lang='lat' dir='ltr'><strong>immortali</strong></span> 
     </span>
    </p>
   </div>
   <div class='ocr_carea' id='block_1_82' title="bbox 2119 3817 3701 3908">
    <p class='ocr_par' dir='ltr' id='par_1_82' title="bbox 2119 3817 3701 3908">
     <span class='ocr_line' id='line_1_83' title="bbox 2119 3817 3701 3908; baseline -0.02 -10"><span class='ocrx_word' id='word_1_672' title='bbox 2119 3846 2321 3908; x_wconf 88' lang='lat' dir='ltr'><strong>anima,</strong></span> <span class='ocrx_word' id='word_1_673' title='bbox 2359 3840 2412 3892; x_wconf 89' lang='lat' dir='ltr'><strong>in</strong></span> <span class='ocrx_word' id='word_1_674' title='bbox 2459 3841 2741 3900; x_wconf 85' lang='lat' dir='ltr'><strong>assumpto</strong></span> <span class='ocrx_word' id='word_1_675' title='bbox 2790 3842 3017 3896; x_wconf 86' lang='lat' dir='ltr'><strong>corpore</strong></span> <span class='ocrx_word' id='word_1_676' title='bbox 3053 3825 3196 3879; x_wconf 87' lang='lat' dir='ltr'><strong>Deus</strong></span> <span class='ocrx_word' id='word_1_677' title='bbox 3243 3821 3478 3875; x_wconf 70' lang='lat' dir='ltr'><strong>Verbum</strong></span> <span class='ocrx_word' id='word_1_678' title='bbox 3530 3817 3701 3870; x_wconf 77' lang='lat' dir='ltr'><strong>exsti-</strong></span> 
     </span>
    </p>
   </div>
   <div class='ocr_carea' id='block_1_83' title="bbox 2119 3911 3701 3999">
    <p class='ocr_par' dir='ltr' id='par_1_83' title="bbox 2119 3911 3701 3999">
     <span class='ocr_line' id='line_1_84' title="bbox 2119 3911 3701 3999; baseline -0.018 -11"><span class='ocrx_word' id='word_1_679' title='bbox 2119 3938 2310 3999; x_wconf 83' lang='lat' dir='ltr'><strong>tisset,</strong></span> <span class='ocrx_word' id='word_1_680' title='bbox 2343 3929 2528 3997; x_wconf 89' lang='lat' dir='ltr'><strong>utique</strong></span> <span class='ocrx_word' id='word_1_681' title='bbox 2566 3922 2765 3978; x_wconf 72' lang='lat' dir='ltr'><strong>Judzeis</strong></span> <span class='ocrx_word' id='word_1_682' title='bbox 2816 3919 3046 3974; x_wconf 82' lang='lat' dir='ltr'><strong>dixisset</strong></span> <span class='ocrx_word' id='word_1_683' title='bbox 3095 3934 3110 3970; x_wconf 88' lang='lat'><strong>:</strong></span> <span class='ocrx_word' id='word_1_684' title='bbox 3147 3911 3439 3967; x_wconf 80' lang='lat' dir='ltr'><strong>Dissolvite</strong></span> <span class='ocrx_word' id='word_1_685' title='bbox 3479 3924 3585 3974; x_wconf 89' lang='lat' dir='ltr'><strong>me,</strong></span> <span class='ocrx_word' id='word_1_686' title='bbox 3646 3921 3701 3961; x_wconf 92' lang='lat' dir='ltr'><strong>et</strong></span> 
     </span>
    </p>
   </div>
   <div class='ocr_carea' id='block_1_84' title="bbox 2119 4000 3699 4088">
    <p class='ocr_par' dir='ltr' id='par_1_84' title="bbox 2119 4000 3699 4088">
     <span class='ocr_line' id='line_1_85' title="bbox 2119 4000 3699 4088; baseline -0.019 -6"><span class='ocrx_word' id='word_1_687' title='bbox 2119 4027 2300 4082; x_wconf 82' lang='lat' dir='ltr'><strong>triduo</strong></span> <span class='ocrx_word' id='word_1_688' title='bbox 2334 4032 2632 4088; x_wconf 78' lang='lat' dir='ltr'><strong>resurgam.</strong></span> <span class='ocrx_word' id='word_1_689' title='bbox 2668 4012 2823 4068; x_wconf 88' lang='lat' dir='ltr'><strong>Nunc</strong></span> <span class='ocrx_word' id='word_1_690' title='bbox 2847 4025 2979 4064; x_wconf 85' lang='lat' dir='ltr'><strong>vero</strong></span> <span class='ocrx_word' id='word_1_691' title='bbox 3011 4023 3133 4063; x_wconf 90' lang='lat' dir='ltr'><strong>cum</strong></span> <span class='ocrx_word' id='word_1_692' title='bbox 3162 4005 3380 4068; x_wconf 80' lang='lat' dir='ltr'><strong>doceat,</strong></span> <span class='ocrx_word' id='word_1_693' title='bbox 3411 4010 3466 4058; x_wconf 89' lang='lat' dir='ltr'><strong>et</strong></span> <span class='ocrx_word' id='word_1_694' title='bbox 3515 4000 3699 4069; x_wconf 84' lang='lat' dir='ltr'><strong>templi</strong></span> 
     </span>
    </p>
   </div>
   <div class='ocr_carea' id='block_1_85' title="bbox 2119 4093 3698 4186">
    <p class='ocr_par' dir='ltr' id='par_1_85' title="bbox 2119 4093 3698 4186">
     <span class='ocr_line' id='line_1_86' title="bbox 2119 4093 3698 4186; baseline -0.02 -11"><span class='ocrx_word' id='word_1_695' title='bbox 2119 4120 2264 4186; x_wconf 84' lang='lat' dir='ltr'><strong>illius</strong></span> <span class='ocrx_word' id='word_1_696' title='bbox 2281 4113 2752 4170; x_wconf 86' lang='lat' dir='ltr'><strong>mortalitatetn,et</strong></span> <span class='ocrx_word' id='word_1_697' title='bbox 2765 4100 3119 4184; x_wconf 75' lang='lat' dir='ltr'><strong>inhabitantis</strong></span> <span class='ocrx_word' id='word_1_698' title='bbox 3133 4097 3361 4152; x_wconf 83' lang='lat' dir='ltr'><strong>Deitatis</strong></span> <span class='ocrx_word' id='word_1_699' title='bbox 3378 4093 3671 4166; x_wconf 86' lang='lat' dir='ltr'><strong>potentiam</strong></span> <span class='ocrx_word' id='word_1_700' title='bbox 3684 4131 3698 4151; x_wconf 87' lang='lat'><strong>.</strong></span> 
     </span>
    </p>
   </div>
   <div class='ocr_carea' id='block_1_86' title="bbox 2125 4181 3704 4272">
    <p class='ocr_par' dir='ltr' id='par_1_86' title="bbox 2125 4181 3704 4272">
     <span class='ocr_line' id='line_1_87' title="bbox 2125 4181 3704 4272; baseline -0.021 -6"><span class='ocrx_word' id='word_1_701' title='bbox 2125 4231 2145 4266; x_wconf 83' lang='grc' dir='ltr'><strong>ι</strong></span> <span class='ocrx_word' id='word_1_702' title='bbox 2179 4183 2416 4272; x_wconf 79' lang='lat' dir='ltr'><strong>Solvite,</strong></span> <span class='ocrx_word' id='word_1_703' title='bbox 2449 4203 2652 4272; x_wconf 89' lang='lat' dir='ltr'><strong>inquit,</strong></span> <span class='ocrx_word' id='word_1_704' title='bbox 2672 4181 2933 4270; x_wconf 87' lang='lat' dir='ltr'><strong>templum</strong></span> <span class='ocrx_word' id='word_1_705' title='bbox 2969 4195 3096 4258; x_wconf 91' lang='lat' dir='ltr'><strong>hoc,</strong></span> <span class='ocrx_word' id='word_1_706' title='bbox 3123 4198 3178 4245; x_wconf 84' lang='lat' dir='ltr'><strong>et</strong></span> <span class='ocrx_word' id='word_1_707' title='bbox 3211 4203 3310 4260; x_wconf 79' lang='lat' dir='ltr'><strong>ego</strong></span> <span class='ocrx_word' id='word_1_708' title='bbox 3347 4188 3526 4241; x_wconf 90' lang='lat' dir='ltr'><strong>triduo</strong></span> <span class='ocrx_word' id='word_1_709' title='bbox 3551 4181 3704 4238; x_wconf 75' lang='lat' dir='ltr'><strong>exci-</strong></span> 
     </span>
    </p>
   </div>
   <div class='ocr_carea' id='block_1_87' title="bbox 2123 4277 3698 4360">
    <p class='ocr_par' dir='ltr' id='par_1_87' title="bbox 2123 4277 3698 4360">
     <span class='ocr_line' id='line_1_88' title="bbox 2123 4277 3698 4360; baseline -0.019 -1"><span class='ocrx_word' id='word_1_710' title='bbox 2123 4306 2248 4360; x_wconf 91' lang='lat' dir='ltr'><strong>tabo</strong></span> <span class='ocrx_word' id='word_1_711' title='bbox 2275 4301 2423 4356; x_wconf 86' lang='lat' dir='ltr'><strong>itlud.</strong></span> <span class='ocrx_word' id='word_1_712' title='bbox 2466 4317 2484 4349; x_wconf 76' lang='grc' dir='ltr'><strong>ι</strong></span> <span class='ocrx_word' id='word_1_713' title='bbox 2529 4295 2646 4350; x_wconf 79' lang='lat' dir='ltr'><strong>Non</strong></span> <span class='ocrx_word' id='word_1_714' title='bbox 2672 4293 2818 4348; x_wconf 88' lang='lat' dir='ltr'><strong>enim</strong></span> <span class='ocrx_word' id='word_1_715' title='bbox 2851 4303 2977 4358; x_wconf 77' lang='lat' dir='ltr'><strong>ego,</strong></span> <span class='ocrx_word' id='word_1_716' title='bbox 3007 4286 3120 4349; x_wconf 88' lang='lat' dir='ltr'><strong>ait,</strong></span> <span class='ocrx_word' id='word_1_717' title='bbox 3156 4301 3186 4338; x_wconf 89' lang='lat' dir='ltr'><strong>a</strong></span> <span class='ocrx_word' id='word_1_718' title='bbox 3217 4281 3372 4336; x_wconf 81' lang='lat' dir='ltr'><strong>vobis</strong></span> <span class='ocrx_word' id='word_1_719' title='bbox 3406 4277 3698 4340; x_wconf 86' lang='lat' dir='ltr'><strong>dissolvar,</strong></span> 
     </span>
    </p>
   </div>
   <div class='ocr_carea' id='block_1_88' title="bbox 433 4371 2018 4460">
    <p class='ocr_par' dir='ltr' id='par_1_88' title="bbox 433 4383 2018 4460">
     <span class='ocr_line' id='line_1_89' title="bbox 433 4383 2018 4460; baseline 0.001 -20"><span class='ocrx_word' id='word_1_720' title='bbox 433 4390 462 4440; x_wconf 89' lang='lat'><strong>6</strong></span> <span class='ocrx_word' id='word_1_721' title='bbox 490 4388 722 4459; x_wconf 69' lang='grc' dir='ltr'>ληφθεὶς</span> <span class='ocrx_word' id='word_1_722' title='bbox 758 4390 850 4442; x_wconf 83' lang='grc' dir='ltr'><strong>ὑπ’</strong></span> <span class='ocrx_word' id='word_1_723' title='bbox 900 4388 1037 4460; x_wconf 77' lang='grc' dir='ltr'>ἐμοῦ</span> <span class='ocrx_word' id='word_1_724' title='bbox 1079 4392 1236 4452; x_wconf 80' lang='grc' dir='ltr'>ναός·</span> <span class='ocrx_word' id='word_1_725' title='bbox 1271 4391 1366 4442; x_wconf 76' lang='grc' dir='ltr'>καὶ</span> <span class='ocrx_word' id='word_1_726' title='bbox 1400 4383 1555 4454; x_wconf 76' lang='grc' dir='ltr'>οὗτος</span> <span class='ocrx_word' id='word_1_727' title='bbox 1585 4391 1641 4444; x_wconf 80' lang='grc' dir='ltr'>δὲ</span> <span class='ocrx_word' id='word_1_728' title='bbox 1685 4391 1894 4452; x_wconf 84' lang='grc' dir='ltr'>λύεται,</span> <span class='ocrx_word' id='word_1_729' title='bbox 1932 4392 2018 4443; x_wconf 85' lang='grc' dir='ltr'>ἵνα</span> 
     </span>
    </p>
   </div>
   <div class='ocr_carea' id='block_1_89' title="bbox 2111 4371 3704 4460">
    <p class='ocr_par' dir='ltr' id='par_1_89' title="bbox 2122 4371 3704 4456">
     <span class='ocr_line' id='line_1_90' title="bbox 2122 4371 3704 4456; baseline -0.02 -3"><span class='ocrx_word' id='word_1_730' title='bbox 2122 4399 2216 4452; x_wconf 85' lang='lat' dir='ltr'><strong>sed</strong></span> <span class='ocrx_word' id='word_1_731' title='bbox 2247 4400 2582 4456; x_wconf 86' lang='lat' dir='ltr'><strong>assumptum</strong></span> <span class='ocrx_word' id='word_1_732' title='bbox 2617 4403 2647 4440; x_wconf 87' lang='lat' dir='ltr'><strong>a</strong></span> <span class='ocrx_word' id='word_1_733' title='bbox 2677 4400 2764 4439; x_wconf 90' lang='lat' dir='ltr'><strong>me</strong></span> <span class='ocrx_word' id='word_1_734' title='bbox 2797 4382 3096 4452; x_wconf 87' lang='lat' dir='ltr'><strong>templum;</strong></span> <span class='ocrx_word' id='word_1_735' title='bbox 3151 4388 3206 4432; x_wconf 93' lang='lat' dir='ltr'><strong>et</strong></span> <span class='ocrx_word' id='word_1_736' title='bbox 3233 4377 3338 4431; x_wconf 90' lang='lat' dir='ltr'><strong>hoc</strong></span> <span class='ocrx_word' id='word_1_737' title='bbox 3369 4375 3585 4443; x_wconf 88' lang='lat' dir='ltr'><strong>quidem</strong></span> <span class='ocrx_word' id='word_1_738' title='bbox 3620 4371 3704 4441; x_wconf 87' lang='lat' dir='ltr'><strong>ip-</strong></span> 
     </span>
    </p>
   </div>
   <div class='ocr_carea' id='block_1_90' title="bbox 433 4480 2017 4555">
    <p class='ocr_par' dir='ltr' id='par_1_90' title="bbox 433 4480 2017 4555">
     <span class='ocr_line' id='line_1_91' title="bbox 433 4480 2017 4555; baseline 0.004 -24"><span class='ocrx_word' id='word_1_739' title='bbox 433 4480 744 4550; x_wconf 81' lang='grc' dir='ltr'>κρείττονος</span> <span class='ocrx_word' id='word_1_740' title='bbox 789 4481 1144 4555; x_wconf 72' lang='grc' dir='ltr'>ἀναστάσεως</span> <span class='ocrx_word' id='word_1_741' title='bbox 1199 4481 1504 4552; x_wconf 82' lang='grc' dir='ltr'>ἀπολαύσῃ,</span> <span class='ocrx_word' id='word_1_742' title='bbox 1559 4481 1646 4533; x_wconf 86' lang='grc' dir='ltr'><strong>ἵνα</strong></span> <span class='ocrx_word' id='word_1_743' title='bbox 1684 4481 1783 4552; x_wconf 76' lang='grc' dir='ltr'>τὴν</span> <span class='ocrx_word' id='word_1_744' title='bbox 1816 4482 2017 4553; x_wconf 77' lang='grc' dir='ltr'>θνητὴν</span> 
     </span>
    </p>
   </div>
   <div class='ocr_carea' id='block_1_91' title="bbox 431 4571 2018 4645">
    <p class='ocr_par' dir='ltr' id='par_1_91' title="bbox 431 4571 2018 4645">
     <span class='ocr_line' id='line_1_92' title="bbox 431 4571 2018 4645; baseline 0.002 -21"><span class='ocrx_word' id='word_1_745' title='bbox 431 4571 702 4640; x_wconf 83' lang='grc' dir='ltr'>ἀπόθηται</span> <span class='ocrx_word' id='word_1_746' title='bbox 737 4572 922 4640; x_wconf 75' lang='grc' dir='ltr'>φύσιν,</span> <span class='ocrx_word' id='word_1_747' title='bbox 960 4574 1047 4626; x_wconf 87' lang='grc' dir='ltr'>ἵνα</span> <span class='ocrx_word' id='word_1_748' title='bbox 1072 4573 1172 4642; x_wconf 83' lang='grc' dir='ltr'>τὴν</span> <span class='ocrx_word' id='word_1_749' title='bbox 1199 4573 1410 4644; x_wconf 76' lang='grc' dir='ltr'>φθορὰν</span> <span class='ocrx_word' id='word_1_750' title='bbox 1443 4575 1779 4643; x_wconf 81' lang='grc' dir='ltr'>ἀποδύσηται</span> <span class='ocrx_word' id='word_1_751' title='bbox 1809 4578 1902 4627; x_wconf 70' lang='grc' dir='ltr'>καὶ</span> <span class='ocrx_word' id='word_1_752' title='bbox 1922 4576 2018 4645; x_wconf 77' lang='grc' dir='ltr'>τὴν</span> 
     </span>
    </p>
   </div>
   <div class='ocr_carea' id='block_1_92' title="bbox 431 4663 2018 4748">
    <p class='ocr_par' dir='ltr' id='par_1_92' title="bbox 431 4663 2018 4748">
     <span class='ocr_line' id='line_1_93' title="bbox 431 4663 2018 4748; baseline 0.003 -34"><span class='ocrx_word' id='word_1_753' title='bbox 431 4663 746 4734; x_wconf 75' lang='grc' dir='ltr'>ἀφθαρσίαν</span> <span class='ocrx_word' id='word_1_754' title='bbox 785 4665 1096 4748; x_wconf 74' lang='grc' dir='ltr'>ἐνδύσηται,</span> <span class='ocrx_word' id='word_1_755' title='bbox 1122 4667 1210 4719; x_wconf 80' lang='grc' dir='ltr'><strong>ἵνα</strong></span> <span class='ocrx_word' id='word_1_756' title='bbox 1243 4666 1339 4720; x_wconf 87' lang='grc' dir='ltr'><strong>τοῦ</strong></span> <span class='ocrx_word' id='word_1_757' title='bbox 1380 4667 1613 4720; x_wconf 82' lang='grc' dir='ltr'>θανάτου</span> <span class='ocrx_word' id='word_1_758' title='bbox 1646 4667 1925 4738; x_wconf 78' lang='grc' dir='ltr'>καταλύσῃ</span> <span class='ocrx_word' id='word_1_759' title='bbox 1959 4668 2018 4719; x_wconf 81' lang='grc' dir='ltr'>τὸ</span> 
     </span>
    </p>
   </div>
   <div class='ocr_carea' id='block_1_93' title="bbox 431 4756 2012 4858">
    <p class='ocr_par' dir='ltr' id='par_1_93' title="bbox 431 4756 2012 4858">
     <span class='ocr_line' id='line_1_94' title="bbox 431 4756 2012 4858; baseline 0.003 -50"><span class='ocrx_word' id='word_1_760' title='bbox 431 4757 655 4858; x_wconf 47' lang='grc' dir='ltr'>μρὰτος,</span> <span class='ocrx_word' id='word_1_761' title='bbox 693 4756 780 4808; x_wconf 82' lang='grc' dir='ltr'>ἵνα</span> <span class='ocrx_word' id='word_1_762' title='bbox 799 4757 910 4858; x_wconf 56' lang='grc' dir='ltr'>τῶν</span> <span class='ocrx_word' id='word_1_763' title='bbox 946 4758 1363 4828; x_wconf 82' lang='grc' dir='ltr'>κεκοιμημένων</span> <span class='ocrx_word' id='word_1_764' title='bbox 1386 4760 1616 4830; x_wconf 80' lang='grc' dir='ltr'>ἀπαρχὴ</span> <span class='ocrx_word' id='word_1_765' title='bbox 1646 4761 1894 4830; x_wconf 81' lang='grc' dir='ltr'>γένηται,</span> <span class='ocrx_word' id='word_1_766' title='bbox 1932 4762 2012 4812; x_wconf 78' lang='grc' dir='ltr'>ἵνα</span> 
     </span>
    </p>
   </div>
   <div class='ocr_carea' id='block_1_94' title="bbox 433 4835 2016 4922">
    <p class='ocr_par' dir='ltr' id='par_1_94' title="bbox 433 4835 2016 4922">
     <span class='ocr_line' id='line_1_95' title="bbox 433 4835 2016 4922; baseline 0.004 -24"><span class='ocrx_word' id='word_1_767' title='bbox 433 4863 598 4910; x_wconf 72' lang='grc' dir='ltr'>λύσας</span> <span class='ocrx_word' id='word_1_768' title='bbox 630 4848 730 4915; x_wconf 80' lang='grc' dir='ltr'>τῆς</span> <span class='ocrx_word' id='word_1_769' title='bbox 755 4835 962 4919; x_wconf 56' lang='grc' dir='ltr'>φθορᾶς</span> <span class='ocrx_word' id='word_1_770' title='bbox 991 4849 1089 4914; x_wconf 76' lang='grc' dir='ltr'><strong>τὰς</strong></span> <span class='ocrx_word' id='word_1_771' title='bbox 1126 4850 1321 4914; x_wconf 82' lang='grc' dir='ltr'>ὠδῖνας</span> <span class='ocrx_word' id='word_1_772' title='bbox 1353 4852 1643 4922; x_wconf 82' lang='grc' dir='ltr'>άναδειχθῇ</span> <span class='ocrx_word' id='word_1_773' title='bbox 1669 4854 1776 4906; x_wconf 78' lang='grc' dir='ltr'>τῶν</span> <span class='ocrx_word' id='word_1_774' title='bbox 1806 4854 2016 4920; x_wconf 81' lang='grc' dir='ltr'>νεκρῶν</span> 
     </span>
    </p>
   </div>
   <div class='ocr_carea' id='block_1_95' title="bbox 433 4939 2014 5041">
    <p class='ocr_par' dir='ltr' id='par_1_95' title="bbox 433 4939 2014 5011">
     <span class='ocr_line' id='line_1_96' title="bbox 433 4939 2014 5011; baseline 0.007 -24"><span class='ocrx_word' id='word_1_775' title='bbox 433 4939 802 5006; x_wconf 73' lang='grc' dir='ltr'>πρωτότοκος,</span> <span class='ocrx_word' id='word_1_776' title='bbox 833 4941 927 4994; x_wconf 73' lang='grc' dir='ltr'>καὶ</span> <span class='ocrx_word' id='word_1_777' title='bbox 955 4941 1042 4994; x_wconf 84' lang='grc' dir='ltr'><strong>διὰ</strong></span> <span class='ocrx_word' id='word_1_778' title='bbox 1078 4943 1176 5011; x_wconf 81' lang='grc' dir='ltr'>τῆς</span> <span class='ocrx_word' id='word_1_779' title='bbox 1202 4941 1410 5006; x_wconf 82' lang='grc' dir='ltr'>οἰκείας</span> <span class='ocrx_word' id='word_1_780' title='bbox 1450 4944 1801 5008; x_wconf 84' lang='grc' dir='ltr'>ἀναστάσεως</span> <span class='ocrx_word' id='word_1_781' title='bbox 1855 4946 2014 5011; x_wconf 76' lang='grc' dir='ltr'>εὐαγ-</span> 
     </span>
    </p>
   </div>
   <div class='ocr_carea' id='block_1_96' title="bbox 435 5031 1764 5103">
    <p class='ocr_par' dir='ltr' id='par_1_96' title="bbox 435 5031 1764 5103">
     <span class='ocr_line' id='line_1_97' title="bbox 435 5031 1764 5103; baseline 0.007 -25"><span class='ocrx_word' id='word_1_782' title='bbox 435 5031 714 5099; x_wconf 80' lang='grc' dir='ltr'>γελίσηται</span> <span class='ocrx_word' id='word_1_783' title='bbox 745 5032 847 5096; x_wconf 76' lang='grc' dir='ltr'>τὴν</span> <span class='ocrx_word' id='word_1_784' title='bbox 873 5032 1091 5086; x_wconf 80' lang='grc' dir='ltr'>πάντων</span> <span class='ocrx_word' id='word_1_785' title='bbox 1121 5031 1425 5103; x_wconf 81' lang='grc' dir='ltr'>ἀνθρώπων</span> <span class='ocrx_word' id='word_1_786' title='bbox 1450 5035 1764 5089; x_wconf 81' lang='grc' dir='ltr'>ἀνάστασιν.</span> 
     </span>
    </p>
   </div>
   <div class='ocr_carea' id='block_1_97' title="bbox 873 5216 1579 5290">
    <p class='ocr_par' dir='ltr' id='par_1_97' title="bbox 873 5216 1579 5290">
     <span class='ocr_line' id='line_1_98' title="bbox 873 5216 1579 5290; baseline 0.008 -21"><span class='ocrx_word' id='word_1_787' title='bbox 873 5218 968 5270; x_wconf 81' lang='grc' dir='ltr'>Ἐκ</span> <span class='ocrx_word' id='word_1_788' title='bbox 999 5216 1106 5270; x_wconf 86' lang='grc' dir='ltr'><strong>τοῦ</strong></span> <span class='ocrx_word' id='word_1_789' title='bbox 1148 5219 1337 5273; x_wconf 81' lang='grc' dir='ltr'>αὑτοῦ</span> <span class='ocrx_word' id='word_1_790' title='bbox 1367 5221 1579 5290; x_wconf 71' lang='grc' dir='ltr'>λόγου.</span> 
     </span>
    </p>
   </div>
   <div class='ocr_carea' id='block_1_98' title="bbox 507 5309 2020 5384">
    <p class='ocr_par' dir='ltr' id='par_1_98' title="bbox 507 5309 2020 5384">
     <span class='ocr_line' id='line_1_99' title="bbox 507 5309 2020 5384; baseline 0.005 -19"><span class='ocrx_word' id='word_1_791' title='bbox 507 5309 623 5366; x_wconf 81' lang='grc' dir='ltr'>Ὅτι</span> <span class='ocrx_word' id='word_1_792' title='bbox 657 5311 712 5364; x_wconf 78' lang='grc' dir='ltr'>δὲ</span> <span class='ocrx_word' id='word_1_793' title='bbox 743 5310 918 5365; x_wconf 75' lang='grc' dir='ltr'>ταῦτα</span> <span class='ocrx_word' id='word_1_794' title='bbox 946 5311 1118 5374; x_wconf 73' lang='grc' dir='ltr'>οὕτως</span> <span class='ocrx_word' id='word_1_795' title='bbox 1153 5312 1290 5382; x_wconf 82' lang='grc' dir='ltr'>ἔχει,</span> <span class='ocrx_word' id='word_1_796' title='bbox 1329 5318 1604 5384; x_wconf 78' lang='grc' dir='ltr'>μαρτυρεῖ</span> <span class='ocrx_word' id='word_1_797' title='bbox 1639 5317 1748 5369; x_wconf 77' lang='grc' dir='ltr'><strong>τῶν</strong></span> <span class='ocrx_word' id='word_1_798' title='bbox 1781 5319 2020 5372; x_wconf 70' lang='grc' dir='ltr'>ἀποστό-</span> 
     </span>
    </p>
   </div>
   <div class='ocr_carea' id='block_1_99' title="bbox 428 5399 2020 5479">
    <p class='ocr_par' dir='ltr' id='par_1_99' title="bbox 428 5399 2020 5479">
     <span class='ocr_line' id='line_1_100' title="bbox 428 5399 2020 5479; baseline 0.004 -21"><span class='ocrx_word' id='word_1_799' title='bbox 428 5406 539 5459; x_wconf 80' lang='grc' dir='ltr'><strong>λων</strong></span> <span class='ocrx_word' id='word_1_800' title='bbox 587 5407 615 5458; x_wconf 91' lang='lat'><strong>6</strong></span> <span class='ocrx_word' id='word_1_801' title='bbox 670 5409 970 5476; x_wconf 80' lang='grc' dir='ltr'>κορυφαῖος</span> <span class='ocrx_word' id='word_1_802' title='bbox 1017 5408 1076 5461; x_wconf 82' lang='grc' dir='ltr'>ἐν</span> <span class='ocrx_word' id='word_1_803' title='bbox 1108 5411 1228 5472; x_wconf 80' lang='grc' dir='ltr'>ταῖς</span> <span class='ocrx_word' id='word_1_804' title='bbox 1278 5409 1520 5478; x_wconf 77' lang='grc' dir='ltr'>Πράξεσι</span> <span class='ocrx_word' id='word_1_805' title='bbox 1561 5399 1760 5479; x_wconf 72' lang='grc' dir='ltr'>λέγων,</span> <span class='ocrx_word' id='word_1_806' title='bbox 1795 5412 1879 5465; x_wconf 77' lang='grc' dir='ltr'>ὅτι</span> <span class='ocrx_word' id='word_1_807' title='bbox 1918 5414 2020 5466; x_wconf 77' lang='grc' dir='ltr'>οὐκ</span> 
     </span>
    </p>
   </div>
   <div class='ocr_carea' id='block_1_100' title="bbox 426 5499 2019 5578">
    <p class='ocr_par' dir='ltr' id='par_1_100' title="bbox 426 5499 2019 5578">
     <span class='ocr_line' id='line_1_101' title="bbox 426 5499 2019 5578; baseline 0.002 -25"><span class='ocrx_word' id='word_1_808' title='bbox 426 5499 824 5568; x_wconf 77' lang='grc' dir='ltr'>ἐγκατελείφθη</span> <span class='ocrx_word' id='word_1_809' title='bbox 878 5502 912 5569; x_wconf 79' lang='grc' dir='ltr'><strong>ἡ</strong></span> <span class='ocrx_word' id='word_1_810' title='bbox 958 5499 1106 5571; x_wconf 75' lang='grc' dir='ltr'>ψυχὴ</span> <span class='ocrx_word' id='word_1_811' title='bbox 1149 5502 1315 5556; x_wconf 73' lang='grc' dir='ltr'>αὐτοῦ</span> <span class='ocrx_word' id='word_1_812' title='bbox 1348 5504 1429 5566; x_wconf 72' lang='grc' dir='ltr'><strong>εἰς</strong></span> <span class='ocrx_word' id='word_1_813' title='bbox 1479 5503 1636 5575; x_wconf 74' lang='grc' dir='ltr'>ᾆδον,</span> <span class='ocrx_word' id='word_1_814' title='bbox 1669 5505 1790 5558; x_wconf 80' lang='grc' dir='ltr'>οὐδὲ</span> <span class='ocrx_word' id='word_1_815' title='bbox 1818 5509 1849 5577; x_wconf 80' lang='grc' dir='ltr'>ἡ</span> <span class='ocrx_word' id='word_1_816' title='bbox 1881 5508 2019 5578; x_wconf 72' lang='grc' dir='ltr'>σὰρξ</span> 
     </span>
    </p>
   </div>
   <div class='ocr_carea' id='block_1_101' title="bbox 430 5587 2014 5668">
    <p class='ocr_par' dir='ltr' id='par_1_101' title="bbox 430 5587 2014 5668">
     <span class='ocr_line' id='line_1_102' title="bbox 430 5587 2014 5668; baseline 0.006 -23"><span class='ocrx_word' id='word_1_817' title='bbox 430 5591 600 5645; x_wconf 68' lang='grc' dir='ltr'>αὐτοῦ</span> <span class='ocrx_word' id='word_1_818' title='bbox 646 5587 752 5645; x_wconf 73' lang='grc' dir='ltr'>οἶδε</span> <span class='ocrx_word' id='word_1_819' title='bbox 799 5593 1124 5663; x_wconf 76' lang='grc' dir='ltr'>διαφθοράν.</span> <span class='ocrx_word' id='word_1_820' title='bbox 1158 5596 1330 5660; x_wconf 83' lang='grc' dir='ltr'>Λύσις</span> <span class='ocrx_word' id='word_1_821' title='bbox 1380 5597 1676 5668; x_wconf 77' lang='grc' dir='ltr'>τοιγαροῦν</span> <span class='ocrx_word' id='word_1_822' title='bbox 1723 5598 1816 5652; x_wconf 84' lang='grc' dir='ltr'><strong>τοῦ</strong></span> <span class='ocrx_word' id='word_1_823' title='bbox 1863 5602 2014 5665; x_wconf 79' lang='grc' dir='ltr'>ναοῦ,</span> 
     </span>
    </p>
   </div>
   <div class='ocr_carea' id='block_1_102' title="bbox 2123 4467 3711 4546">
    <p class='ocr_par' dir='ltr' id='par_1_102' title="bbox 2123 4467 3711 4546">
     <span class='ocr_line' id='line_1_103' title="bbox 2123 4467 3711 4546; baseline -0.015 -5"><span class='ocrx_word' id='word_1_824' title='bbox 2123 4505 2242 4546; x_wconf 90' lang='lat' dir='ltr'><strong>sum</strong></span> <span class='ocrx_word' id='word_1_825' title='bbox 2275 4487 2346 4539; x_wconf 87' lang='lat' dir='ltr'><strong>ita</strong></span> <span class='ocrx_word' id='word_1_826' title='bbox 2375 4479 2690 4536; x_wconf 85' lang='lat' dir='ltr'><strong>dissolvitur</strong></span> <span class='ocrx_word' id='word_1_827' title='bbox 2720 4516 2735 4538; x_wconf 90' lang='lat'><strong>,</strong></span> <span class='ocrx_word' id='word_1_828' title='bbox 2771 4485 2828 4528; x_wconf 91' lang='lat' dir='ltr'><strong>ut</strong></span> <span class='ocrx_word' id='word_1_829' title='bbox 2862 4472 3089 4526; x_wconf 87' lang='lat' dir='ltr'><strong>meliore</strong></span> <span class='ocrx_word' id='word_1_830' title='bbox 3123 4467 3525 4523; x_wconf 84' lang='lat' dir='ltr'><strong>resurrectione</strong></span> <span class='ocrx_word' id='word_1_831' title='bbox 3553 4474 3711 4534; x_wconf 77' lang='lat' dir='ltr'><strong>post-</strong></span> 
     </span>
    </p>
   </div>
   <div class='ocr_carea' id='block_1_103' title="bbox 2123 4565 3706 4637">
    <p class='ocr_par' dir='ltr' id='par_1_103' title="bbox 2123 4565 3706 4637">
     <span class='ocr_line' id='line_1_104' title="bbox 2123 4565 3706 4637; baseline -0.02 0"><span class='ocrx_word' id='word_1_832' title='bbox 2123 4597 2184 4637; x_wconf 86' lang='lat' dir='ltr'><strong>ea</strong></span> <span class='ocrx_word' id='word_1_833' title='bbox 2227 4579 2461 4636; x_wconf 78' lang='lat' dir='ltr'><strong>fruatur,</strong></span> <span class='ocrx_word' id='word_1_834' title='bbox 2494 4582 2549 4624; x_wconf 94' lang='lat' dir='ltr'><strong>ut</strong></span> <span class='ocrx_word' id='word_1_835' title='bbox 2577 4566 2865 4622; x_wconf 86' lang='lat' dir='ltr'><strong>mortalem</strong></span> <span class='ocrx_word' id='word_1_836' title='bbox 2897 4565 3135 4628; x_wconf 86' lang='lat' dir='ltr'><strong>deponat</strong></span> <span class='ocrx_word' id='word_1_837' title='bbox 3172 4569 3448 4620; x_wconf 80' lang='lat' dir='ltr'><strong>naturam,</strong></span> <span class='ocrx_word' id='word_1_838' title='bbox 3489 4566 3547 4608; x_wconf 90' lang='lat' dir='ltr'><strong>ttt</strong></span> <span class='ocrx_word' id='word_1_839' title='bbox 3580 4569 3706 4608; x_wconf 82' lang='lat' dir='ltr'><strong>cor-</strong></span> 
     </span>
    </p>
   </div>
   <div class='ocr_carea' id='block_1_104' title="bbox 2115 4639 3708 4722">
    <p class='ocr_par' dir='ltr' id='par_1_104' title="bbox 2115 4639 3708 4722">
     <span class='ocr_line' id='line_1_105' title="bbox 2115 4639 3708 4722; baseline -0.009 -17"><span class='ocrx_word' id='word_1_840' title='bbox 2115 4652 2426 4722; x_wconf 88' lang='lat' dir='ltr'><strong>ruptionem</strong></span> <span class='ocrx_word' id='word_1_841' title='bbox 2481 4655 2646 4701; x_wconf 83' lang='lat' dir='ltr'><strong>exuat</strong></span> <span class='ocrx_word' id='word_1_842' title='bbox 2703 4655 2759 4700; x_wconf 89' lang='lat' dir='ltr'><strong>et</strong></span> <span class='ocrx_word' id='word_1_843' title='bbox 2811 4643 3004 4699; x_wconf 89' lang='lat' dir='ltr'><strong>induat</strong></span> <span class='ocrx_word' id='word_1_844' title='bbox 3067 4639 3584 4708; x_wconf 89' lang='lat' dir='ltr'><strong>incorruptionem,</strong></span> <span class='ocrx_word' id='word_1_845' title='bbox 3643 4646 3708 4694; x_wconf 87' lang='lat' dir='ltr'><strong>ut</strong></span> 
     </span>
    </p>
   </div>
   <div class='ocr_carea' id='block_1_105' title="bbox 2117 4728 3712 4809">
    <p class='ocr_par' dir='ltr' id='par_1_105' title="bbox 2117 4728 3712 4809">
     <span class='ocr_line' id='line_1_106' title="bbox 2117 4728 3712 4809; baseline -0.009 -13"><span class='ocrx_word' id='word_1_846' title='bbox 2117 4744 2312 4797; x_wconf 88' lang='lat' dir='ltr'><strong>mortis</strong></span> <span class='ocrx_word' id='word_1_847' title='bbox 2375 4739 2666 4809; x_wconf 85' lang='lat' dir='ltr'><strong>imperium</strong></span> <span class='ocrx_word' id='word_1_848' title='bbox 2728 4737 3001 4799; x_wconf 77' lang='lat' dir='ltr'><strong>destruat,</strong></span> <span class='ocrx_word' id='word_1_849' title='bbox 3049 4745 3111 4787; x_wconf 89' lang='lat' dir='ltr'><strong>ut</strong></span> <span class='ocrx_word' id='word_1_850' title='bbox 3161 4731 3252 4786; x_wconf 78' lang='lat' dir='ltr'><strong>tiat</strong></span> <span class='ocrx_word' id='word_1_851' title='bbox 3314 4728 3712 4784; x_wconf 84' lang='lat' dir='ltr'><strong>dormientium</strong></span> 
     </span>
    </p>
   </div>
   <div class='ocr_carea' id='block_1_106' title="bbox 2120 4820 3713 4907">
    <p class='ocr_par' dir='ltr' id='par_1_106' title="bbox 2120 4820 3713 4907">
     <span class='ocr_line' id='line_1_107' title="bbox 2120 4820 3713 4907; baseline -0.008 -20"><span class='ocrx_word' id='word_1_852' title='bbox 2120 4837 2399 4907; x_wconf 69' lang='lat' dir='ltr'><strong>primitiae,</strong></span> <span class='ocrx_word' id='word_1_853' title='bbox 2460 4843 2521 4886; x_wconf 84' lang='lat' dir='ltr'><strong>ut</strong></span> <span class='ocrx_word' id='word_1_854' title='bbox 2576 4827 2948 4898; x_wconf 86' lang='lat' dir='ltr'><strong>corruptionis</strong></span> <span class='ocrx_word' id='word_1_855' title='bbox 3011 4825 3294 4880; x_wconf 83' lang='lat' dir='ltr'><strong>doloribus</strong></span> <span class='ocrx_word' id='word_1_856' title='bbox 3351 4820 3549 4878; x_wconf 76' lang='lat' dir='ltr'><strong>solutis</strong></span> <span class='ocrx_word' id='word_1_857' title='bbox 3611 4837 3713 4891; x_wconf 83' lang='lat' dir='ltr'><strong>ap-</strong></span> 
     </span>
    </p>
   </div>
   <div class='ocr_carea' id='block_1_107' title="bbox 2123 4917 3716 5000">
    <p class='ocr_par' dir='ltr' id='par_1_107' title="bbox 2123 4917 3716 5000">
     <span class='ocr_line' id='line_1_108' title="bbox 2123 4917 3716 5000; baseline -0.009 -16"><span class='ocrx_word' id='word_1_858' title='bbox 2123 4939 2313 5000; x_wconf 90' lang='lat' dir='ltr'><strong>pareat</strong></span> <span class='ocrx_word' id='word_1_859' title='bbox 2343 4937 2684 4980; x_wconf 89' lang='lat' dir='ltr'><strong>mortuorum</strong></span> <span class='ocrx_word' id='word_1_860' title='bbox 2721 4919 3146 4991; x_wconf 78' lang='lat' dir='ltr'><strong>primogenitus.</strong></span> <span class='ocrx_word' id='word_1_861' title='bbox 3190 4928 3243 4974; x_wconf 87' lang='lat' dir='ltr'><strong>et</strong></span> <span class='ocrx_word' id='word_1_862' title='bbox 3273 4917 3494 4988; x_wconf 86' lang='lat' dir='ltr'><strong>propria</strong></span> <span class='ocrx_word' id='word_1_863' title='bbox 3526 4930 3716 4971; x_wconf 88' lang='lat' dir='ltr'><strong>resur-</strong></span> 
     </span>
    </p>
   </div>
   <div class='ocr_carea' id='block_1_108' title="bbox 2121 5012 3718 5079">
    <p class='ocr_par' dir='ltr' id='par_1_108' title="bbox 2121 5012 3718 5079">
     <span class='ocr_line' id='line_1_109' title="bbox 2121 5012 3718 5079; baseline -0.011 -1"><span class='ocrx_word' id='word_1_864' title='bbox 2121 5023 2367 5078; x_wconf 81' lang='lat' dir='ltr'><strong>reCIione</strong></span> <span class='ocrx_word' id='word_1_865' title='bbox 2410 5017 2656 5074; x_wconf 88' lang='lat' dir='ltr'><strong>otnnimn</strong></span> <span class='ocrx_word' id='word_1_866' title='bbox 2718 5017 3001 5069; x_wconf 83' lang='lat' dir='ltr'><strong>hominum</strong></span> <span class='ocrx_word' id='word_1_867' title='bbox 3069 5012 3529 5070; x_wconf 83' lang='lat' dir='ltr'><strong>resurrectionem</strong></span> <span class='ocrx_word' id='word_1_868' title='bbox 3589 5024 3718 5079; x_wconf 83' lang='lat' dir='ltr'><strong>por-</strong></span> 
     </span>
    </p>
   </div>
   <div class='ocr_carea' id='block_1_109' title="bbox 2125 5116 2754 5171">
    <p class='ocr_par' dir='ltr' id='par_1_109' title="bbox 2125 5116 2754 5171">
     <span class='ocr_line' id='line_1_110' title="bbox 2125 5116 2754 5171; baseline -0.006 -3"><span class='ocrx_word' id='word_1_869' title='bbox 2125 5116 2332 5170; x_wconf 83' lang='lat' dir='ltr'><strong>tendat.</strong></span> <span class='ocrx_word' id='word_1_870' title='bbox 2749 5166 2754 5171; x_wconf 78' lang='grc'><strong>,</strong></span> 
     </span>
    </p>
   </div>
   <div class='ocr_carea' id='block_1_110' title="bbox 2623 5201 3214 5258">
    <p class='ocr_par' dir='ltr' id='par_1_110' title="bbox 2623 5201 3214 5258">
     <span class='ocr_line' id='line_1_111' title="bbox 2623 5201 3214 5258; baseline 0 -4"><span class='ocrx_word' id='word_1_871' title='bbox 2623 5205 2704 5258; x_wconf 79' lang='lat' dir='ltr'><strong>Ea:</strong></span> <span class='ocrx_word' id='word_1_872' title='bbox 2737 5203 2919 5256; x_wconf 84' lang='lat' dir='ltr'><strong>eadem</strong></span> <span class='ocrx_word' id='word_1_873' title='bbox 2949 5201 3214 5256; x_wconf 75' lang='lat' dir='ltr'><strong>oratione.</strong></span> 
     </span>
    </p>
   </div>
   <div class='ocr_carea' id='block_1_111' title="bbox 2197 5294 3718 5362">
    <p class='ocr_par' dir='ltr' id='par_1_111' title="bbox 2197 5294 3718 5362">
     <span class='ocr_line' id='line_1_112' title="bbox 2197 5294 3718 5362; baseline -0.009 -11"><span class='ocrx_word' id='word_1_874' title='bbox 2197 5297 2350 5362; x_wconf 80' lang='lat' dir='ltr'><strong>Quod</strong></span> <span class='ocrx_word' id='word_1_875' title='bbox 2399 5307 2581 5351; x_wconf 90' lang='lat' dir='ltr'><strong>autem</strong></span> <span class='ocrx_word' id='word_1_876' title='bbox 2612 5295 2728 5349; x_wconf 70' lang='lat' dir='ltr'><strong>haec</strong></span> <span class='ocrx_word' id='word_1_877' title='bbox 2776 5296 2850 5348; x_wconf 90' lang='lat' dir='ltr'><strong>ita</strong></span> <span class='ocrx_word' id='word_1_878' title='bbox 2883 5310 2943 5350; x_wconf 91' lang='lat' dir='ltr'><strong>se</strong></span> <span class='ocrx_word' id='word_1_879' title='bbox 2998 5294 3253 5353; x_wconf 85' lang='lat' dir='ltr'><strong>habeant,</strong></span> <span class='ocrx_word' id='word_1_880' title='bbox 3293 5297 3529 5344; x_wconf 85' lang='lat' dir='ltr'><strong>testatur</strong></span> <span class='ocrx_word' id='word_1_881' title='bbox 3580 5300 3718 5354; x_wconf 84' lang='lat' dir='ltr'><strong>apo-</strong></span> 
     </span>
    </p>
   </div>
   <div class='ocr_carea' id='block_1_112' title="bbox 2124 5381 3719 5462">
    <p class='ocr_par' dir='ltr' id='par_1_112' title="bbox 2124 5381 3719 5462">
     <span class='ocr_line' id='line_1_113' title="bbox 2124 5381 3719 5462; baseline -0.008 -15"><span class='ocrx_word' id='word_1_882' title='bbox 2124 5397 2388 5449; x_wconf 85' lang='lat' dir='ltr'><strong>stolorum</strong></span> <span class='ocrx_word' id='word_1_883' title='bbox 2418 5394 2675 5462; x_wconf 87' lang='lat' dir='ltr'><strong>princeps</strong></span> <span class='ocrx_word' id='word_1_884' title='bbox 2706 5390 2760 5444; x_wconf 90' lang='lat' dir='ltr'><strong>in</strong></span> <span class='ocrx_word' id='word_1_885' title='bbox 2787 5390 3012 5444; x_wconf 82' lang='lat' dir='ltr'><strong>Actibus</strong></span> <span class='ocrx_word' id='word_1_886' title='bbox 3046 5390 3255 5453; x_wconf 83' lang='lat' dir='ltr'><strong>dicens,</strong></span> <span class='ocrx_word' id='word_1_887' title='bbox 3281 5399 3391 5439; x_wconf 91' lang='lat' dir='ltr'><strong>non</strong></span> <span class='ocrx_word' id='word_1_888' title='bbox 3425 5381 3593 5436; x_wconf 76' lang='lat' dir='ltr'><strong>fuisse</strong></span> <span class='ocrx_word' id='word_1_889' title='bbox 3619 5382 3719 5435; x_wconf 79' lang='lat' dir='ltr'><strong>de-</strong></span> 
     </span>
    </p>
   </div>
   <div class='ocr_carea' id='block_1_113' title="bbox 2125 5479 3715 5551">
    <p class='ocr_par' dir='ltr' id='par_1_113' title="bbox 2125 5479 3715 5551">
     <span class='ocr_line' id='line_1_114' title="bbox 2125 5479 3715 5551; baseline -0.009 -13"><span class='ocrx_word' id='word_1_890' title='bbox 2125 5485 2370 5539; x_wconf 87' lang='lat' dir='ltr'><strong>relictam</strong></span> <span class='ocrx_word' id='word_1_891' title='bbox 2418 5483 2657 5536; x_wconf 87' lang='lat' dir='ltr'><strong>animam</strong></span> <span class='ocrx_word' id='word_1_892' title='bbox 2703 5481 2820 5551; x_wconf 78' lang='lat' dir='ltr'><strong>ejus</strong></span> <span class='ocrx_word' id='word_1_893' title='bbox 2865 5482 2917 5535; x_wconf 93' lang='lat' dir='ltr'><strong>in</strong></span> <span class='ocrx_word' id='word_1_894' title='bbox 2973 5479 3213 5537; x_wconf 71' lang='lat' dir='ltr'><strong>inferno,</strong></span> <span class='ocrx_word' id='word_1_895' title='bbox 3257 5487 3436 5544; x_wconf 90' lang='lat' dir='ltr'><strong>neque</strong></span> <span class='ocrx_word' id='word_1_896' title='bbox 3493 5485 3715 5524; x_wconf 88' lang='lat' dir='ltr'><strong>carnem</strong></span> 
     </span>
    </p>
   </div>
   <div class='ocr_carea' id='block_1_114' title="bbox 2123 5563 3719 5648">
    <p class='ocr_par' dir='ltr' id='par_1_114' title="bbox 2123 5563 3719 5648">
     <span class='ocr_line' id='line_1_115' title="bbox 2123 5563 3719 5648; baseline -0.008 -16"><span class='ocrx_word' id='word_1_897' title='bbox 2123 5579 2242 5648; x_wconf 87' lang='lat' dir='ltr'><strong>ejus</strong></span> <span class='ocrx_word' id='word_1_898' title='bbox 2265 5577 2464 5632; x_wconf 86' lang='lat' dir='ltr'><strong>vidisse</strong></span> <span class='ocrx_word' id='word_1_899' title='bbox 2487 5577 2893 5646; x_wconf 88' lang='lat' dir='ltr'><strong>corruptionem</strong></span> <span class='ocrx_word' id='word_1_900' title='bbox 2915 5573 2956 5626; x_wconf 78' lang='grc'><strong>⁵.</strong></span> <span class='ocrx_word' id='word_1_901' title='bbox 2997 5569 3208 5639; x_wconf 83' lang='lat' dir='ltr'><strong>Templi</strong></span> <span class='ocrx_word' id='word_1_902' title='bbox 3242 5583 3373 5637; x_wconf 80' lang='lat' dir='ltr'><strong>ergo</strong></span> <span class='ocrx_word' id='word_1_903' title='bbox 3401 5563 3601 5621; x_wconf 90' lang='lat' dir='ltr'><strong>solutio</strong></span> <span class='ocrx_word' id='word_1_904' title='bbox 3631 5570 3719 5619; x_wconf 74' lang='lat' dir='ltr'><strong>est</strong></span> 
     </span>
    </p>
   </div>
   <div class='ocr_carea' id='block_1_115' title="bbox 505 5751 2018 5854">
    <p class='ocr_par' dir='ltr' id='par_1_115' title="bbox 505 5751 1999 5854">
     <span class='ocr_line' id='line_1_116' title="bbox 505 5751 1999 5854; baseline 0.002 -9"><span class='ocrx_word' id='word_1_905' title='bbox 505 5796 520 5826; x_wconf 81' lang='grc'><strong>⁸</strong></span> <span class='ocrx_word' id='word_1_906' title='bbox 569 5793 610 5846; x_wconf 90' lang='lat' dir='ltr'><strong>ll</strong></span> <span class='ocrx_word' id='word_1_907' title='bbox 639 5794 765 5850; x_wconf 78' lang='lat' dir='ltr'><strong>Cor.</strong></span> <span class='ocrx_word' id='word_1_908' title='bbox 802 5813 852 5853; x_wconf 82' lang='grc' dir='ltr'><strong>ν.</strong></span> <span class='ocrx_word' id='word_1_909' title='bbox 881 5793 972 5845; x_wconf 70' lang='lat'><strong>2|.</strong></span> <span class='ocrx_word' id='word_1_910' title='bbox 1041 5793 1060 5822; x_wconf 79' lang='grc'>³</span> <span class='ocrx_word' id='word_1_911' title='bbox 1094 5789 1321 5846; x_wconf 77' lang='lat' dir='ltr'><strong>Malacb.</strong></span> <span class='ocrx_word' id='word_1_912' title='bbox 1350 5807 1432 5854; x_wconf 86' lang='grc' dir='ltr'>ιιι,</span> <span class='ocrx_word' id='word_1_913' title='bbox 1459 5791 1511 5846; x_wconf 81' lang='lat'><em>6.</em></span> <span class='ocrx_word' id='word_1_914' title='bbox 1588 5792 1608 5823; x_wconf 86' lang='grc'><em>³</em></span> <span class='ocrx_word' id='word_1_915' title='bbox 1633 5788 1792 5848; x_wconf 77' lang='lat' dir='ltr'><strong>Joan.</strong></span> <span class='ocrx_word' id='word_1_916' title='bbox 1837 5809 1875 5854; x_wconf 89' lang='grc' dir='ltr'><strong>ι,</strong></span> <span class='ocrx_word' id='word_1_917' title='bbox 1907 5751 1999 5848; x_wconf 55' lang='grc' dir='ltr'><strong>έ9.</strong></span> 
     </span>
    </p>
   </div>
   <div class='ocr_carea' id='block_1_116' title="bbox 2111 5751 3427 5854">
    <p class='ocr_par' dir='ltr' id='par_1_116' title="bbox 2122 5777 3427 5853">
     <span class='ocr_line' id='line_1_117' title="bbox 2122 5777 3427 5853; baseline -0.015 -5"><span class='ocrx_word' id='word_1_918' title='bbox 2122 5791 2280 5849; x_wconf 75' lang='lat' dir='ltr'><strong>Joau.</strong></span> <span class='ocrx_word' id='word_1_919' title='bbox 2315 5809 2352 5853; x_wconf 82' lang='grc' dir='ltr'><strong>ι,</strong></span> <span class='ocrx_word' id='word_1_920' title='bbox 2397 5792 2480 5846; x_wconf 75' lang='grc'><strong>14.</strong></span> <span class='ocrx_word' id='word_1_921' title='bbox 2557 5793 2572 5822; x_wconf 79' lang='grc'><strong><em>⁵</em></strong></span> <span class='ocrx_word' id='word_1_922' title='bbox 2602 5787 2760 5843; x_wconf 78' lang='lat' dir='ltr'><strong>Joan.</strong></span> <span class='ocrx_word' id='word_1_923' title='bbox 2788 5801 2820 5838; x_wconf 89' lang='grc' dir='ltr'><strong>ιι</strong></span> <span class='ocrx_word' id='word_1_924' title='bbox 2844 5825 2858 5849; x_wconf 85' lang='grc'><strong>,</strong></span> <span class='ocrx_word' id='word_1_925' title='bbox 2892 5781 2974 5836; x_wconf 77' lang='lat' dir='ltr'><strong>i9.</strong></span> <span class='ocrx_word' id='word_1_926' title='bbox 3043 5781 3065 5812; x_wconf 81' lang='grc'><strong>⁸</strong></span> <span class='ocrx_word' id='word_1_927' title='bbox 3098 5780 3218 5836; x_wconf 78' lang='lat' dir='ltr'><strong>Act.</strong></span> <span class='ocrx_word' id='word_1_928' title='bbox 3254 5777 3427 5844; x_wconf 73' lang='lat'><strong>&quot;,27.</strong></span> 
     </span>
    </p>
   </div>
  </div>
