4082 6430
409 288 509 357 92-1

1625 294 2009 357 EUTIIYMII
2048 293 2412 357 ZIGABENI

3560 293 3671 361 912

406 424 606 480 anima:
644 434 674 474 ιι
708 432 935 490 corpore
963 414 1235 487 separatio
1270 430 1284 479 ;
1334 413 1683 484 vicissimque
1733 428 1981 469 resurre-

2092 418 2264 490 ψυχῆς
2295 420 2389 473 καὶ
2418 418 2671 490 σώματος
2693 422 3007 493 χωρισμός·
3034 422 3128 476 καὶ
3152 422 3317 477 πάλιν
3349 424 3663 494 ἀνάστασις,

407 518 516 573 ctio
538 522 631 571 est
661 514 728 569 ad
766 510 1040 584 propriam
1087 523 1309 564 carnem
1351 507 1577 562 reditus.
1633 506 1689 562 Si
1725 521 1887 579 ergo,
1931 517 1986 562 ut

407 610 680 667 haereseos
731 602 1067 674 antesignani
1127 600 1301 662 aiunt.
1359 598 1572 654 animas
1625 598 1764 654 duas
1813 614 1984 654 unus-

406 702 637 771 quisque
668 699 831 754 homo
862 692 1056 761 liabet,
1078 691 1298 748 vitalem
1325 691 1602 747 seilicetet
1638 690 1980 756 rationalem,

405 801 462 848 ct
492 805 559 847 ne
587 804 715 845 caro
739 787 956 858 quidem
980 785 1187 855 absque
1211 782 1362 837 vitali
1398 783 1581 836 anima
1617 782 1844 853 cogitari
1880 799 1976 836 un-

405 896 566 952 quam
581 886 792 948 potest;
818 892 940 930 nam
958 888 1173 942 corpus,
1194 887 1299 928 non
1324 886 1474 936 caro,
1504 871 1702 942 inquit,
1726 873 1868 940 quod
1899 881 1981 927 est

408 970 731 1043 huiusmodi,
764 967 1108 1039 appellatur;
1132 964 1243 1020 etsi
1282 964 1483 1020 Petrus
1514 965 1610 1031 ait,
1646 979 1751 1019 non
1779 980 1979 1033 corpus

404 1061 641 1128 Domlui,
677 1057 771 1114 sed
824 1055 1036 1112 Domini
1091 1066 1315 1109 carnem
1362 1054 1505 1108 haud
1554 1054 1755 1109 vidisse
1797 1068 1981 1107 corru-

403 1154 662 1224 ptioncm,
696 1165 872 1221 neque
900 1148 1138 1204 animam
1169 1148 1289 1217 ejus
1311 1148 1360 1201 in
1386 1146 1600 1201 inferno
1623 1145 1975 1212 derelictam,

401 1260 532 1300 sane
559 1252 775 1300 constat
804 1242 1021 1296 vitalem
1044 1241 1233 1313 (quam
1279 1240 1552 1309 quomodo
1599 1250 1849 1296 astruant
1885 1256 1977 1295 ne-

399 1334 534 1404 scio)
575 1334 857 1389 exstitisse
896 1334 950 1386 in
1013 1346 1179 1386 carne
1219 1340 1474 1398 corrupta
1531 1331 1770 1385 animam
1797 1371 1813 1396 ,
1860 1333 1981 1385 sine

400 1440 503 1495 qua
537 1441 603 1481 ne
635 1440 765 1481 caro
800 1425 1045 1495 quidem,
1105 1430 1165 1476 ut
1209 1421 1383 1486 aiunt,
1437 1422 1823 1490 appellaretur.
1872 1426 1977 1480 lm-

409 1510 656 1567 mortalis
682 1519 862 1565 autem
903 1518 957 1566 et
1002 1508 1312 1575 rationalis,
1368 1509 1457 1564 cui
1501 1509 1797 1564 animantis
1847 1512 1990 1579 regi-

404 1617 530 1656 men
587 1610 674 1657 est
728 1600 1102 1667 commissum,
1156 1614 1261 1655 non
1317 1608 1396 1655 est
1442 1598 1497 1655 in
1558 1599 1770 1657 inferno
1826 1600 1990 1657 dere-

408 1695 564 1755 licta.
611 1693 709 1749 sed
764 1693 829 1747 ad
864 1709 1017 1747 suam
1054 1693 1219 1748 rediit
1256 1702 1485 1748 carnem
1523 1714 1536 1749 :
1571 1693 1802 1764 ideoque
1870 1693 1986 1750 l‘ru-

410 1796 524 1839 stra
554 1795 826 1854 uugantur
869 1783 943 1846 hi,
993 1785 1083 1852 qui
1140 1784 1379 1838 inanimo
1423 1791 1479 1839 et
1515 1784 1742 1840 rationis
1793 1799 1992 1857 evpers

407 1879 573 1932 fuisse
597 1878 785 1931 dicunt
818 1875 910 1930 Dei
948 1877 1107 1930 Verbi
1147 1876 1431 1946 templum.
1475 1875 1584 1932 Nos
1614 1876 1793 1932 autem
1826 1877 1991 1933 Petro

405 1969 769 2024 assenticmur
828 1969 922 2038 qui
967 1981 1021 2023 et
1066 1983 1286 2022 carnem
1333 1969 1591 2037 praedicat
1643 1971 1992 2039 corruptione

403 2072 704 2130 expertem,
735 2069 791 2115 et
825 2061 1065 2115 animam
1113 2060 1165 2114 in
1215 2060 1430 2116 inferno
1479 2074 1589 2116 non
1644 2060 1989 2130 derelictam,

404 2154 498 2208 sed
533 2152 785 2207 reducem
815 2161 980 2221 atque
1020 2152 1088 2206 ad
1145 2166 1347 2222 corpus
1394 2166 1556 2207 suum
1612 2153 1988 2211 recollectam.

405 2245 693 2300 Credimus
730 2245 895 2300 etiam
927 2244 1156 2299 Domino
1188 2244 1288 2313 ipsi
1336 2245 1541 2300 dicenti
1575 2262 1590 2299 :
1630 2264 1650 2298 ι
1684 2244 1880 2303 Tristis
1912 2258 1993 2303 est

407 2339 586 2392 anima
635 2351 754 2392 mea
797 2350 969 2407 usque
1007 2338 1073 2391 ad
1119 2348 1348 2391 mortem
1420 2339 1475 2405 ‘;
1525 2356 1545 2390 ›
1590 2353 1713 2393 nam
1757 2340 1993 2395 tristitiae

405 2444 622 2499 salsum
654 2444 781 2498 pars
830 2439 1019 2503 nostra
1068 2428 1354 2485 rationalis
1382 2430 1607 2500 excipit.
1658 2429 1812 2497 Quod
1858 2433 1903 2486 si
1940 2433 1991 2486 in

406 2522 607 2576 melllis
651 2521 770 2576 loco
818 2520 960 2577 Deus
1005 2519 1245 2575 Verbum
1288 2520 1597 2588 exsistens,
1642 2524 1842 2579 mentis
1870 2539 1993 2592 pas-

404 2613 586 2667 siones
604 2613 942 2682 excipiebat,
968 2613 1157 2683 utique
1185 2616 1358 2680 ipsum
1386 2611 1621 2669 Verbum
1645 2614 1991 2679 tristabatur,

407 2702 703 2766 metuebat,
741 2702 1054 2773 ignorabat,
1089 2703 1459 2774 agonizabat,
1502 2713 1556 2759 et
1601 2704 1846 2775 angelica
1891 2721 1993 2773 ope

406 2791 837 2848 coniortabatur.
869 2791 987 2847 lam
1035 2793 1081 2848 si
1107 2799 1221 2849 haec
1246 2810 1463 2865 quoque
1494 2796 1677 2850 dicant
1714 2797 1993 2867 Apollina-

412 2885 576 2939 riana:
603 2885 847 2940 stultitim
886 2886 1148 2953 lneredcs,
1170 2887 1203 2940 ii
1234 2889 1477 2955 profecto
1500 2904 1623 2942 eum
1667 2888 1871 2944 Christi
1899 2891 1995 2944 ho-

406 2976 582 3031 stibus
608 2977 740 3031 Ario
770 2987 933 3046 atque
1194 2977 1461 3034 Eunorniu
1485 2980 1990 3037 collocentur.Nam

405 3082 639 3137 quorum
678 3083 780 3139 par
830 3077 915 3124 est
961 3068 1301 3140 blasphemia
1333 3112 1348 3138 ,
1397 3073 1589 3126 hormn
1652 3090 1816 3129 unam
1870 3084 1989 3132 e‘sse

2097 3067 2340 3137 ἑταιρίαν
2367 3065 2577 3117 δίκαιον
2620 3081 2634 3095 ο

406 3158 756 3215 sodalitatem
784 3174 997 3230 acquum
1029 3172 1134 3215 esr.
1185 3161 1295 3215 Nos
1320 3179 1448 3217 vero
1482 3164 1768 3220 Dominum
1809 3169 1993 3222 dicen-

408 3258 517 3301 tem
593 3242 881 3306 audiamus
936 3266 949 3301 :
1007 3267 1026 3300 ι
1113 3249 1448 3307 Potestatem
1510 3252 1684 3307 habeo
1756 3257 1990 3323 ponendi

411 3339 651 3393 animam
707 3354 906 3404 meam,
957 3350 1011 3394 et
1063 3350 1387 3408 potestatem
1439 3340 1614 3397 habeo
1651 3345 1845 3399 iterum
1901 3363 1992 3401 su-

414 3431 594 3486 ruendi
630 3446 789 3497 earn;
826 3446 985 3486 nemo
1021 3431 1160 3486 tollit
1191 3447 1308 3485 eam
1351 3450 1378 3486 a
1405 3448 1490 3489 me
1539 3435 1583 3489 ⁸.
1617 3455 1634 3487 ι
1658 3436 1903 3508 Namque
1926 3456 1994 3497 ex

415 3524 762 3579 sermonibus
815 3524 900 3579 his
948 3524 1207 3581 discimus
1276 3526 1440 3581 alium
1493 3543 1615 3583 esse
1657 3531 1747 3600 qui
1802 3534 1992 3601 ponit,

412 3614 555 3669 aliud
585 3615 726 3683 quod
760 3616 1090 3687 estpositmn
1116 3633 1132 3683 ;
1168 3616 1443 3689 Deumque
1466 3634 1585 3675 esse
1616 3623 1706 3691 qui
1736 3625 1908 3693 ponit,
1941 3636 1996 3682 et

415 3708 506 3777 qui
545 3708 710 3763 sumit
736 3727 754 3776 t;
788 3709 1024 3764 animam
1050 3719 1228 3764 autem
1266 3720 1318 3764 et
1341 3713 1573 3779 positam
1600 3723 1652 3768 et
1677 3727 1989 3787 sumptam;

412 3807 469 3850 et
498 3799 588 3853 Dei
620 3799 839 3868 quidem
881 3815 1003 3856 esse
1040 3810 1386 3869 potestatem,
1420 3804 1654 3859 animam
1685 3816 1863 3863 autem
1894 3814 1995 3867 sub

427 3902 492 3940 ea
524 3897 787 3957 potestate
820 3891 1071 3944 locatam.

402 4004 657 4074 Ejusdem
719 4019 783 4058 ea:
837 4006 1076 4059 oratione
1129 4020 1290 4072 quam
1344 4002 1628 4058 Theodosio
1676 4001 1988 4070 imperatori

1034 4077 1379 4144 nuncupauit.

408 4188 549 4243 Sunt
594 4188 688 4257 qui
746 4203 968 4243 carnem
1022 4187 1203 4243 Verbo
1252 4189 1462 4244 unitam
1501 4190 1683 4245 anima
1754 4191 1987 4246 rationis

405 4280 676 4349 participe
704 4279 1021 4337 destitutam
1048 4280 1318 4346 arbitrati,
1347 4280 1590 4337 Verbum
1638 4299 1804 4338 carne
1827 4326 1842 4347 ,
1869 4300 1989 4352 qua:

2087 512 2225 583 πρὸς
2256 511 2357 581 τὴν
2387 510 2566 581 σάρκα
2595 510 2694 582 τὴν
2723 511 2934 565 οἰκείαν
2963 513 3219 576 ἐπάνοδος
3240 531 3254 545 ·
3291 516 3343 567 εί
3361 515 3566 583 τοίνυν,
3591 518 3665 574 ὥς

2082 620 2245 675 φασιν
2265 604 2315 657 οί
2345 603 2447 671 τῆς
2472 602 2741 674 αἱρέσεως
2766 603 3093 671 προστάται,
3123 602 3303 674 ψυχάς
3329 604 3424 659 δύο
3444 607 3554 661 τῶν
3576 607 3662 661 ἀν·

2080 693 2315 764 θρώπων
2353 694 2586 758 ἕκαστος
2613 694 2749 765 ἔχει,
2773 696 2877 765 τήν
2902 711 2963 748 τε
2995 692 3256 766 ζωτικὴν.
3289 698 3383 750 καὶ
3403 697 3503 768 τὴν
3530 698 3660 768 λογι.

2086 786 2209 856 κὴν,
2238 786 2334 839 καὶ
2375 787 2515 858 σὰρξ
2546 787 2676 841 ἄνευ
2711 787 2890 857 ψυχῆς
2924 787 3027 840 οὐκ
3053 787 3119 841 ἄν
3153 805 3284 842 ποτε
3323 789 3541 861 νοηθείη
3568 791 3667 861 τῆς

2088 877 2324 947 ζωτικῆς
2381 877 2571 949 (σῶμα
2593 879 2727 950 γὰρ,
2755 880 2871 932 ἀλλ’
2900 880 2961 933 ού
2996 878 3153 949 σὰρξ,
3174 880 3327 949 φησὶ,
3345 880 3407 934 τὸ
3429 882 3672 934 τοιοῦτον

2088 969 2579 1040 προσαγορεύεται)
2594 986 2605 998 ·
2626 971 2835 1042 Πέτρος
2859 971 2915 1024 δὲ
2942 972 3068 1043 ἔφη,
3095 971 3156 1024 οὗ
3178 972 3240 1025 τὸ
3265 971 3422 1042 σῶμα
3440 971 3536 1026 τοῦ
3559 974 3641 1026 Κυ
3662 1002 3673 1013 -

2092 1059 2230 1129 ρίου,
2266 1059 2402 1114 ἀλλὰ
2435 1062 2536 1131 τὴν
2573 1061 2756 1133 σάρκα
2788 1063 2883 1116 τοῦ
2922 1063 3129 1134 Κυρίου
3163 1063 3237 1134 μὴ
3283 1064 3411 1116 ἰδεῖν
3447 1063 3673 1133 διαφθο-

2091 1148 2213 1219 ράν,
2256 1150 2350 1203 καὶ
2379 1151 2479 1221 τὴν
2514 1152 2695 1224 ψυχὴν
2737 1154 2902 1208 αὐτοῦ
2955 1154 3030 1226 μὴ
3058 1154 3554 1224 ἐγκαταλειφθῆναι
3590 1158 3673 1219 είς

2089 1239 2240 1309 ᾅδου⁸
2275 1240 2499 1311 εὔδηλον
2529 1243 2605 1306 ὡς
2637 1245 2738 1315 τὴν
2760 1246 2857 1315 μὲν
2889 1244 3149 1316 ζωτικὴν,
3187 1246 3257 1317 ἢν
3278 1247 3382 1298 οὐκ
3406 1240 3671 1310 οἷδ’ὅπως

2089 1328 2357 1398 λέγουσιν,
2386 1328 2532 1402 εἶχεν
2554 1335 2586 1403 ή
2620 1333 2984 1406 διαφθαρεῖσα
3006 1334 3179 1405 σὰρξ,
3224 1330 3291 1405 ἧς
3316 1335 3447 1389 ἄνευ
3472 1335 3573 1388 οὐκ
3600 1336 3671 1389 ἂν

2088 1423 2582 1496 προσαγορευθείη,
2615 1423 2690 1487 ὥς
2719 1440 2876 1493 φασι,
2909 1425 3077 1496 σάρξ*
3113 1426 3148 1496 ή
3191 1426 3249 1479 δὲ
3283 1425 3554 1491 ἀθάνατος
3578 1429 3672 1480 καὶ

2094 1515 2286 1586 λογικὴ
2325 1512 2420 1567 καί·
2449 1511 2543 1565 τοῦ
2574 1509 2714 1575 ξεί)ου
2760 1510 2858 1579 τὴν
2894 1508 3190 1581 ἠγεμονίαν
3235 1506 3668 1576 πεπιστευμένη,

2081 1610 2144 1664 οὐ
2173 1604 2503 1676 κατελείφθη
2527 1606 2608 1667 εἰς
2628 1602 2777 1674 ᾇδου,
2802 1601 2937 1658 ἀλλὰ
2959 1601 3093 1674 πρὸς
3128 1600 3228 1669 τὴν
3255 1598 3463 1651 οἰκείαν
3497 1599 3666 1667 ἐπανι-

2082 1701 2188 1772 ῆκε
2252 1698 2464 1769 σάρκα⁸
2528 1699 2622 1749 καὶ
2683 1696 2859 1766 μάτην
2911 1689 3326 1761 άὼλεσχοῦσιν,
3382 1687 3587 1758 ἄψυχον
3629 1688 3663 1758 ἢ

2082 1793 2245 1848 ἄνουν
2273 1788 2369 1843 τοῦ
2415 1786 2552 1841 Θεοῦ
2601 1786 2777 1853 Λόγου
2812 1784 2905 1839 τὸν
2948 1783 3073 1837 ναὸν
3139 1779 3664 1854 προσαγορεύοντες.

2094 1884 2287 1954 Ἡμεῖς
2308 1880 2367 1934 δέ
2395 1879 2588 1949 Πέτρῳ
2616 1876 2883 1948 ἑψόμεθα,
2907 1875 3003 1929 καὶ
3026 1875 3206 1945 σάρκα
3234 1871 3558 1943 κηρύττοντι
3589 1873 3667 1941 μὴ

2081 1972 2380 2044 δεξαμένην
2406 1969 2726 2041 διαφθοράν,
2763 1969 2857 2021 καὶ
2892 1966 3071 2038 ψυχὴν
3106 1966 3180 2037 μὴ
3211 1962 3669 2032 καταλειφθεῖσαν

2084 2068 2162 2129 εἰς
2189 2064 2336 2137 ᾅδου,
2378 2062 2493 2117 ἀλλ’
2526 2060 2930 2115 ἐπανελθοῦσαν
2962 2060 3055 2112 καὶ
3098 2058 3176 2128 τῷ
3228 2055 3414 2126 οἰκείῳ
3454 2054 3668 2126 σώματι

2090 2155 2483 2225 συναφθεῖσανο
2515 2150 2843 2221 πιστεύομεν
2869 2150 2927 2203 δὲ
2957 2149 3053 2203 καὶ
3085 2147 3236 2219 αύτῷ
3262 2148 3339 2219 τῷ
3360 2147 3551 2218 Κυρίῳ
3582 2146 3670 2199 λέ-

2088 2265 2266 2317 γοντι’
2303 2266 2322 2298 t
2349 2244 2652 2317 Περίλυπός
2674 2246 2822 2296 ἐστιν
2848 2244 2884 2315 η
2916 2240 3063 2312 ψυχή
3099 2258 3201 2312 μου
3228 2239 3332 2302 ἓως
3355 2238 3607 2293 θανάτου.
3645 2257 3664 2290 ι
3744 2255 3761 2270 ο

2091 2339 2203 2408 Τῆς
2228 2337 2337 2410 γάρ
2366 2338 2542 2406 λύπης
2566 2334 2664 2406 τὴν
2684 2333 2936 2407 αἴσθησιν
2964 2332 3024 2385 τὸ
3052 2335 3110 2386 ἐν
3136 2334 3271 2403 ἡμῖν
3297 2330 3512 2399 λογικὸν
3533 2330 3668 2383 ὑπο⁶

2088 2429 2335 2500 δέχεται·
2371 2430 2421 2481 εί
2471 2427 2528 2480 δέ
2570 2426 2692 2481 ἀντὶ
2727 2423 2818 2478 νοῦ
2858 2425 2887 2477 ὁ
2918 2423 3049 2488 Θεὸς
3093 2424 3263 2492 Λόγος
3296 2422 3580 2493 ὑπάρχων,
3602 2421 3672 2474 τά

2090 2518 2184 2573 τοῦ
2214 2517 2307 2573 νοῦ
2339 2517 2662 2588 κατεδέχετο
2698 2514 2868 2585 πάθη,
2902 2514 3066 2576 αὐτὸς
3104 2509 3172 2583 ἦν
3200 2514 3228 2566 ό
3256 2511 3539 2581 λυπηθεὶς,
3576 2512 3671 2564 καὶ

2091 2609 2373 2681 φοϐηθεὶς,
2410 2609 2505 2663 καὶ
2544 2606 2842 2677 ἀγνοήσας,
2867 2606 2964 2658 καὶ
3010 2604 3344 2672 ἀγωνιάσας,
3378 2604 3473 2656 καὶ
3502 2603 3671 2670 ἀγγε-

2088 2704 2216 2773 λικῇ
2240 2699 2529 2771 συμμαχίᾳ
2556 2698 2784 2770 ρωσθείς
2807 2715 2819 2728 ο
2849 2700 2899 2749 εί
2930 2696 2986 2748 δὲ
3015 2695 3303 2749 καὶταῦτα
3331 2697 3592 2765 φήσουσιν
3621 2694 3671 2745 οἱ

2092 2794 2190 2863 τῆς
2236 2788 2612 2859 Ἀπολιναρίου
2674 2784 3063 2857 ματαιολογίας
3112 2783 3480 2854 κληρονόμοι,
3533 2782 3672 2851 μετά

2105 2882 2319 2955 Ἀρείου
2341 2882 2434 2935 καὶ¹
2460 2879 2724 2949 Εὑνομίου
2749 2876 2856 2931 τῶν
2880 2876 3260 2948 χριστομάχων
3282 2873 3669 2944 ταχθὴτωσαν’

2095 2969 2169 3028 ὧν
2202 2975 2311 3045 γὰρ
2363 2975 2454 3041 ἴση
2509 2975 2541 3042 ἡ
2597 2968 2936 3041 βλασφημία,
2969 2965 3172 3019 τούτων
3209 2964 3340 3036 μίαν
3388 2959 3527 3017 εἶναι
3576 2962 3674 3034 τὴν

2738 3062 2902 3132 ἡμεῖς
2921 3059 2975 3111 δὲ
3002 3058 3327 3127 ἀκούσωμεν
3346 3054 3441 3108 τοῦ
3468 3054 3675 3124 Κυρίου

2098 3160 2349 3223 λέγοντος
2371 3175 2382 3188 -
2413 3176 2431 3208 ι
2469 3154 2749 3219 Ἑξουσίαν
2776 3152 2884 3222 ἔχω
2909 3151 3078 3203 θεῖναι
3106 3149 3202 3221 τὴν
3225 3150 3403 3220 ψυχήν
3433 3166 3558 3219 μου,
3583 3149 3679 3201 καὶ

2100 3248 2348 3317 ἐξουσίαν
2378 3246 2484 3318 ἔχω
2508 3245 2668 3300 πάλιν
2692 3245 2877 3297 λαϐεῖν
2903 3244 3075 3313 αὐτήν
3099 3258 3113 3273 ο
3142 3241 3313 3304 οὐδεὶς
3343 3239 3486 3311 αἴρει
3511 3237 3679 3308 αὐτὴν

2101 3342 2193 3395 ἀπ’
2217 3337 2371 3410 ἐμοῦ.
2400 3355 2420 3389 ι
2462 3337 2556 3389 Ἐκ
2584 3337 2693 3407 γὰρ
2720 3335 2829 3389 τῶν
2859 3334 3034 3403 λόγων
3057 3332 3263 3385 τούτων
3293 3330 3676 3402 μαθησόμεθα,

2064 3424 2069 3429 ’
2099 3435 2173 3497 ὡς
2210 3434 2397 3503 ἕτερος
2425 3430 2523 3501 μὲν
2552 3431 2579 3482 ό
2608 3428 2804 3493 τιθεὶς,
2839 3429 3027 3499 ἕτερον
3050 3427 3107 3479 δέ
3143 3425 3202 3479 τὺ
3236 3425 3556 3503 τιθέμενον*
3586 3425 3681 3477 καὶ

2102 3526 2232 3589 Θεὸς
2266 3498 2363 3596 μέν
2391 3498 2610 3586 όντιθεὶς
2637 3522 2731 3575 καὶ
2750 3498 3063 3590 λαμϐάνων,
3090 3518 3238 3589 ψυχὴ
3266 3517 3322 3570 δὲ
3356 3519 3388 3587 ἡ
3422 3498 3681 3587 τιθεμένη

2102 3620 2196 3671 stati.
2223 3613 2643 3687 λαμϐανομένη·
2678 3615 2770 3666 καὶ
2795 3611 2928 3676 Θεὸς
2964 3611 3060 3681 μὲν
3091 3611 3189 3680 τὴν
3224 3609 3474 3675 ἐξουσίαν
3519 3607 3677 3678 ἔχων,

2101 3708 2247 3782 ψυχὴ
2272 3709 2329 3763 δὲ
2362 3709 2394 3780 ή
2423 3706 2529 3760 ὑπὸ
2552 3705 2651 3778 τὴν
2674 3705 2920 3771 ἐξουσίαν
2951 3703 3168 3773 ἐκείνην
3206 3701 3535 3771 τεταγμένη-

2100 4000 2208 4053 Ἱοῦ
2237 4003 2426 4057 αὐτοῦ
2462 4004 2532 4056 ἐκ
2575 4002 2684 4057 τοῦ
2714 4005 2864 4070 πρὸς
2915 4004 3023 4055 τὸν
3055 4000 3331 4084 ,βασιλέα
3360 3999 3694 4055 Θεοδόσιον

2633 4088 3167 4142 πρυσφωνητικου.

2164 4188 2285 4241 Εἰσί
2322 4206 2467 4252 τινες
2491 4190 2539 4243 οἳ
2578 4188 2845 4259 τητᾶσθαι
2876 4190 3098 4255 λέγουσι
3124 4189 3304 4260 ψυχῆς
3331 4189 3560 4259 λογικῆς
3585 4186 3688 4259 τὴν

2094 4284 2391 4338 ἐνωθεῖσαν
2421 4284 2500 4354 τῷ
2516 4284 2676 4354 Λόγῳ
2700 4284 2902 4356 σάρκα.
2926 4285 3097 4353 Σαρκὶ
3120 4284 3230 4354 γάρ
3262 4300 3365 4337 που
3392 4283 3567 4353 μόνην
3589 4280 3692 4350 τὴν
3741 4294 3753 4305 ·

400 4369 619 4423 vitalem
648 4377 859 4424 tantum
888 4378 943 4426 et
993 4371 1255 4427 sensilem
1302 4373 1604 4436 motionem
1646 4375 1836 4430 sortita
1896 4374 1989 4439 sit,

2100 4379 2339 4447 ζωτικὴν
2372 4395 2429 4431 τε
2453 4380 2549 4433 καὶ
2571 4378 2901 4449 αἰσθητικὴν
2931 4378 3175 4450 λαχούσῃ
3206 4379 3421 4450 κίνησιν
3457 4377 3696 4446 ἀμφιενο

404 4462 660 4517 indutum
711 4461 1103 4519 introducunt:
1158 4472 1325 4519 totam
1387 4482 1519 4521 vero
1562 4468 1766 4523 mentis
1813 4476 1869 4523 et
1906 4469 1986 4523 in—

404 4554 697 4627 telligentis
747 4555 944 4612 animae
973 4557 1083 4613 vim
1125 4557 1516 4630 energiamque
1566 4558 1855 4632 Unigenito
1903 4572 1989 4617 at-

407 4647 654 4704 tribuunt
676 4664 693 4717 ;
733 4647 891 4704 fateri
940 4650 1090 4705 enim
1113 4688 1131 4714 ,
1172 4651 1362 4705 nescio
1397 4653 1674 4721 quomodo
1700 4663 1985 4719 verentur,

406 4738 642 4795 Verbum
671 4741 821 4796 carni
865 4742 1140 4808 humanae,
1171 4743 1352 4800 anima
1374 4744 1715 4818 intelligente
1745 4746 1988 4816 perte-rte

405 4841 461 4885 et
506 4831 1170 4901 inhumatosecundum
1245 4846 1500 4893 naturam
1557 4840 1771 4895 unitum
1844 4856 1988 4897 esse.

414 4921 632 4988 Verum,
675 4924 806 4978 dum
864 4925 937 4981 ita
988 4929 1466 5001 philosophantur,
1503 4932 1744 5003 antiquae
1772 4941 1827 4987 ct
1858 4935 1987 4988 olim

412 5013 625 5070 traditae
659 5014 781 5070 ﬁdei
802 5016 1073 5074 rationem
1098 5022 1333 5078 omnino
1373 5025 1677 5095 negligunt,
1713 5035 1767 5079 et
1797 5027 1992 5081 volun-

408 5106 534 5162 tatis
584 5120 699 5162 sure
741 5107 951 5178 judicio
1004 5112 1145 5167 male
1203 5130 1340 5169 sano
1374 5118 1477 5187 (ut
1525 5118 1669 5185 quod
1726 5118 1993 5175 humanas

409 5211 615 5256 tantum
652 5204 892 5260 rationes
926 5215 985 5261 et
1016 5208 1363 5278 conjecturas
1394 5212 1557 5284 sequi.
1597 5212 1793 5285 soleat)
1826 5230 1991 5284 prave

408 5293 604 5360 innixi,
648 5311 816 5353 secus
865 5311 1028 5368 quam
1063 5313 1253 5355 revera
1302 5314 1640 5373 oportuerat,
1695 5307 1913 5376 sapiunt
1939 5316 1993 5362 ct

409 5398 676 5445 sentiunt.
707 5389 775 5445 Et
806 5406 1083 5462 quaenam,
1120 5393 1371 5461 obsecro,
1406 5398 1677 5470 dogmatis
1704 5401 1867 5472 hujus
1908 5410 1994 5459 cst

408 5480 585 5538 ratio?
633 5482 840 5540 Dicam.
878 5483 1231 5542 Mediatorem
1267 5488 1359 5543 Dei
1397 5499 1454 5545 et
1506 5491 1789 5548 hominum
1811 5495 1850 5560 ³,
1891 5497 1994 5554 hoc

484 5697 503 5729 ⁸
537 5698 726 5754 Matth.
767 5721 911 5774 sxw,
947 5708 1037 5763 58.
1104 5708 1124 5741 ⁸
1150 5706 1309 5766 Joan.
1347 5729 1400 5781 κ,
1439 5711 1526 5768 18.
1601 5715 1621 5748 ³
1661 5716 1843 5774 lTinI.
1876 5734 1930 5789 tt,
1966 5718 2020 5773 5.

2100 4472 2287 4534 νύν-,τες
2318 4471 2410 4526 τὸν
2430 4472 2626 4541 Λόγον,
2654 4473 3070 4545 παραςέρουσιν
3095 4474 3178 4534 εἰς
3212 4470 3441 4540 κόσμον,
3469 4470 3570 4540 τὴν
3595 4467 3692 4522 νοῦ

2099 4574 2189 4624 καῖ
2210 4568 2395 4641 ψυχῆς
2423 4571 2710 4641 ἐνέργειαν
2734 4569 3106 4635 ἀπονέμοντες
3128 4569 3206 4640 τῷ
3231 4570 3551 4636 Μονογενεῖ.
3578 4569 3695 4622 Καρ

2099 4665 2477 4734 ταπεφρίκασι
2509 4664 2639 4734 γάρ,
2673 4662 2776 4717 οὐκ
2807 4659 2906 4717 οἷδ’
2940 4665 3115 4729 ὅπως,
3146 4662 3462 4737 ψμχωθείσῃ
3496 4662 3693 4733 λογικῇ

2095 4758 2240 4828 ψυχῇ
2284 4761 2351 4828 τῇ
2384 4757 2705 4830 ἀνθρωπίνῃ
2754 4759 2921 4828 σαρκὶ
2947 4758 3089 4812 κατὰ
3121 4758 3288 4830 φύσιν
3318 4756 3564 4825 ἡνῶσθαι
3597 4757 3694 4810 τὸν

2098 4826 2270 4917 Λόγον
2304 4826 2597 4918 ὁμολογεῖν
2616 4865 2629 4878 ·
2672 4826 2774 4918 τῆς
2810 4826 2909 4918 μὲν
2940 4826 3152 4903 ἄνωθέν
3181 4866 3238 4903 τε
3262 4826 3362 4901 imi.
3390 4847 3692 4919 ἀρχαιοτά-

2099 4959 2197 5012 της
2228 4941 2467 5003 πίστεως
2488 4940 2588 5012 τὴν
2616 4943 2923 5012 παράδοσιν
2950 4943 3136 5010 ὀλίγου
3166 4940 3452 5004 παντελῶς
3477 4940 3697 5005 ἀξιοῦν·

2098 5052 2189 5098 τες
2220 5034 2404 5101 λόγου,
2424 5034 2644 5106 Θελήσει
2669 5035 2725 5089 δὲ
2758 5036 2898 5108 μόνῃ
2930 5038 2997 5108 τῇ
3031 5037 3175 5090 κατά
3202 5037 3347 5106 σφᾶς
3372 5035 3573 5097 αὐτοὺς
3598 5038 3695 5088 καὶ

2099 5130 2211 5190 τοῖς
2250 5127 2618 5201 ἀνθρωπίνοις
2668 5128 2780 5183 δεῖν
2831 5129 3064 5183 ἕπεσθαι
3107 5130 3418 5198 λογισμοῖς,
3456 5128 3691 5197 ἀμαθῶς

2096 5221 2388 5293 ᾑρημένοι,
2409 5222 2504 5277 καὶ
2527 5223 2861 5294 φρονοῦντες
2882 5223 3101 5292 ἀληθῶς
3126 5223 3261 5293 παρ’
3283 5223 3311 5276 ὃ
3335 5225 3417 5276 δεῖ
3438 5224 3683 5292 φρονεῖν.

2100 5316 2207 5370 Καὶ
2241 5316 2325 5376 τίς
2361 5319 2389 5372 ό
2418 5316 2576 5384 λόγος
2616 5316 2805 5381 αὐτοῖς
2848 5317 2945 5370 τοῦ
2979 5317 3190 5370 τοιοῦδε
3241 5317 3539 5388 δόγματος,
3578 5316 3691 5384 ἐγὼ

2098 5409 2313 5478 φράσω.
2348 5409 2453 5464 Τὸν
2480 5408 2616 5463 Θεοῦ
2661 5407 2892 5478 μεσίτην
2930 5411 3023 5462 καὶ
3051 5409 3380 5480 ἀνθρώπων,
3418 5409 3563 5461 κατὰ
3594 5409 3696 5471 τὰς

2100 5501 2348 5572 Γραιρᾶς,
2384 5503 2707 5565 συγκεῖσθαι
2734 5519 2920 5572 φαμεν
2957 5502 3022 5556 ἐκ
3053 5520 3113 5556 τε
3140 5502 3237 5574 τῆς
3265 5501 3389 5557 καθ’
3419 5503 3568 5573 ἡμᾶς
3597 5503 3695 5555 άν-
