4082 6440
393 380 506 443 913

1331 378 1706 439 PANOPLIA
1750 381 2207 445 DOGMATUIA.
2245 410 2312 418 -
2351 386 2498 446 ΤΙΓ.
2544 388 2698 449 λιν.

3554 385 3658 451 9ίὶ

395 529 750 601 θρωπότητος
789 525 1008 588 τελείως
1037 526 1268 596 ἐχούσης
1302 526 1445 579 κατά
1493 526 1581 579 τὸν
1618 526 1746 579 ἴδιον
1796 528 1971 595 λόγον,

2092 540 2165 581 est
2197 530 2494 593 Christum,
2524 545 2588 581 ex
2624 529 2958 582 hunmnitate
3008 529 3248 583 numeris
3289 530 3540 585 omnibus
3571 546 3659 585 so-

397 624 493 675 xai.
542 626 603 674 ὲκ
657 621 750 674 τοῦ
807 619 1107 689 πεφηνότος
1160 620 1223 671 ἐκ
1270 619 1405 670 Θεοῦ
1455 619 1595 671 κατὰ
1628 622 1786 686 φύσιν
1822 620 1973 683 Υίοῦ,

397 713 641 767 τουτέστι
666 713 762 765 τοῦ
790 710 1146 779 Μονογενοῦς.
1181 711 1646 780 Διαὸεϐχιούμεθα
1677 712 1732 765 δὲ
1764 713 1977 765 σύνοδον

403 807 502 876 μέν
533 823 671 867 τινα,
703 805 796 857 καὶ
838 803 935 872 τὴν
983 803 1121 873 ὑπὲρ
1154 802 1309 870 λόγον
1334 805 1658 873 συνδρομὴν,
1685 806 1763 866 είς
1786 805 1978 857 ἕνωσιν

398 901 599 952 ἀνίσων
641 915 701 950 τε
737 897 828 949 καὶ
857 895 1121 965 ἀνομοίων
1153 896 1465 964 πεπρᾶχθαι
1505 896 1884 965 (pucea)vach
1923 898 1980 950 δ’

398 987 493 1043 οὖν
542 991 691 1059 ὅμως
758 986 1016 1057 Χριστὸν,
1058 987 1151 1038 καὶ
1194 987 1398 1057 Κύριον
1438 988 1663 1057 Ἰησοῦν,
1704 989 1795 1041 καὶ
1852 990 1979 1042 Υίὺν

398 1081 764 1152 ὀνομάζεσθαι
821 1080 1279 1147 ὲπιγινώσκομεν,
1316 1081 1373 1131 ὲν
1430 1080 1614 1151 ταυτῷ
1660 1084 1754 1134 καὶ
1810 1082 1984 1152 ὑπάρ-

398 1193 583 1245 χοντα,
619 1175 713 1226 καὶ
763 1172 1049 1241 νοούμενον
1094 1172 1226 1224 Θεόν
1271 1189 1329 1224 τε
1378 1171 1513 1241 ὁμοῦ
1546 1173 1639 1224 καὶ
1673 1173 1979 1245 ἄνθρωπον.

414 1268 805 1320 Ἀδιάσπαστον
844 1265 898 1317 δὲ
938 1264 1219 1326 παντελῶς
1248 1264 1346 1333 τὴν
1379 1264 1569 1317 ἕνωσιν
1597 1265 1873 1336 διατηρεῖν
1903 1269 1982 1319 εἰ·

401 1357 656 1426 θίσμεθα,
687 1356 777 1409 τὸν
807 1355 967 1408 αὑτὸν
1004 1351 1142 1407 εἶναι
1177 1356 1270 1408 καὶ
1302 1356 1585 1426 Μονογενῆ
1614 1358 1983 1421 πιστεύοντες,

402 1450 497 1501 καὶ
547 1448 915 1516 πρωτότοκον·
967 1447 1243 1515 Μονογενῆ
1298 1445 1416 1514 μὲν,
1448 1445 1522 1508 ὡς
1581 1446 1713 1499 Θεοῦ
1774 1449 1987 1517 Πατρός

401 1542 595 1609 Λόγον,
639 1541 732 1592 καὶ
759 1539 824 1590 ἐκ
857 1538 954 1608 τῆς
983 1539 1168 1600 οὐσίας
1205 1538 1369 1590 αὑτοῦ
1411 1539 1693 1609 πεφηνότα
1716 1557 1727 1569 ·
1763 1541 1978 1610 πρωτό-

400 1652 561 1687 τοκον
598 1635 642 1684 δ’
674 1628 764 1694 αὖ,
797 1631 929 1684 καθὸ
963 1633 1187 1700 γέγονεν
1216 1630 1522 1700 ἄνθρωπος,
1559 1632 1653 1683 καὶ
1683 1633 1738 1683 ἐν
1765 1631 1983 1693 πολλοῖς

402 1725 891 1793 ἁδελφοίς.Ὦσπερ
927 1723 1035 1793 γὰρ
1068 1718 1146 1785 εἷς
1194 1725 1310 1775 ἐστι
1343 1722 1476 1784 Θεὸς
1506 1725 1533 1775 ό
1564 1722 1773 1793 Πατὴρ,
1818 1723 1877 1787 ἐξ
1918 1716 1980 1775 οὗ

2083 622 2315 675 cundum
2361 624 2631 690 propriam
2692 624 2951 677 rationem
3017 627 3251 691 perfecta
3309 633 3361 676 et
3413 623 3655 677 absoluta

2086 713 2423 781 naturalique
2472 714 2561 766 Dei
2600 713 2759 779 Filio,
2805 716 2904 767 hoc
2946 726 3027 767 cst
3060 713 3369 784 Unigenito,
3396 716 3658 769 constitu-

2088 816 2223 867 tum,
2262 806 2559 874 Scripturis
2595 808 2979 862 convenienter
3008 809 3380 875 prmdicamus.
3410 807 3659 861 Aﬂirma-

2088 912 2205 950 mus
2244 906 2423 950 autem
2454 910 2672 951 naturas
2698 899 2964 967 dispares,
2992 913 3054 951 ac
3081 898 3221 952 inter
3259 913 3318 951 se
3346 897 3656 961 dissimiles,

2086 990 2318 1057 quadam
2373 990 2608 1045 coitione
2655 1001 2707 1045 et
2750 1006 3016 1044 concursu
3046 992 3135 1058 qui
3187 991 3365 1045 verbis
3399 992 3657 1061 explicari

2088 1097 2190 1134 non
2224 1090 2421 1150 potest,
2448 1083 2497 1135 in
2527 1098 2691 1134 unum
2724 1082 3064 1136 convenisse.
3093 1082 3450 1150 Agnoseimus
3482 1090 3656 1136 tamen

2082 1187 2247 1225 unum
2420 1174 2791 1239 Christum,ct
2816 1173 3098 1226 Dominum
3131 1172 3337 1237 Jesum,
3370 1185 3422 1225 et
3458 1173 3652 1226 Filium

2084 1272 2370 1329 renatum;
2412 1266 2607 1334 quippe
2639 1280 2758 1318 cum
2783 1264 2941 1319 simul
2972 1262 3111 1316 Deus
3137 1273 3189 1316 et
3226 1264 3386 1317 homo
3431 1266 3655 1321 exsiStat

2086 1358 2361 1428 mentique
2409 1374 2467 1414 se
2523 1359 2735 1413 offerat.
2765 1358 2978 1413 Etenim
3024 1360 3150 1412 unio
3208 1360 3291 1412 illa
3341 1372 3657 1414 naturarum

2086 1466 2257 1518 usque
2315 1453 2450 1505 adeo
2503 1453 2777 1507 individua
2841 1454 3214 1522 indivulsaque
3265 1464 3350 1508 est
3392 1465 3450 1508 ut
3496 1472 3659 1509 unum

2088 1541 2447 1609 emudemquc
2509 1543 2844 1612 unigenitum
2905 1545 3067 1598 simul
3128 1556 3181 1598 et
3245 1546 3660 1614 primogenitum

2088 1631 2411 1683 credamus:
2449 1631 2782 1700 unigenitum
2819 1634 3057 1701 quidem,
3085 1644 3337 1704 tauquam
3375 1637 3462 1688 Dei
3491 1634 3663 1688 Patris

2089 1721 2348 1784 Verbum,
2376 1738 2437 1775 ex
2469 1723 2611 1777 illius
2636 1723 2941 1779 subsolantia
2984 1738 3206 1792 natum;
3241 1726 3659 1795 primogenitum

400 1818 470 1869 τὰ
504 1817 680 1868 πάντα
703 1832 714 1844 ·
748 1814 890 1867 οὔτω
917 1814 1009 1866 καὶ
1035 1809 1115 1876 εἷς
1150 1814 1352 1883 Κύριος
1390 1814 1598 1883 Ἰησοῦς
1628 1813 1882 1882 Χριστὸς,
1909 1814 1987 1867 δι’

2092 1828 2234 1881 vero,
2270 1824 2534 1881 quatenus
2581 1816 2722 1870 inter
2757 1817 2953 1870 multos
2981 1818 3179 1871 fratres
3227 1820 3386 1872 homo
3416 1820 3663 1873 exstitit:

401 1907 462 1963 οὗ
488 1911 554 1963 τὰ
584 1910 780 1961 πάντα.
808 1908 939 1960 Θεὸν
969 1908 1077 1975 γὰρ
1106 1907 1234 1960 ὄντα
1264 1907 1405 1959 κατὰ
1434 1905 1593 1973 φύσιν
1624 1906 1984 1973 ἐπιγινώσκο-

406 2020 505 2070 μεν
543 2002 634 2053 τὸν
675 2001 740 2052 δι’
775 1993 836 2053 οὗ
862 2000 930 2051 τὰ
961 2000 1158 2062 πάντα,
1189 1999 1381 2066 Λόγον,
1411 1999 1504 2051 καὶ
1535 2000 1583 2051 εί
1610 1998 1799 2066 γέγονε
1829 1998 1985 2068 σὰρξ,

403 2090 683 2144 τουτέστιν
710 2088 807 2143 ἄνθ
818 2105 1016 2157 ρωπος.

404 2182 548 2251 quod
592 2182 770 2234 onmia
820 2186 1145 2242 consistunt,
1177 2179 1473 2231 secundum
1518 2187 1764 2231 naturam
1808 2179 1971 2231 Deum
2014 2181 2421 2240 essenovimns,
2459 2180 2672 2235 etiamsi
2714 2196 2861 2247 caro,

316 2292 328 2300 ⁸
406 2285 511 2330 85L

632 2365 771 2418 Ἀλλ’
803 2364 918 2419 οῦτι
949 2382 1048 2416 που
1079 2364 1281 2433 σιτόδρα
1308 2367 1426 2425 ταῖς
1455 2365 1511 2414 ἐν
1538 2366 1665 2434 ἡμῖν
1696 2365 1823 2432 περὶ
1861 2361 1979 2414 τού-

404 2479 500 2515 του
550 2461 731 2526 δόξαις
777 2461 847 2511 τὰ
893 2458 1118 2510 ἐκείνων
1173 2458 1674 2527 συμφέρεται.”Ενα
1726 2456 1823 2526 μὲν
1878 2457 1986 2525 γὰρ

406 2552 857 2624 ὁμολογουμένως
926 2549 1321 2620 παραδέχονται
1388 2549 1481 2601 καὶ
1543 2549 1697 2600 αὐτοὶ
1780 2547 1985 2617 Ἰησοῦν

408 2646 666 2716 Χριστὸν,
698 2641 1077 2712 παρωθοῦνται
1111 2642 1166 2694 δὲ
1197 2642 1336 2701 λίαν,
1371 2641 1443 2703 ὡς
1472 2641 1727 2701 δυσοεὸὲς
1753 2641 1834 2692 ὅτι
1881 2640 1985 2709 μά-

408 2739 586 2801 λιστα,
616 2735 966 2803 καταδιιστᾷν
1009 2735 1087 2795 εἰς
1130 2732 1224 2785 δύο
1269 2733 1360 2785 τὸν
1395 2733 1761 2803 Ἐμμανουήλ.
1796 2734 1988 2803 Ψυχῆς

409 2829 456 2883 δ’
482 2823 576 2882 οὖν
604 2828 751 2896 ὅμως
784 2824 881 2892 τῆς
911 2822 1259 2895 ἀνθρωπίνης
1305 2824 1399 2875 καὶ
1428 2823 1651 2894 λογικῆς
1680 2825 1779 2895 τὴν
1812 2824 1988 2893 σάρκα

412 2917 749 2986 χωρίσαντες
794 2913 887 2966 καὶ
930 2912 1333 2982 γυμνώσαντες,
1372 2912 1611 2981 ἡνῶσθαί
1653 2930 1815 2980 φασιν
1850 2915 1987 2986 αὐτῇ

412 3011 503 3063 τὸν
533 3011 595 3061 ἐκ
625 3006 761 3060 Θεοῦ
791 3006 988 3074 Λόγον·
1018 3004 1307 3074 ἐξεύρηται
1332 3004 1388 3056 δέ
1421 3022 1504 3067 τις
1541 3005 1722 3068 αὐτοῖς
1771 3008 1862 3058 καὶ
1904 3025 1991 3060 πι-

414 3098 592 3162 θανὸς,
640 3097 713 3159 ὡς
760 3094 984 3157 οἴονται,
1025 3093 1157 3163 πρὸς
1192 3092 1349 3144 τοῦτο
1389 3092 1566 3161 λόγος.
1603 3094 1683 3146 Td:
1730 3094 1837 3166 γάρ
1885 3112 1988 3161 τοι,

2084 1904 2519 1974 quandoquidem
2568 1916 2624 1957 ut
2682 1921 2818 1961 unus
2878 1917 2962 1961 est
3016 1907 3158 1961 Dens
3210 1908 3392 1972 Pater,
3440 1926 3501 1962 cx'
3561 1927 3667 1977 quo

2084 1996 2297 2062 Omnia;
2332 1997 2401 2049 ita
2443 2012 2582 2050 unus
2613 2012 2826 2065 quoque
2862 2008 2947 2052 est
2988 1998 3248 2054 Dominus
3300 2000 3459 2055 Jesus
3513 2002 3669 2054 Chri-

2085 2097 2217 2149 SlIIS.
2252 2102 2346 2156 per
2394 2102 2552 2156 quem
2606 2090 2784 2143 omnia
2836 2089 2875 2142 ⁸.
2912 2089 3045 2144 Nan
3102 2089 3337 2144 Verbum
3387 2093 3537 2153 illud,
3574 2110 3667 2159 per

2936 2184 3037 2236 hoe
3092 2193 3173 2237 est
3247 2184 3407 2238 homo
3467 2184 3665 2238 factum

2371 2363 2875 2428 Caeterum,eorum
2930 2366 3071 2421 diota
3121 2382 3241 2420 eum
3313 2371 3513 2421 nostris
3564 2386 3669 2421 non

2094 2456 2225 2509 satis
2259 2464 2579 2523 congruunt.
2629 2454 2757 2509 Nam
2808 2466 2862 2510 et
2901 2456 2998 2526 ipsi
3026 2473 3240 2528 quoque
3279 2476 3443 2513 unum
3496 2461 3667 2515 solum

2094 2548 2362 2601 Christqu
2429 2560 2616 2617 aperte
2682 2552 3039 2615 constituunt,
3101 2561 3153 2605 et
3213 2567 3376 2604 unum
3456 2552 3670 2605 Emmav

2095 2640 2305 2693 nuelem
2355 2641 2406 2692 in
2462 2642 2597 2695 duos
2651 2640 2929 2705 divellere,
2983 2652 3237 2710 tanquam
3284 2659 3395 2697 rem
3458 2659 3668 2697 summa

2095 2746 2215 2785 eum
2259 2731 2538 2799 impietate
2579 2730 2945 2799 coniunctam,
2988 2747 3336 2801 summopere
3379 2749 3672 2788 exsecran-

2098 2832 2186 2875 tur
2220 2841 2233 2877 :
2266 2823 2358 2877 sed
2393 2821 2629 2877 Verbum
2685 2824 2900 2877 interim
2931 2826 3106 2887 carni,
3141 2841 3261 2894 quae
3289 2826 3545 2891 humana,
3569 2829 3673 2881 hoc

2096 2929 2197 2980 ρει,
2228 2918 2437 2970 ratione
2468 2916 2691 2986 prazdita
2745 2916 2922 2970 anima
2974 2928 3136 2971 exuta
3189 2917 3551 2987 destitutoque
3580 2920 3672 2982 sit,

2100 3008 2305 3060 unitum
2336 3008 2661 3076 pradicant;
2692 3017 2744 3061 et
2775 3024 2873 3061 cur
2914 3010 3052 3062 istud
3099 3010 3392 3079 pra-dicare
3417 2997 3670 3074 debeant,

2100 3096 2361 3151 rationem
2395 3098 2682 3150 admodum
2709 3098 3049 3166 plausibilem
3080 3101 3411 3168 comperisse.
3430 3116 3487 3154 se
3515 3112 3672 3154 autu-

413 3193 579 3261 φασὶ,
627 3189 766 3242 κατά
820 3187 1069 3240 σύνθεσιν
1122 3188 1257 3256 πρὸς
1308 3186 1424 3249 ἑνὸς
1471 3187 1678 3239 τελείου
1733 3190 1988 3241 σύστασιν

2100 3198 2267 3241 mant.
2300 3188 2467 3241 Aiunt
2494 3187 2801 3256 enim,qu
2833 3190 2899 3242 ad
2947 3190 3106 3244 unius
3150 3190 3372 3258 perfecti
3412 3195 3675 3245 constitu-

416 3279 930 3352 συνδεδραμηκότα,
970 3279 1111 3349 μέρη
1139 3295 1196 3329 τε
1289 3279 1383 3331 καὶ
1409 3278 1469 3342 ἐξ
1512 3280 1716 3332 ἀτελῶν
1763 3279 1991 3350 ὁρᾶσθαι

415 3374 583 3443 φιλεῖο
614 3371 708 3425 τοῦ
745 3371 966 3433 τελείως
1017 3370 1231 3440 ἔχοντος
1281 3369 1401 3422 καθ’
1432 3370 1627 3430 ἑαυτὸ,
1664 3373 1758 3424 καὶ
1809 3371 1882 3435 ὡς
1935 3374 1991 3423 ὲν

418 3467 525 3535 ἰδία
560 3464 741 3532 φύσει,
779 3464 877 3532 τῆς
916 3462 982 3513 ἐκ
1012 3461 1193 3530 μερῶν
1222 3460 1523 3524 συνθέσεως
1558 3461 1618 3513 οὐ
1647 3460 1988 3530 δεδεημένου.

417 3556 731 3625 Τοιγάρτοι,
773 3552 925 3621 φασὶ,
992 3549 1351 3621 παραιτητέον
1418 3549 1661 3613 εἰκότως,
1708 3549 1991 3617 ἄνθρωπον

416 3646 599 3700 δοῦναι
634 3644 860 3708 τέλειον,
891 3642 981 3695 τὸν
1013 3640 1377 3694 συνενωθέντα
1409 3640 1490 3709 τῷ
1522 3641 1679 3710 Λόγῳ
1724 3640 1870 3705 ναὸν,
1906 3640 1994 3693 ἵνα

415 3741 511 3792 καὶ
545 3740 577 3806 ὴ
614 3739 807 3799 ’ἐνωσις
856 3775 869 3798 ,
904 3736 1049 3806 ἥπερ
1081 3734 1146 3787 ἂν
1193 3734 1286 3785 ἐπὶ
1319 3732 1541 3803 Χριστῷ
1589 3736 1761 3786 νοοῖτο
1807 3732 1993 3801 τυχὸν,

418 3829 623 3900 ἀκριϐῆ
653 3844 711 3879 τε
763 3826 859 3880 καὶ
893 3825 1213 3895 ἀδιάϐλητον
1263 3825 1352 3878 τὸν
1409 3825 1495 3875 ἐπ’
1522 3824 1690 3893 αὐτῆς
1720 3823 1993 3886 ἁποσώξοι

414 3920 592 3988 λόγον.
636 3919 745 3972 Καὶ
801 3919 906 3988 μὴν
954 3919 1172 3971 κάκεῖνο
1225 3915 1508 3986 προσθεῖεν
1555 3916 1641 3977 ἂν,
1672 3914 1859 3986 ὥσπερ
1903 3911 1994 3967 οὖν

415 4012 654 4083 ἡγοῦμαι
713 4054 726 4078 ,
752 4010 931 4064 πάλιν.
965 4010 1024 4061 Ei.
1051 4009 1157 4078 γὰρ
1190 4008 1247 4072 ἐξ
1277 4006 1565 4077 ἀνθρώπου
1587 4006 1815 4071 τελείου,
1836 4008 1991 4075 φασὶ,

416 4103 509 4154 καὶ
540 4101 632 4153 τοῦ
670 4101 734 4154 ἐκ
763 4099 857 4152 τοῦ
890 4099 1101 4169 [ἰατρὸς
1139 4098 1289 4160 ὄντος
1316 4098 1490 4166 Λόγου
1522 4098 1767 4168 φήσομεν
1851 4094 1988 4149 εἶναι

414 4196 505 4248 τὸν
540 4192 908 4263 Ἑμμανουὴλ,
942 4192 1002 4243 οὐ
1069 4190 1240 4260 βραχὺ
1298 4191 1357 4242 τὸ
1414 4188 1606 4259 δεῖμα,
1670 4189 1868 4259 μᾶλλον
1932 4190 1988 4241 δὲ

415 4285 746 4352 ἀδιάφυκτον
812 4284 911 4353 ἤδη
952 4298 1068 4343 πως
1133 4282 1486 4349 ἀναφανεῖται
1546 4280 1752 4342 λοιπὸν,
1788 4280 1845 4329 τὸ
1894 4280 1986 4330 καὶ

414 4374 729 4445 ἀϐουλήτως
775 4374 886 4425 δεῖν
932 4371 1025 4425 δύο
1072 4371 1169 4440 μὲν
1200 4372 1367 4435 υἱοὺς,
1416 4372 1684 4437 Χριστοὺς
1728 4366 1860 4422 δἀῦ
1897 4370 1989 4421 δύο

416 4468 631 4536 φρονεῖν
676 4482 736 4516 τε
784 4465 877 4517 καὶ
928 4464 1127 4531 λέγειν.
1159 4458 1291 4515 Εἶτα
1324 4463 1377 4513 τί
1402 4460 1613 4524 τούτοις
1656 4462 1988 4531 ἁντεροῦμεν

2101 3279 2301 3332 tionem
2347 3292 2445 3343 per
2492 3278 2938 3346 compositionem
2997 3290 3353 3341 concurrunt,
3383 3295 3445 3332 ea
3496 3291 3674 3349 partes

2098 3383 2219 3424 esse
2236 3381 2287 3424 et
2312 3371 2749 3440 imperl'eetorum
2779 3377 3040 3428 rationem
3074 3374 3319 3429 obtinere
3344 3392 3357 3437 ;
3386 3390 3509 3429 nam
3534 3376 3673 3443 quod

2098 3461 2397 3527 perfectum
2430 3472 2512 3516 est
2540 3478 2632 3532 per
2671 3479 2749 3529 se,
2782 3473 2942 3534 atque
2971 3474 3028 3517 ut
3080 3465 3132 3518 in
3191 3466 3403 3535 propria
3461 3477 3675 3529 natura,

2100 3568 2203 3603 non
2248 3566 2382 3620 Opus
2442 3554 2622 3616 habet,
2662 3563 2721 3605 ut
2775 3554 2842 3608 ad
2893 3554 3172 3623 partialem
3230 3554 3673 3621 compositionem

2096 3643 2276 3696 veniat
2305 3662 2319 3695 :
2354 3652 2517 3712 atque
2544 3644 2664 3697 ideo
2690 3645 2990 3698 cavendum
3018 3659 3141 3700 esse
3192 3646 3383 3699 sedulo
3436 3661 3501 3699 ne
3542 3656 3677 3699 tem-

2094 3735 2263 3804 plum,
2293 3737 2437 3803 quod
2470 3734 2648 3790 Verbo
2677 3737 2890 3790 unitum
2927 3746 3031 3801 est,
3068 3737 3368 3806 perfectum
3400 3739 3671 3791 hominem

2094 3828 2369 3882 exstitisse
2416 3830 3068 3894 eoneedeutes,cxaetam
3124 3831 3269 3883 illam
3319 3831 3479 3886 unius
3508 3834 3676 3885 ratio-

2095 3934 2235 3980 nem,
2267 3934 2385 3985 quzc
2428 3920 2478 3972 in
2503 3919 2719 3973 Christo
2768 3922 3032 3974 accidisse
3080 3922 3437 3989 dignoscitur,
3468 3924 3674 3975 ineritze

2093 4010 2373 4062 calumniae
2421 4026 2776 4079 exponamus.
2815 4012 2951 4077 Quin
3008 4021 3063 4065 cl
3113 4013 3240 4066 illud
3294 4028 3509 4082 quoque
3573 4014 3676 4067 huc

2101 4100 2405 4168 adjecturos
2438 4103 2716 4169 suspicor;
2758 4118 2970 4171 nempe,
2998 4103 3040 4156 si
3071 4118 3134 4157 ex
3166 4104 3381 4157 homine
3415 4104 3673 4171 perfecto,

2100 4202 2150 4244 et
2178 4190 2268 4244 Dei
2303 4192 2479 4247 Patris
2516 4193 2688 4247 Verbo
2749 4194 3157 4249 Euimauuelem
3210 4196 3480 4249 coaluisse
3528 4196 3677 4249 diea-

2091 4299 2232 4345 ntns,
2270 4283 2322 4335 in
2355 4282 2483 4337 illud
2517 4300 2613 4339 nos
2662 4295 2711 4340 et
2759 4304 3033 4356 maguum,
3067 4297 3115 4340 et
3154 4288 3312 4357 plane
3365 4289 3677 4343 ichitabile

2089 4373 2385 4438 perieulum
2415 4382 2672 4429 venturos
2705 4389 2844 4439 esse,
2868 4386 2925 4428 ut
2957 4376 3037 4429 vel
3072 4378 3222 4430 inviti
3248 4379 3381 4431 duos
3406 4379 3673 4445 Christus,

2088 4476 2140 4516 et
2174 4466 2309 4519 duos
2364 4467 2547 4520 itidem
2593 4466 2729 4521 ﬁlios
2787 4478 2972 4523 tenere
3017 4480 3070 4523 et
3120 4471 3362 4539 proﬁteri
3396 4487 3672 4540 cogamur.

415 4559 605 4626 ήμεῖς;
656 4555 879 4623 Πρῶτον
911 4558 1028 4624 μὲν,
1059 4555 1140 4607 ὅτι
1166 4553 1266 4623 τῆς
1300 4555 1533 4617 πίστεως
1562 4554 1660 4622 τὴν
1685 4552 1854 4615 οὕτως
1887 4556 1986 4621 ἀρ-

2092 4554 2253 4621 Ccdo,
2288 4558 2412 4624 quid
2476 4575 2573 4612 nos
2633 4562 2696 4612 ad
2758 4562 2870 4614 lucc
2916 4562 3677 4631 respondebimus?Apprime

418 4650 739 4721 χαιοτάτην,
764 4649 859 4701 καὶ
897 4644 956 4710 ἐξ
985 4646 1163 4699 αὐτῶν
1196 4646 1306 4698 τῶν
1348 4646 1516 4711 ἁγίων
1565 4646 1876 4698 ἀποστόλων
1919 4647 1998 4698 δι-

420 4743 659 4811 ήκουσαν
689 4742 768 4803 εἰς
798 4740 943 4808 ἡμᾶς
977 4738 1294 4807 παράδοσιν,
1328 4737 1388 4788 οὐ
1431 4739 1553 4799 ταῖς
1585 4737 1954 4807 ὑπερμέτρςιις

420 4832 727 4903 ἀκριϐείαις
749 4830 1035 4883 καταλύειν
1103 4829 1274 4895 ἄξιον,
1302 4827 1425 4882 οὔτε
1454 4829 1558 4899 μὴν
1582 4833 1701 4893 ταῖς
1732 4832 1809 4892 εἰς
1833 4830 1999 4900 ἄκρον

420 4923 669 4992 ἐρεύναις
717 4921 1011 4990 ὑποφέρειν
1054 4920 1123 4972 τὰ
1192 4920 1332 4988 ὑπὲρ
1380 4920 1523 4983 νοῦν,
1554 4920 1813 4973 ἁλλόύδὲ
1846 4921 2001 4990 ἥκειν

420 5018 497 5077 εἰς
546 5016 711 5086 μέσον
760 5011 956 5083 οἷάπερ
981 5013 1133 5075 τινας
1174 5011 1429 5082 ὁριστὰς,
1478 5012 1569 5063 καὶ
1620 5010 2005 5082 ῥιψοκινδύνως

421 5108 712 5176 λέγοντας,
759 5107 833 5169 ὡς
887 5107 947 5157 τὸ
993 5108 1139 5157 δεῖνα
1188 5104 1286 5174 μὲν
1336 5104 1533 5174 ὀρθῶς,
1565 5103 1624 5154 τὸ
1661 5104 1805 5156 δεῖνα
1856 5104 1897 5154 δ’
1936 5097 2002 5156 αὖ

422 5202 625 5269 ἑτέρως
656 5199 822 5269 ἔχειν.
842 5199 1038 5268 Ἐχρῆν
1074 5197 1271 5267 δήπου,
1295 5196 1391 5247 καὶ
1418 5191 1484 5263 ἦν
1513 5196 1733 5263 ἄμεινον
1768 5194 2001 5264 ἀληθῶς,

424 5294 719 5361 ἀπονέμειν
757 5292 959 5361 μᾶλλον
1014 5292 1091 5361 τῷ
1125 5289 1383 5358 πανσόφῳ
1413 5288 1530 5357 Θεῷ
1570 5288 1677 5339 τῶν
1715 5287 1858 5339 ἰδίων
1890 5287 2005 5340 δια-

426 5387 669 5455 σκέψεων
716 5386 816 5455 τὴν
867 5386 1006 5449 ὁδὸν,
1044 5386 1138 5438 καὶ
1173 5384 1245 5455 μὴ
1274 5388 1384 5447 τοῖς
1422 5380 1480 5435 εὖ
1518 5381 1661 5451 ἔχειν
1695 5382 1825 5451 παρ’
1857 5382 2004 5451 αύτῴ

422 5477 925 5547 δεδοκιμασμένος,
998 5478 1226 5539 ἀνοσίως
1289 5477 1573 5547 ἐπιτιμᾷν.
1634 5474 2004 5543 ’Λκουσόμεθα

425 5570 532 5638 γὰρ
564 5570 811 5636 λέγοντος
844 5569 1120 5637 ἐναργῶς·
1157 5587 1174 5620 ι
1205 5569 1277 5620 Οὐ
1308 5568 1414 5638 γάρ
1440 5571 1577 5620 εἰσιν
1612 5570 1663 5620 αἱ
1692 5566 1874 5636 βουλαί
1906 5583 2006 5635 μου

1330 5660 1351 5673 η

426 5661 613 5729 ὥσπερ
648 5662 703 5714 αἱ
737 5660 923 5729 βουλαὶ
952 5660 1125 5730 ὑμῶν,
1158 5660 1279 5713 οὐδὲ
1320 5660 1508 5728 ὥσπερ
1542 5661 1596 5711 αἱ
1627 5660 1734 5713 ειδοὶ
1766 5659 1919 5727 ὑμῶν
1954 5661 2004 5709 αἱ

499 5781 519 5817 ⁸
544 5785 568 5840 ι
593 5784 715 5839 Cor.
754 5798 866 5848 un,
889 5785 940 5839 6.

2098 4644 2373 4712 indignum
2409 4655 2530 4694 esse
2591 4655 2689 4693 nos
2715 4640 3148 4708 antiquissimam
3184 4642 3305 4695 lidei
3335 4645 3679 4696 traditionem

2096 4735 2184 4805 (ut
2243 4750 2363 4803 qua:
2404 4734 2470 4787 ab
2502 4733 2632 4801 ipsis
2684 4732 2888 4785 sanctis
2920 4734 3176 4801 apostolis
3213 4735 3451 4801 profeeta
3479 4738 3543 4788 ad
3582 4754 3678 4791 nos

2097 4842 2264 4896 usque
2284 4826 2564 4895 pervenit)
2593 4833 2809 4895 propter
2835 4824 3080 4878 curiosas
3120 4825 3378 4892 quasdam
3406 4842 3466 4879 ac
3490 4843 3679 4896 super-

2097 4932 2362 4971 vacuae-as
2410 4917 2651 4971 rationes
2699 4932 2761 4969 ac
2813 4915 3232 4985 disceptationes
3285 4918 3558 4983 deserere,
3601 4925 3677 4975 ιρι

2099 5010 2279 5064 nimiis
2306 5009 2747 5077 inquisitimiibus
2782 5008 3029 5060 humana:
3057 5010 3252 5063 mentis
3280 5022 3495 5080 captum
3522 5031 3681 5067 exec-

2094 5102 2275 5155 dentia
2303 5102 2610 5167 subjicere;
2778 5098 2857 5151 vel
2890 5098 2941 5151 iu
2973 5099 3205 5151 medium
3255 5103 3477 5158 exsilire
3516 5105 3676 5158 \‘t'luli

2090 5195 2322 5264 jndtees,
2356 5203 2413 5245 ut
2447 5204 2630 5246 nostro
2672 5206 2856 5255 sensu,
2892 5201 3198 5259 contempto
3232 5195 3490 5261 periculo,
3526 5199 3680 5262 quid-

2096 5288 2176 5340 ris
2214 5285 2521 5349 metientes,
2550 5285 2795 5338 dicamus
2826 5302 2837 5335 :
2871 5282 2981 5337 lloc
3025 5294 3170 5338 recte
3223 5302 3279 5337 se
3336 5288 3514 5347 habet,
3550 5286 3677 5339 illud

2099 5392 2223 5428 vero
2257 5372 2666 5438 secus.Quanto
2711 5374 2902 5437 satius,
2940 5385 3249 5441 quantoque
3300 5374 3483 5425 utilius
3516 5372 3674 5437 foret,

2096 5467 2493 5535 sapientissimo
2516 5464 2623 5519 Deo
2657 5465 3005 5518 consiliorum
3055 5478 3271 5517 suorum
3326 5463 3559 5515 rationes
3589 5466 3669 5516 iu-

2099 5571 2243 5627 tegre
2274 5560 2607 5627 permittere,
2646 5568 2698 5611 et
2724 5572 2784 5610 ea
2822 5572 2938 5625 qua:
2984 5557 3081 5625 ipsi
3113 5556 3491 5623 probatissima
3528 5568 3673 5617 sunt,

2097 5654 2257 5719 impie
2281 5670 2383 5707 non
2410 5654 2823 5722 reprehendere,
2862 5652 3154 5719 [H‘tL‘SCI‘litii
3177 5665 3297 5702 eum
3328 5649 3469 5702 illum
3491 5663 3677 5719 aperte
