4082 6392
398 284 507 351 915

1611 287 1997 351 ΕυΤΙΙΥΜΗ
2034 290 2207 352 ZIGA
2222 289 2397 349 BEN!

2184 189 2232 201 -ις

3555 300 3665 368 {liti

399 436 771 502 dicentem,et
817 433 976 503 quasi
1009 431 1441 501 expostulantem
1477 430 1797 484 audiamus:
1823 449 1840 481 c
1867 428 1979 485 Non

2081 429 2189 483 ὁδοί
2223 447 2324 501 μου
2344 444 2358 457 '
2412 429 2529 484 ἀλλ’
2556 429 2633 494 ὡς
2662 432 2855 502 ἀπέχει
2899 432 2927 484 ὁ
2959 432 3188 505 οὐρανός
3234 433 3343 488 ἀπὸ
3384 437 3482 506 τῆς
3512 436 3615 506 γῆς
3644 478 3662 498 ,

400 537 527 583 sunt
560 526 783 582 consilia
816 540 935 579 mea
965 523 1098 579 sicut
1120 521 1342 577 consilia
1378 531 1578 585 vestra,
1607 536 1704 576 nec
1729 521 1828 576 vite
1852 538 1983 577 meae

402 629 463 674 ut
486 619 589 675 via:
623 629 816 673 vestra:
841 633 854 669 :
883 615 976 670 sed
1030 615 1175 668 sicut
1214 614 1379 668 distat
1428 612 1626 668 ccelum
1658 629 1687 668 a
1716 623 1882 678 terra,
1908 617 1981 668 ita

401 714 504 767 viae
528 727 707 766 meam
737 711 838 765 viis
878 710 1095 773 vestris,
1119 718 1176 763 et
1217 707 1575 776 cogitationes
1608 722 1738 762 mete
1770 724 1797 761 a
1829 710 1979 779 Cogi-

402 803 695 857 tationibus
727 803 918 856 vestris
970 803 1004 854 ⁸.
1038 819 1056 852 ι

694 893 875 960 Quare
913 894 1041 948 licet
1076 893 1358 960 templum,
1392 889 1534 961 quod
1562 888 1742 947 Verbo
1770 892 1978 944 unitum

401 997 506 1055 est,
545 987 721 1040 anima
753 984 989 1040 humana
1021 986 1319 1054 perlectum
1348 993 1404 1039 et
1449 983 1800 1038 informatum
1829 991 1981 1036 certo

400 1081 709 1144 credamus,
749 1092 855 1131 non
909 1078 1045 1131 duos
1097 1088 1276 1131 tamen
1335 1075 1476 1130 filios
1536 1076 1847 1138 adoramus,
1883 1088 1981 1127 nec

397 1175 534 1228 duos
564 1171 816 1226 Cliristos
845 1170 1212 1240 agnoscimus.
1239 1167 1311 1225 Ut
1343 1169 1487 1221 enim
1520 1167 1732 1220 tametsi
1764 1165 1983 1219 Emma-

400 1265 613 1319 nueletn
671 1278 734 1317 ex
794 1262 907 1316 sola
963 1275 1128 1315 carne
1162 1269 1218 1313 et
1256 1259 1345 1312 Dei
1395 1257 1570 1311 Patris
1605 1252 1979 1321 Verbo,jnxta

400 1355 717 1425 opinionem
781 1369 944 1420 quam
1001 1350 1077 1405 illi
1135 1338 1587 1419 complectuntur,
1617 1345 1978 1415 compositum

401 1452 670 1507 statuant,
731 1441 877 1495 nulla
909 1440 1083 1494 adhuc
1117 1446 1297 1492 tamen
1349 1438 1558 1491 ratione
1590 1436 1694 1490 huc
1731 1435 1806 1489 illi
1840 1433 1981 1503 adigi

400 1546 463 1587 se
500 1538 837 1604 paterentur,
883 1538 937 1583 ut
961 1542 1126 1582 carne
1161 1541 1431 1586 seorsum,
1455 1534 1511 1579 et
1542 1523 1832 1604 Unigenito
1858 1537 1979 1576 rur-

399 1596 521 1676 sum
552 1635 797 1676 seorsum
853 1611 1050 1688 posito,
1095 1618 1229 1673 duos
1269 1616 1512 1670 Cbristos
1560 1596 1977 1683 profiterentur;

2080 520 2254 587 οῦτως
2280 523 2474 593 ἀπέχει
2507 524 2539 594 ἡ
2569 523 2687 588 ὁδός
2721 542 2823 595 μου
2851 524 2959 579 ἀπὸ
2986 526 3099 581 τῶν
3113 527 3249 581 ὁδῶν
3278 529 3453 599 ὑμῶν,
3474 530 3568 582 καὶ
3592 530 3660 583 τὰ

2082 610 2419 682 διανοήματα
2453 613 2609 683 ὑμῶν
2640 614 2747 667 ἀπὸ
2781 614 2879 684 τῆς
2907 616 3145 681 διανοίας
3182 635 3302 689 μου.
3336 638 3356 671 ι

2308 884 2469 946 Υἱοὺς
2527 883 2584 937 δὲ
2610 882 2727 937 οῦτι
2763 902 2866 938 που
2903 885 2995 938 δύο
3033 889 3504 957 προσκυνήσομεν,
3534 888 3661 941 ἀλλ’

2080 975 2201 1028 οὐδὲ
2233 977 2502 1047 Χριστοὺς
2532 977 2763 1047 ἐροῦμεν
2782 975 2893 1037 δύο,
2918 976 3023 1030 κᾶν
3047 977 3359 1048 ἐψιιχῶσθαι
3393 979 3658 1033 πιστεύω⁴

2084 1084 2183 1137 μεν
2205 1067 2350 1139 ψυχῇ
2374 1068 2564 1139 λογικῇ
2592 1068 2681 1121 τὸν
2709 1067 2979 1121 ἐνωθέντα
3000 1069 3078 1139 τῷ
3111 1071 3267 1140 Λόγῳ
3297 1072 3662 1141 ναόν.”Ωτπερ

2080 1160 2217 1230 γὰρ,
2245 1159 2385 1213 κατὰ
2409 1177 2472 1228 γε
2504 1160 2565 1211 τὸ
2610 1160 2841 1223 ἐκείνοις
2868 1157 2926 1214 εῦ
2958 1161 3103 1231 ἔχειν
3133 1161 3343 1220 δοκοῦν.
3380 1163 3484 1216 κᾶν
3517 1164 3564 1215 εί
3597 1166 3662 1217 ὲκ

2085 1251 2251 1322 μόνης
2276 1250 2487 1319 λέγοιτο
2605 1250 2707 1319 τῆς
2735 1249 2957 1321 σαρκὸς,
2986 1250 3184 1304 καὶτοῦ
3203 1253 3268 1303 ὲκ
3289 1253 3422 1304 Θεοῦ
3453 1254 3661 1324 [πατρὸς

2081 1342 2388 1411 πεφηνότος
2437 1341 2634 1409 Λόγου,
2665 1341 2841 1404 οὐδεὶς
2881 1342 3077 1404 αὐτοὺς
3115 1343 3396 1395 ἀναπείσει
3436 1345 3663 1415 τρόπος,

2081 1431 2187 1487 ἀνὰ
2220 1430 2384 1503 μέρος
2408 1431 2506 1503 τὴν
2542 1431 2720 1503 σάρκα
2751 1431 3019 1496 τιθέντας,
3056 1432 3148 1484 καὶ
3173 1433 3274 1485 ἀνα
3311 1434 3477 1504 μέρος
3499 1435 3660 1488 αὐτὸν

2080 1523 2385 1591 Μονογενῆ,
2412 1521 2581 1575 δυάδα
2631 1522 2687 1575 δὲ
2727 1522 2976 1593 Χριστῶν
3013 1522 3297 1591 ὁμολογεῖν
3320 1540 3332 1552 ’
3365 1522 3508 1575 οὓτω
3558 1523 3663 1577 κᾶν

2080 1615 2147 1684 τῇ
2170 1611 2292 1666 καθ’
2319 1614 2469 1682 ἡμᾶς
2504 1612 2886 1683 ἀνθρωπότητι
2913 1611 3131 1675 τελείως
3162 1612 3382 1685 ἐχούσῃ,
3427 1614 3569 1667 κατά
3592 1631 3655 1682 γε

402 1716 480 1769 ita
508 1728 607 1768 nos
659 1726 889 1781 quoque,
921 1709 1171 1779 quamvis
1224 1706 1319 1761 Dei
1362 1705 1618 1769 Verbum,
1656 1707 1978 1760 humanitati

2079 1704 2171 1757 τὸν
2198 1705 2299 1776 τῆς
2332 1704 2468 1768 ἰδίας
2515 1704 2728 1772 φύσεως
2778 1704 2956 1772 λόγον,
2988 1705 3151 1757 οἱονεὶ
3185 1706 3570 1776 συνενηνέχθαι
3597 1723 3658 1759 τε

401 1816 605 1861 nostrze
638 1805 931 1859 secundum
959 1801 1187 1871 propriae
1221 1810 1425 1854 natura:
1459 1800 1724 1853 rationem
1757 1798 1980 1853 omnino

399 1897 641 1969 perfecte
694 1897 928 1957 unitum,
971 1891 1337 1961 ineﬂ‘abilique
1404 1906 1467 1945 ac
1528 1891 1982 1959 incomprehenso

401 1989 563 2059 plane
593 1988 754 2041 modo
795 1988 1060 2040 sociatum
1099 1984 1453 2048 aﬂirmainus,
1505 1999 1609 2035 non
1642 1984 1776 2038 duos
1799 1995 1977 2035 tamen

402 2079 543 2135 lliios
596 2088 774 2133 mente
822 2076 1182 2146 concipimus,
1216 2075 1312 2129 sed
1379 2090 1541 2127 unum
1601 2076 1978 2143 enimleinque,

401 2168 494 2241 qui
528 2167 744 2238 quidem
793 2175 987 2220 natura
1032 2164 1172 2219 Deus
1222 2164 1515 2226 cxsisteus,
1546 2174 1730 2232 utpote
1767 2179 1832 2219 ex
1887 2162 1975 2215 Dei

402 2270 461 2315 et
492 2258 670 2313 Patris
704 2257 1008 2313 substantia
1048 2265 1219 2318 ortus,
1253 2264 1306 2307 et
1359 2254 1412 2307 in
1475 2253 1739 2306 extremis
1796 2253 1977 2307 smculi

403 2350 739 2421 temporibus
799 2350 959 2402 homo
1009 2345 1185 2401 factus
1245 2349 1291 2406 ',
1331 2355 1391 2399 et
1434 2359 1499 2398 ex
1554 2360 1709 2398 saera
1760 2345 1978 2413 deipara

400 2442 627 2513 Virgine
655 2448 835 2502 natus,
863 2452 985 2493 eum
1017 2453 1045 2489 a
1080 2435 1259 2499 nobis,
1302 2443 1413 2489 tum
1461 2436 1529 2488 ub
1586 2435 1719 2505 ipsis
1763 2448 1979 2504 quoque

401 2533 606 2588 sanctis
645 2529 871 2599 angelis,
907 2526 1204 2582 secundum
1260 2525 1568 2595 Seriptnras
1626 2530 1673 2592 ³,
1704 2525 1901 2580 colitur
1926 2535 1981 2579 et

400 2622 679 2677 adoratur.

645 2712 798 2780 Quod
850 2712 893 2768 si
936 2711 1174 2766 dixerint
1200 2726 1371 2782 genus
1407 2721 1654 2768 nostrum
1689 2711 1805 2766 solo
1847 2710 1977 2766 Un—i-

401 2806 571 2877 geniti
625 2808 859 2861 adventu
914 2805 1212 2875 indiguisse
1277 2816 1440 2875 atque
1479 2806 1602 2859 ideo
1631 2805 1805 2873 illum,
1835 2805 1977 2875 quod

398 2902 473 2956 ab
507 2901 574 2955 iis
603 2900 778 2970 quiin
826 2900 985 2954 terris
1023 2899 1244 2969 degunt,
1283 2899 1456 2963 cerni,
1510 2899 1792 2967 amiceque
1855 2914 1976 2952 cum

2079 1795 2176 1848 καὶ
2209 1792 2453 1864 ἡνῶσθαι
2499 1793 2745 1863 λέγωμεν
2775 1793 3109 1864 ἀπορῤήτως
3139 1809 3199 1846 τε
3236 1793 3333 1847 καὶ
3362 1794 3501 1867 ὑπὲρ
3535 1793 3658 1847 νοῦν

2079 1887 2171 1938 τὸν
2214 1887 2279 1938 ὲκ
2320 1884 2455 1938 Θεοῦ
2497 1885 2689 1953 Λόγον,
2725 1885 2824 1953 οὐχ
2853 1886 2986 1937 υἱῶν
3009 1884 3176 1937 δυάδα
3201 1886 3493 1956 νοήσομεν,
3531 1886 3660 1939 ἀλλ’

2081 1977 2178 2029 ἕνα
2205 1978 2299 2029 καὶ
2332 1976 2427 2028 τὸν
2451 1976 2636 2037 αὑτὸν,
2669 1975 2831 2043 φύσει
2871 1977 2972 2046 μὲν
3000 1978 3129 2031 ὄντα
3160 1977 3314 2041 Θεδν,
3341 1978 3435 2028 καὶ
3479 1977 3539 2042 ἐξ
3565 1977 3661 2030 αὐ·

2080 2067 2179 2137 τῆς
2212 2067 2489 2137 πεφηνότα
2530 2067 2632 2137 τῆς
2677 2067 2863 2131 οὐσίας
2894 2068 2989 2120 τοῦ
3022 2067 3157 2121 Θεοῦ
3203 2069 3296 2121 καὶ
3333 2070 3572 2141 Πατρόςσ
3600 2072 3661 2122 ὲν

2079 2158 2330 2226 ἐσχάτοις
2358 2157 2415 2210 δὲ
2440 2157 2533 2210 τοῦ
2562 2158 2757 2221 αἰῶνος
2785 2162 2998 2229 καιροῖς
3033 2160 3322 2230 γενόμενον
3346 2161 3655 2231 ἄνθρωπον,

2081 2250 2177 2304 καὶ
2207 2249 2297 2303 διὰ
2336 2251 2433 2320 τῆς
2472 2251 2635 2318 ἁγίας
2665 2252 2760 2304 καὶ
2789 2252 3053 2306 Θεοτόκου
3090 2254 3363 2324 Παρθένου
3397 2271 3658 2324 γεγεννη-

2083 2339 2263 2410 μένον,
2298 2341 2395 2393 καὶ
2426 2341 2562 2411 πρός
2595 2359 2652 2395 τε
2685 2343 2843 2412 ἡμῶν
2873 2343 3052 2398 αὐτῶν
3084 2344 3178 2397 καὶ
3214 2346 3321 2397 τῶν
3352 2345 3522 2414 ἁγίων
3553 2346 3657 2414 ἀγ-

2080 2431 2254 2501 γέλων
2289 2432 2792 2504 προσκυνούμενον,
2821 2436 2963 2488 κατὰ
2988 2434 3085 2497 τὰς
3113 2436 3356 2506 Γραφάς.

2295 2722 2356 2774 Εἰ
2385 2719 2442 2773 δὲ
2471 2719 2535 2791 δὴ
2564 2722 2737 2789 φατεν,
2770 2720 2853 2773 ὅτι
2885 2721 3055 2790 μόνης
3086 2720 3183 2789 μὲν
3223 2718 3395 2771 ἐδεῖτο
3418 2718 3487 2771 τὰ
3519 2717 3656 2772 καθ’

2080 2815 2227 2885 ἡμᾶς
2271 2815 2368 2883 τῆς
2412 2810 2508 2864 τοῦ
2557 2810 2897 2879 Μονογενοῦς
2942 2810 3272 2880 ἐπιδημίας’
3302 2809 3562 2881 ἐθελήσας
3597 2810 3655 2863 δὲ

2079 2905 2311 2975 ὀφθῆναι
2337 2906 2450 2967 τοῖς
2479 2905 2569 2957 ἐπὶ
2599 2905 2721 2974 γῆς,
2746 2906 2840 2957 καὶ
2862 2902 3170 2973 ἀνθρώποις
3202 2902 3655 2971 συναναστραφῆ-

397 2988 709 3048 hominibus
737 2991 1068 3056 conversari,
1105 3002 1159 3045 et
1187 2993 1309 3046 vita:
1340 2992 1668 3061 evangelicae
1713 2992 1851 3045 viain
1884 3006 1979 3044 no-

2078 3014 2186 3061 ναι,
2218 2993 2539 3066 παραδείξαί
2580 3012 2642 3048 τε
2681 2997 2817 3065 ἡμῖν
2864 2995 2964 3063 τῆς
3012 2994 3310 3065 ἀγγελικῆς
3382 2993 3652 3057 πολιτείας

395 3085 483 3140 his
514 3092 933 3155 prasinonstrare
983 3083 1164 3148 vellet,
1188 3083 1585 3152 dispensatoria
1616 3084 1850 3153 quadam
1885 3097 1975 3137 ra-

2078 3088 2175 3159 τὴν
2208 3060 2346 3151 ὁδὸν,
2377 3060 2736 3156 οἰκονομικῶς
2754 3060 3071 3156 ἠμπίσχετο
3100 3060 3230 3156 *τὴν
3259 3060 3449 3155 ῦμοιαν
3521 3087 3655 3156 ἡμῖν

396 3178 549 3234 tione
571 3176 741 3231 solam
781 3190 1007 3230 carnem
1051 3175 1208 3231 nobis
1241 3176 1475 3230 similem
1531 3174 1769 3229 induisse
1799 3173 1976 3245 (Deus

396 3284 634 3338 namque
670 3270 966 3323 secundum
991 3283 1143 3322 suam
1165 3278 1409 3320 naturam
1429 3268 1530 3321 sub
1566 3275 1843 3336 aspectum
1870 3280 1973 3319 non

397 3361 606 3431 cadit),
645 3360 721 3413 illi
763 3359 1157 3413 incarnationis
1208 3373 1431 3427 scopum
1476 3373 1534 3411 se
1560 3358 1826 3427 ignorare,
1865 3372 1978 3410 ma-

397 3467 675 3522 gnumque
741 3451 871 3506 illud
928 3452 1147 3522 pietatis
1182 3452 1496 3524 mysterium
1549 3453 1570 3482 ⁸
1612 3466 1835 3521 prorsus
1865 3466 1972 3503 non

398 3543 722 3615 intelligere,
749 3553 935 3614 aperte
969 3544 1283 3598 ostendunt.
1313 3543 1444 3599 Nam
1472 3543 1516 3598 si
1551 3540 1877 3614 Uuigenitus
1908 3553 1974 3594 ea

398 3637 572 3691 solum
606 3641 672 3691 de
722 3652 883 3692 causa
933 3636 1267 3704 incarnatus,
1290 3636 1390 3690 hoc
1440 3644 1542 3701 est,
1582 3635 1742 3689 homo
1802 3634 1977 3689 faetus

398 3738 627 3798 est,quo
653 3730 720 3782 ab
764 3728 938 3805 iisqui
976 3727 1029 3782 in
1071 3727 1229 3782 terris
1270 3736 1483 3781 aetatem
1520 3736 1704 3795 agunt,
1734 3726 1975 3794 conspici

399 3831 602 3891 posset,
632 3820 875 3890 nihilque
923 3820 1070 3873 aliud
1126 3828 1388 3889 przeterea
1422 3820 1689 3873 commodi
1720 3818 1865 3872 illius
1895 3817 1977 3870 in-

397 3912 646 3967 earnatio
674 3911 923 3965 humana:
966 3921 1169 3965 natnrzn
1216 3910 1395 3964 attulit
1425 3930 1438 3965 :
1467 3925 1564 3964 cur
1606 3910 1818 3963 illorum
1850 3924 1972 3962 sen-

398 4004 583 4059 tentize
626 4005 973 4059 subscribere
1143 4018 1245 4055 non
1277 4002 1479 4072 pigeat,
1509 4001 1597 4069 qui
1631 4000 1970 4069 pbantastica

401 4107 609 4151 tantum
667 4111 833 4149 carne
882 4108 938 4150 et
970 4108 1198 4175 corpore
1229 4092 1459 4147 Verbum
1502 4094 1769 4153 indutum,
1795 4105 1972 4159 neque

2078 3181 2258 3252 σάρκα
2306 3177 2387 3249 (τὸ
2413 3179 2521 3248 γάρ
2550 3195 2631 3233 τοι
2673 3177 2829 3231 Θεῖον
2860 3177 3000 3230 κατὰ
3027 3176 3189 3246 φύσιν
3225 3175 3358 3229 ίδίαν
3390 3176 3489 3247 οὐχ
3522 3176 3655 3245 ὁρα-

2076 3272 2211 3338 τόν)·
2249 3272 2579 3341 ἠγνοηκότες
2620 3268 2917 3323 ἁλώσονται
2938 3271 3035 3339 τῆς
3067 3268 3530 3338 ὲνανθρωπήσεως
3562 3268 3654 3320 τὸν

2083 3362 2304 3426 σκοπὸν,
2321 3361 2414 3414 καὶ
2432 3361 2704 3424 συνιέντες
2724 3360 2975 3430 οὐδαμῶς
3002 3359 3060 3412 τό
3085 3360 3228 3428 μέγα
3252 3359 3347 3428 τῆς
3375 3359 3653 3421 εὐσεϐείας

2084 3452 2402 3522 μυστήριον.
2431 3451 2493 3503 Εἰ
2539 3450 2647 3521 γὰρ
2686 3449 2749 3522 δὴ
2794 3451 2962 3521 μόνην
2989 3450 3105 3521 ἔχει
3138 3452 3235 3522 τὴν
3270 3453 3526 3523 ἀφορμὴν
3556 3453 3650 3507 τοῦ

2077 3545 2306 3617 ὀφθῆναι
2335 3549 2449 3609 τοῖς
2481 3546 2575 3598 ἐπὶ
2608 3546 2711 3616 γῆς
2746 3545 2839 3600 τοῦ
2889 3549 3227 3617 Μονογενοῦς
3276 3551 3308 3620 ἡ
3354 3550 3648 3621 σάρκωσις,

2077 3637 2243 3707 ἤγουν
2346 3636 2788 3707 ὲνανθρώπησις,
2842 3636 3142 3708 προσετέθη
3175 3655 3238 3706 γε
3331 3639 3437 3709 μὴν
3467 3639 3652 3710 ἕτερον

2074 3726 2228 3780 οὐδὲν
2264 3730 2330 3798 τῇ
2358 3726 2650 3797 ἀνθρώπου
2675 3726 2854 3797 φύσει·
2888 3727 3006 3791 πῶς
3035 3727 3135 3780 οὐκ
3160 3728 3380 3798 ἄμεινον
3407 3730 3508 3800 ήδη
3535 3748 3653 3795 πως

2076 3818 2170 3869 καὶ
2202 3818 2382 3887 σοφῶν
2433 3857 2448 3881 ,
2488 3820 2554 3890 τῇ
2582 3818 2691 3871 τῶν
2725 3819 2978 3889 Δοκητῶν
3009 3819 3381 3891 συμφέρεσθαι
3405 3821 3531 3893 δόξῃ
3558 3824 3654 3875 καὶ

2079 3909 2226 3979 ἡμᾶς
2258 3910 2475 3974 αὐτοὺς,
2494 3910 2543 3962 οἳ
2581 3909 2785 3979 σαρκός
2812 3928 2870 3963 τε
2897 3910 3036 3981 ὁμοῦ
3064 3912 3159 3963 καλ⁴
3185 3911 3372 3981 γητνου
3399 3913 3653 3983 σώματες

2080 4000 2554 4069 ἀπαμφιεννύντες
2597 4000 2687 4053 τὸν
2721 4001 2913 4069 Λόγον,
2947 3995 3128 4071 ὦφθαι
3164 4004 3262 4074 μὲν
3312 4005 3403 4055 ἐπὶ
3443 4005 3545 4075 γῆς
3577 4005 3654 4070 ὡς

2078 4089 2361 4159 ἄνθρωπον
2391 4090 2858 4162 μυθοπλαστοῦσιν
2884 4092 3206 4158 οίδείλαιοι;
3241 4093 3654 4167 Ἦμαρτηκότες

402 4189 456 4240 in
495 4187 728 4240 hominis
759 4194 974 4251 natura,
1007 4185 1100 4237 sed
1129 4183 1181 4235 in
1215 4183 1694 4239 ltoministantum
1728 4182 1979 4237 similitu-

2076 4180 2129 4234 δὲ
2157 4179 2424 4250 τάληθοῦς
2473 4181 2651 4234 ἁλοῖεν
2688 4182 2755 4235 ἂν
2788 4184 2883 4238 καὶ
2917 4184 2976 4237 οὐ
3009 4186 3107 4238 σῦν
3139 4184 3325 4255 ἱδρῶτι
3356 4183 3657 4256 μακρῷ.Ἦ

402 4279 530 4330 dine
570 4277 621 4329 in
654 4277 813 4330 terris
846 4275 1168 4345 apparuisse
1203 4273 1545 4329 fabulantur!
1578 4276 1772 4330 Verum
1806 4288 1979 4342 quan-

2076 4274 2172 4328 οὑκ
2200 4274 2422 4343 ἄμεινον
2452 4275 2690 4347 ἐροῦσιν,
2722 4278 2770 4330 εί
2802 4277 2969 4348 μηδὲν
2995 4278 3203 4348 ὀνίνησι
3236 4278 3333 4349 τὴν
3362 4278 3651 4351 ἀνθρώπου

405 4380 518 4421 tum
544 4369 595 4420 lii
624 4367 807 4421 miseri
843 4382 871 4419 a
902 4366 1147 4421 veritatis
1190 4381 1354 4435 scopo
1397 4369 1677 4431 aberrent,
1714 4365 1856 4420 facili
1885 4380 1979 4419 nc-

2076 4366 2234 4436 φύσιν
2278 4368 2307 4420 ὀ
2352 4368 2416 4420 ἐκ
2452 4367 2588 4420 Θεοῦ
2615 4368 2810 4437 Λόγος,
2846 4370 2896 4421 εἰ
2926 4371 3021 4423 καὶ
3054 4371 3246 4439 γέγονε
3279 4372 3435 4441 σὰρξ,
3475 4371 3651 4424 ἀπαλ-
3718 4386 3723 4389 ·

403 4459 551 4527 gmio
603 4458 812 4513 ostendi
868 4468 1063 4528 potest.
1117 4458 1195 4523 Si,
1260 4460 1500 4528 inquam,
1563 4459 1656 4512 Dei
1719 4459 1983 4526 Verbum,

404 4551 616 4605 etiamsi
643 4566 769 4606 caro
801 4540 1000 4606 factum
1044 4561 1147 4616 est,
1176 4551 1380 4606 nullum
1413 4550 1556 4604 aliud
1587 4552 1835 4609 humana:
1886 4571 1987 4609 na-

406 4652 539 4695 tura:
565 4642 902 4695 commodum
926 4641 1135 4708 attulit,
1171 4658 1238 4694 an
1277 4657 1383 4696 non
1418 4642 1617 4695 rectius
1653 4655 1987 4700 statueretur

352 4716 359 4721 ﬁ
404 4733 642 4788 acarnis
688 4735 907 4801 quidem
959 4733 1301 4798 immunditia
1362 4733 1587 4788 omnino
1634 4735 1981 4800 abstinuisse,

406 4836 621 4880 terreno
657 4823 1010 4879 nihilominus
1043 4838 1273 4893 corpore
1332 4826 1406 4879 nti
1441 4826 1612 4879 visum
1649 4842 1791 4889 esse.
1823 4838 1985 4894 atque

403 4916 506 4970 hac
538 4916 746 4970 ratione
787 4914 928 4984 quod
973 4915 1291 4968 decreverat
1346 4915 1675 4983 perfecisse?
1714 4919 1983 4973 Czeterum

404 5007 527 5073 quis
550 5006 809 5061 adventus
840 5005 983 5059 illius
1023 5003 1187 5057 fuerit
1242 5022 1392 5073 usus,
1419 5019 1475 5063 et
1499 5008 1676 5078 qualis
1726 5009 1983 5062 incarna-

407 5099 570 5153 tionis
602 5098 871 5165 modns,si
897 5097 1019 5165 quis
1048 5095 1186 5149 forte
1208 5112 1235 5149 a
1263 5098 1418 5153 nobis
1442 5100 1785 5164 seiseitetnr,
1805 5103 1986 5168 cujus-

406 5208 511 5262 que
558 5194 634 5249 rei
689 5196 865 5265 gratia
905 5201 1114 5261 patrata
1162 5193 1262 5258 sit;
1300 5194 1388 5247 ille
1428 5195 1672 5262 responsi
1733 5196 1849 5248 loco
1887 5197 1986 5249 hoc

406 5287 595 5355 paucis
644 5284 891 5341 habent:
926 5284 1059 5352 Age,
1106 5282 1251 5337 istud
1313 5286 1491 5339 divina
1546 5285 1834 5354 Scriptura
1893 5290 1986 5343 tibi

410 5379 714 5450 patefaciet.
746 5376 899 5432 Vade
960 5389 1089 5445 ergo
1137 5385 1193 5429 et
1247 5391 1434 5431 sacras
1466 5376 1695 5432 Litteras
1748 5380 1988 5447 consule,

2073 4456 2360 4511 λάττεσθαι
2389 4458 2487 4529 μὲν
2534 4459 2875 4531 ἀκαθαρσίας
2927 4462 3198 4529 σαρκικῆς
3218 4501 3231 4523 ,
3263 4461 3409 4527 δόξαι
3435 4460 3524 4532 [δ’]
3556 4456 3654 4513 οῦν

2070 4547 2220 4613 ἅπαξ
2260 4548 2335 4619 τῷ
2367 4551 2539 4619 γηΐνῳ
2569 4551 3012 4622 προσκεχρῆσθαι
3047 4551 3283 4621 σώματι,
3319 4552 3649 4621 διαπερᾶναί

2069 4657 2131 4692 τε
2154 4640 2295 4694 οὕτω
2328 4642 2435 4694 τὸν
2450 4642 2785 4711 προτεθέντα
2817 4643 3046 4706 σκοπόνς
3080 4644 3173 4707 Τίς
3204 4640 3298 4696 οῦν
3327 4645 3395 4697 ἂν
3439 4646 3655 4709 γένοιτο

2070 4730 2253 4784 λοιπὸν
2286 4732 2387 4801 τῆς
2445 4731 2738 4803 ἐπιδημίας
2771 4735 2799 4784 ὁ
2826 4734 2985 4802 λόγος
3006 4776 3020 4796 ,
3057 4735 3091 4807 ἢ
3136 4734 3219 4798 τίς
3253 4736 3280 4787 ὁ
3319 4736 3520 4805 τρόπος
3552 4737 3653 4806 τῆς

2071 4821 2574 4893 ὲνανθρωπήσεως,
2624 4826 2940 4898 πέπρακται
2975 4826 3031 4879 δὲ
3077 4829 3200 4881 ὅτου
3231 4829 3411 4899 χάριν,
3469 4829 3525 4882 εἴ
3565 4846 3651 4892 τις

2070 4913 2247 4985 ἔροιτο
2276 4914 2457 4983 τυχὸν,
2477 4915 2872 4971 ἀντακούσεται
2904 4922 3033 4989 παρ’
3060 4920 3245 4990 ἡμῶν·
3279 4921 3342 4974 Ἡ
3361 4920 3480 4975 θεία
3506 4921 3654 4975 διδὰο

2071 5005 2150 5069 ξει
2181 5005 2506 5075 Γραφὴ.Ἵθι
2535 5007 2598 5077 δὴ
2642 5005 2755 5075 οὖν,
2780 5004 2825 5062 ὦ
2875 5015 3112 5079 γενναῖε,
3142 5013 3315 5065 πυθοῦ
3347 5013 3456 5065 τῶν
3488 5013 3653 5085 ίερῶν

2068 5098 2440 5170 Γμμμὰτων,
2473 5101 2566 5153 καὶ
2593 5105 2711 5163 ταῖς
2757 5103 2865 5154 τῶν
2896 5106 3065 5171 ἁγίων
3095 5107 3409 5159 ἀποστόλων
3439 5114 3648 5175 φωναῖς

2068 5189 2346 5260 ἐνερείσας
2375 5187 2434 5244 εὖ
2466 5193 2611 5262 μάλα
2643 5197 2741 5264 τῆς
2780 5196 3016 5259 διανοίας
3044 5196 3135 5250 τὸν
3163 5198 3463 5267 οφθαλμον,
3495 5200 3647 5267 ἄθρει

2067 5281 2132 5352 δὴ
2170 5282 2350 5345 καλῶς
2383 5285 2444 5338 τὸ
2466 5286 2817 5357 ζητούμενον.
2847 5289 2991 5359 Ἔφη
3031 5291 3212 5342 τοίνυν
3246 5292 3273 5343 ό
3306 5292 3464 5359 σοφ“ι;
3515 5296 3651 5362 ἡμῖν

2072 5373 2301 5438 Παῦλος,
2348 5376 2510 5429 αὑτὸν
2557 5375 2694 5446 ἔχων
2741 5379 2799 5429 ὲν
2850 5377 3031 5446 ἑαυτῷ
3076 5377 3340 5432 λαλοῦντα
3390 5380 3644 5450 Χριστόν

412 5473 718 5541 mentisque
764 5471 981 5526 oculum
1018 5478 1334 5525 sanctorum
1360 5473 1727 5540 apostolorum
1767 5475 1979 5529 vocibus

2076 5467 2335 5540 ιἘπειδὴ
2388 5469 2446 5521 δὲ
2496 5470 2566 5522 τὰ
2618 5470 2806 5522 παιδία
2855 5470 3254 5542 κεκοινώνηκεν
3294 5474 3522 5542 αἵματος
3555 5474 3649 5531 καὶ

408 5564 583 5630 infer;
614 5573 667 5618 et
694 5565 836 5634 quod
857 5562 1385 5633 quteritur,dilueide
1418 5563 1504 5619 hic
1530 5582 1648 5617 mox
1681 5566 1984 5621 intnelmre.

463 5695 483 5728 ⁸
520 5694 623 5751 ha.
658 5713 745 5766 ιν,
777 5702 829 5755 8.
910 5702 928 5731 ¹
960 5698 1125 5754 ι-ιειπ.
1162 5715 1199 5765 ι,
1238 5699 1288 5765 l,
1317 5698 1369 5752 2.
1449 5700 1466 5730 ³
1503 5699 1641 5755 i'sai.
1682 5713 1824 5759 xcvi,
1854 5700 1904 5754 8.

2069 5560 2289 5630 σαρκὸς,
2308 5565 2401 5613 καὶ
2430 5562 2591 5625 αὐτὸς
2623 5563 3019 5633 παραπλησίως
3047 5568 3276 5634 μετέσχε
3310 5566 3419 5619 τῶν
3442 5566 3638 5621 αὐτῶν.

1989 5699 2006 5731 ’⁸
2049 5698 2468 5765 1Ἰἰιιι.ιιι,1ῦ.
