4082 6384
307 363 408 433 917

1263 361 1636 422 PANOPLH
1663 361 2126 422 DOGMATICA.
2156 387 2222 395 —
2257 362 2407 421 ΤιΤ.
2456 361 2606 420 Xii'.

3477 370 3584 435 918

317 499 402 554 ἵνα
426 498 512 552 διὰ
533 497 628 551 τοῦ
660 499 893 553 θανάτου
923 503 1248 572 καταργήσῃ
1273 503 1364 554 τὸν
1388 501 1448 554 τὸ
1473 502 1678 570 κράτος
1701 502 1893 572 ἔχοντα

2005 498 2158 566 igitur
2211 497 2651 568 sapientissimus
2701 499 2981 568 apostolus
3028 501 3252 570 Pan-lus,
3289 507 3379 571 qui
3417 507 3576 559 Chri-

312 588 406 640 τοῦ
439 586 691 650 Θανάτου,
722 587 971 640 τουτέστι
1003 589 1093 640 τὸν
1144 589 1418 654 διάϐολον,
1457 593 1552 644 καὶ
1601 592 1889 663 ἀπαλλάξῃ

310 677 552 742 τούτους,
600 678 717 730 ὅσοι
772 679 924 750 φόϐῳ
973 680 1206 734 θανάτου
1256 681 1342 733 διὰ
1393 683 1592 746 παντὸς
1639 683 1732 736 τοῦ
1781 685 1892 754 ’ζῇν

309 771 483 840 ἔνοχοι
507 767 648 841 ἦσαν
684 771 948 836 δουλείας.
975 792 994 824 ι
1024 775 1133 826 Καὶ
1167 773 1273 844 μὴν
1302 777 1395 828 καὶ
1426 775 1651 846 ἑτέρωθι
1692 777 1898 846 τρόπον

308 864 441 932 ⁴ἡμῖν
487 863 904 934 ἀφηγούμενος,
946 883 964 916 ι
995 865 1068 917 Τὸ
1115 865 1221 936 γάρ
1271 866 1546 921 ἀδύνατον
1571 869 1665 920 τοῦ
1699 869 1887 938 νόμου,

308 955 498 1027 φησὶν,
535 959 594 1009 ὲν
619 950 664 1024 ᾧ
694 956 910 1025 ἠσθένει
935 957 1024 1010 διὰ
1046 957 1146 1028 τῆς
1177 960 1397 1027 σαρκὸς,
1427 961 1603 1024 όΘεὸς
1633 960 1725 1013 τὸν
1756 963 1888 1015 ἑαυο

306 1049 404 1103 τοῦ
442 1049 571 1103 Υἰδν
602 1050 893 1120 ἐκπέμψας
923 1052 981 1104 ὲν
1007 1050 1316 1121 ὁμοιώματι
1362 1052 1564 1123 σαρκὸς
1590 1053 1886 1122 ἁμαρτίας,

306 1141 404 1194 καὶ
449 1141 579 1212 περὶ
622 1141 918 1211 ἁμαρτίας,
951 1142 1240 1213 κατέκρινε
1287 1143 1388 1208 τὴν
1435 1144 1712 1214 ἁμαρτίαν
1738 1147 1794 1198 ἐν
1819 1149 1886 1216 τῇ

309 1231 497 1300 σαρκὶ,
533 1230 624 1284 ἵνα
649 1231 710 1283 τὸ
741 1230 1018 1301 δικαίωμα
1043 1231 1137 1284 τοῦ
1161 1232 1327 1302 νόμου
1356 1231 1617 1303 πληρωθῇ
1650 1235 1706 1284 ὲν
1733 1235 1886 1304 ἡμῖν,

305 1327 422 1386 τοῖς
455 1324 529 1394 μὴ
561 1323 703 1376 κατὰ
728 1327 906 1394 σάρκα
940 1323 1357 1394 περιπατοῦσιν,
1385 1325 1522 1378 ἀλλὰ
1550 1325 1692 1378 κατὰ
1727 1325 1894 1377 πνεῦο

311 1434 410 1486 μα.
439 1437 458 1470 ι

1993 599 2134 643 stum
2157 590 2207 642 in
2233 605 2290 644 se
2314 591 2620 659 loquentem
2656 592 2909 656 habebat,
2947 593 3014 647 ad
3046 594 3189 650 hunc
3211 599 3424 650 modqu
3449 617 3578 652 etm-

1993 683 2341 735 riouaturu
2409 683 2543 747 Quia
2617 697 2747 752 ergo
2814 687 2963 751 pueri
3037 691 3577 742 comnmuiraverunt

1995 775 2145 827 carni
2174 784 2228 826 et
2257 775 2528 844 sanguini,
2553 785 2607 829 et
2656 776 2769 844 ipse
2798 776 3051 829 similiter
3098 779 3440 847 participavit
3463 781 3574 834 eis-

1999 865 2144 927 dem,
2174 875 2241 918 ut=
2266 881 2360 934 per
2408 875 2637 919 mortem
2687 868 2991 920 destrueret
3035 883 3158 920 eum
3202 869 3292 934 qui
3343 869 3577 924 habebat

2001 958 2191 1008 mortis
2225 955 2529 1025 imperium,
2569 957 2619 1009 id
2655 968 2738 1009 est
2779 957 3075 1023 diabolum,
3108 969 3161 1012 et
3195 959 3452 1014 liberaret
3481 976 3574 1014 eos

1999 1048 2090 1116 qui
2123 1063 2220 1116 per
2266 1057 2431 1102 totam
2484 1048 2646 1100 vitam
2700 1047 2920 1102 obnoxii
2969 1057 3126 1102 erant
3170 1051 3416 1104 servituti
3483 1049 3514 1103 '.
3549 1069 3570 1101 ιν

1998 1143 2137 1194 Alibi
2164 1141 2302 1194 idem
2335 1141 2496 1193 aliam
2534 1155 2750 1208 quoque
2789 1141 2948 1207 bnjns
2999 1143 3072 1196 rei
3123 1159 3344 1196 causam
3378 1147 3572 1210 aperit.

2000 1235 2201 1289 Scribit
2232 1233 2375 1287 enim
2404 1250 2416 1286 :
2451 1251 2469 1283 ι
2505 1234 2657 1298 Quini
2707 1234 3038 1302 impossibile
3075 1247 3191 1288 erat
3224 1237 3350 1304 legi,
3385 1236 3437 1288 in
3467 1253 3576 1306 qtm

1999 1327 2377 1382 infirmabatnr
2427 1340 2522 1393 per
2553 1341 2772 1378 carnem
2797 1367 2812 1390 ,
2852 1326 2990 1378 Dens
3015 1327 3209 1382 Filium
3245 1344 3401 1383 suum
3455 1332 3577 1382 mit-

2003 1433 2120 1474 tens
2153 1421 2205 1471 in
2237 1417 2646 1471 similitudinem
2688 1417 2870 1470 carnis
2914 1419 3142 1484 pet-rati,
3175 1429 3227 1473 et
3255 1422 3320 1472 de
3352 1433 3576 1487 pert-mo

309 1513 589 1565 damnavit
633 1521 916 1579 peccatum
979 1511 1029 1564 in
1072 1525 1255 1571 carne,
1291 1521 1349 1564 ut
1387 1511 1706 1582 justilieatio
1749 1514 1893 1582 logis-
1921 1515 2240 1584 impleretur
2299 1510 2551 1573 innobis,
2581 1509 2669 1576 qui
2704 1525 2808 1562 non
2883 1510 3176 1564 scentulum
3213 1527 3428 1564 carnem
3461 1529 3578 1564 an:-

311 1607 581 1666 bulamtts,
604 1604 699 1658 sed
734 1601 1028 1657 secundum
1065 1604 1314 1670 spiritum
1369 1610 1406 1656 ⁸.
1445 1623 1462 1656 ι

514 1692 637 1768 Ἆρ’
663 1691 777 1759 οὖν,
809 1695 931 1764 οὐχὶ
970 1695 1384 1766 προδηλότατον,
1416 1699 1511 1750 καὶ
1561 1698 1739 1751 οὐδενὶ
1787 1698 1896 1751 τῶν

2221 1710 2411 1748 antron
2453 1693 2858 1762 apertissimum
2917 1703 3020 1756 est,
3086 1694 3337 1757 obsecro,
3389 1711 3579 1764 unige-

308 1792 480 1844 ὄντων
511 1790 849 1859 ἀσυμφανὲς,
877 1789 960 1842 ὅτι
990 1785 1111 1840 καθ’
1147 1789 1293 1858 ἡμᾶς
1332 1787 1556 1856 γέγονεν
1591 1792 1618 1842 6
1648 1791 1889 1857 Μονογε-

2005 1788 2172 1842 nilum
2203 1786 2296 1840 Dei
2324 1783 2517 1839 Filium
2547 1784 2777 1839 similem
2809 1785 2984 1846 nobis,
3015 1785 3114 1837 boe
3144 1794 3249 1846 est,
3281 1786 3577 1856 perfectum

316 1881 428 1952 θὴς,
456 1880 706 1934 τουτέστι
734 1881 936 1942 τέλειος
964 1879 1270 1949 ἄνθρωπος,
1305 1880 1390 1931 ἴνα
1425 1879 1528 1948 τῆς
1564 1880 1665 1949 μὲν
1708 1883 1894 1933 ἐπεισ-

311 1975 479 2028 άκτου
514 1973 721 2046 φθορᾶς
751 1974 812 2026 τὸ
845 1973 1032 2044 γήϊνον
1074 1971 1234 2041 ἡμῶν
1277 1971 1565 2043 ἀπαλλάξῃ
1608 1973 1787 2041 σῶμα,
1825 1975 1891 2042 τῇ

311 2069 434 2123 καθ’
469 2067 664 2120 ἕνωσιν
703 2064 986 2135 οἰκονομίᾳ
1027 2063 1128 2135 τὴν
1163 2064 1300 2117 ἰδίαν
1330 2063 1479 2134 αὑτῴ
1510 2063 1652 2132 ζωὴν
1690 2063 1850 2126 ὲνιείς
1875 2080 1886 2092 ·

309 2159 490 2231 ψυχὴν
511 2160 568 2212 δὲ
597 2159 734 2212 ἰδίαν
753 2158 853 2230 τὴν
876 2156 1223 2227 ἀνθρωπίνην
1247 2157 1590 2226 ποιούμενος,
1617 2157 1896 2226 ἁμαρτίας

311 2252 485 2323 αὐτὴν
517 2252 773 2322 ἀποφήνῃ
818 2250 1125 2321 κρείττονα,
1162 2248 1264 2318 τῆς
1297 2248 1431 2311 ἰδίας
1465 2249 1678 2317 φύσεως
1706 2248 1765 2299 τὸ
1801 2265 1897 2299 πε-

314 2342 493 2412 πηγός
523 2357 580 2392 τε
610 2340 704 2392 καὶ
728 2339 1018 2411 ἄτρεπτον,
1052 2332 1248 2406 οἷάπερ
1270 2339 1402 2409 ἐρίῳ
1429 2339 1630 2407 βαφὴν,
1662 2340 1896 2404 ὲγκαταο

316 2433 538 2505 χρώσας
583 2432 758 2502 αὐτῇς
809 2432 929 2483 Δεῖν
958 2431 1067 2501 γὰρ
1100 2425 1253 2499 οἶμαι
1285 2433 1395 2492 τοῖς
1428 2431 1554 2500 περί
1580 2431 1782 2484 τούτων
1812 2431 1895 2483 λό-

315 2539 433 2594 γοις
465 2521 948 2592 παραδειγμάτων,
969 2520 1100 2574 πολὺ
1128 2521 1248 2573 λίαν
1277 2520 1459 2590 ἔχουσι
1477 2522 1893 2591 τδάσυμφανὲς·

316 2615 428 2688 ὁρῶ
462 2615 559 2685 μὲν
587 2613 694 2684 γὰρ
733 2612 884 2682 μόλις
918 2615 974 2664 ἐν
1001 2612 1249 2684 ἐσόπτρῳ
1274 2629 1333 2664 τε
1379 2614 1473 2664 καὶ
1519 2613 1798 2682 αἰνίγματι
1831 2614 1898 2665 τά

320 2706 440 2760 θεῖά
468 2722 527 2760 τε
558 2705 653 2758 καὶ
683 2704 824 2774 ὑπὲρ
856 2703 982 2756 νοῦν
1017 2703 1312 2773 μυστήρια.
1353 2702 1450 2772 Ei’q
1477 2703 1521 2754 δ’
1555 2703 1619 2755 ἂν
1648 2703 1748 2755 οὐκ
1778 2703 1898 2756 am.

319 2815 446 2863 πον,
473 2791 652 2866 οἶμαι,
688 2794 749 2847 τὸ
779 2794 998 2865 χρῆμαο
1031 2795 1184 2864 φέρει
1233 2795 1341 2865 γάρ
1374 2797 1431 2848 ὲν
1465 2794 1642 2864 ἑαυτῷ
1687 2794 1780 2848 τὸν
1823 2798 1898 2848 εἰ⁴

321 2891 475 2954 κότα,
497 2887 695 2958 μᾶλλον
723 2887 780 2940 δὲ
810 2887 907 2939 καὶ
935 2886 1025 2938 τὸν
1059 2885 1234 2956 ἀληθῆ
1261 2886 1758 2957 λογισμόν.Ὤσπερ
1782 2883 1896 2948 οὖν,

323 2982 506 3054 ἐπειδὴ
529 2980 721 3050 γέγονε
743 2979 882 3050 σάρξ
901 2978 994 3032 τοῦ
1015 2978 1404 3043 ζωοποιοῦντος
1422 2979 1489 3030 τὰ
1508 2979 1679 3031 πάντα
1698 2980 1893 3048 Λόγου,

322 3075 384 3127 τὺ
416 3073 620 3143 φθορᾶς
656 3071 752 3125 καὶ
797 3069 1027 3125 θανάτου
1076 3068 1443 3140 ὑπερφέρεται
1490 3069 1722 3140 κράτος·
1758 3071 1898 3121 κατα

1997 1881 2268 1934 hominem
2324 1878 2524 1931 factum
2565 1891 2709 1935 esse.
2731 1890 2838 1944 quo
2863 1876 3122 1928 nimirum
3177 1885 3448 1930 terrenqu
3479 1879 3579 1931 boc

1997 1983 2240 2027 nostrum
2271 1986 2490 2040 corpus,
2518 1969 2624 2022 vita
2651 1967 2866 2038 propria
2885 1983 2978 2036 per
2999 1969 3387 2022 ωευιιοηιῐεειιιι
3429 1972 3582 2024 unio-

1997 2080 2116 2118 nem
2143 2063 2215 2116 illi
2251 2061 2515 2120 inunissa,
2546 2059 2612 2111 ab
2640 2059 2855 2112 inducta
2888 2059 3234 2126 corruptione
3281 2059 3578 2126 liberaret;

1996 2155 2229 2206 animam
2261 2167 2472 2204 rursum
2526 2149 2845 2211 humanam,
2870 2159 3220 2217 posteaquam
3263 2150 3409 2204 illam
3448 2167 3581 2220 pro-

1999 2244 2170 2313 priam
2201 2243 2303 2295 sibi
2331 2241 2685 2303 reddidisset,
2721 2254 2942 2307 sua'que
2986 2249 3192 2294 natura:
3231 2239 3488 2296 ﬁrmitate
3518 2258 3583 2298 ac

2003 2335 2441 2390 Itnmutabilitate
2465 2333 2690 2400 perinde
2725 2347 2786 2386 ac
2831 2331 2999 2386 vellus
3036 2332 3218 2388 colore
3263 2335 3576 2398 imbuisset,

1999 2437 2219 2498 peccato
2252 2427 2588 2494 superiorem
2613 2425 2914 2480 declararet
2934 2427 3218 2480 ?Arbitror
3240 2428 3384 2482 enim
3402 2429 3580 2485 excin-

2001 2522 2124 2590 plis,
2165 2535 2284 2588 qua:
2319 2533 2428 2572 rem
2466 2531 2642 2587 pcrse
2677 2518 2963 2593 obscuram
3001 2519 3242 2572 nonnihil
3281 2520 3577 2587 illustrcnt,

2002 2614 2052 2665 in
2088 2612 2187 2665 hac
2235 2610 2478 2664 doctrina
2517 2624 2652 2679 Opus
2680 2623 2800 2663 esse
2825 2627 2838 2661 :
2867 2609 3128 2678 siquidem
3321 2615 3580 2683 mysteria

1999 2705 2205 2768 divina,
2240 2712 2498 2769 tanquam
2552 2700 2803 2753 humana:
2837 2702 3031 2754 mentis
3059 2717 3280 2756 sensum
3307 2707 3580 2759 exceden-

2003 2797 2095 2858 tia,
2124 2796 2206 2848 vix
2253 2796 2304 2847 in
2363 2793 2582 2858 speculo
2632 2801 2687 2845 et
2728 2791 3065 2859 :euigmatice
3109 2795 3348 2848 videmus
3403 2801 3443 2851 ³.
3489 2797 3581 2849 Est.

2001 2897 2178 2942 autem
2218 2885 2523 2954 exemplum
2581 2884 2800 2937 alla-tum
2837 2887 2901 2936 ad
2936 2899 3046 2937 rem
3090 2897 3581 2956 peropportunum,

2000 2980 2198 3050 quippe
2228 2979 2371 3048 quod
2393 2993 2580 3031 verum
2629 2980 2824 3046 potius,
2858 2991 3024 3045 quam
3057 2979 3352 3033 verisimile
3380 2983 3478 3043 rei,
3511 2986 3579 3036 de

2005 3088 2110 3142 qua
2142 3087 2324 3127 sermo
2351 3081 2451 3133 est,
2505 3070 2806 3141 symbolum
2863 3084 2973 3138 pra:
3002 3084 3062 3124 se
3123 3071 3280 3124 ferat.
3311 3074 3585 3138 Quemad—

323 3168 415 3223 τὸν
464 3167 646 3232 αὑτὸν,
695 3159 868 3233 οἶμαι,
917 3163 1143 3234 τρόπον,
1201 3163 1322 3215 ἐπεὶ
1368 3162 1559 3231 γέγονε
1611 3162 1756 3233 ψυχὴ
1808 3161 1898 3215 τοῦ

2013 3162 2228 3215 modum
2257 3176 2387 3230 ergo
2419 3175 2565 3222 caro,
2593 3171 2946 3229 posteaquam
2984 3161 3138 3215 Verbi
3169 3165 3348 3216 omn-ia
3401 3168 3581 3219 viviti-

325 3259 665 3330 πλημμελεῖν
707 3256 808 3308 οὐκ
851 3255 1084 3318 εἰδότος,
1117 3255 1524 3325 ἐρηρεισμένην
1553 3253 1666 3324 ἔχει
1716 3253 1902 3307 λοιπὸν

321 3355 422 3423 τὴν
467 3348 748 3419 ἐφ’ἆπασι
799 3349 913 3410 τοῖς
963 3345 1200 3413 ἀγαθοῖς·
1237 3347 1640 3416 ἀμεταποίητον
1690 3347 1897 3409 στάσιν,

325 3445 418 3498 καὶ
454 3443 555 3512 τῆς
597 3439 768 3494 πάλαι
811 3436 934 3492 καθ’
965 3436 1124 3506 ἡμῶν
1152 3437 1588 3508 τυραννευούσης
1619 3438 1898 3506 ἁμαρτίας

326 3533 672 3604 ὰσυγκρίτως
697 3528 1136 3598 εὐσθενεστέραν.
1170 3527 1392 3598 Πρῶτός
1412 3543 1470 3578 τε
1498 3528 1607 3596 γάρ
1629 3527 1724 3579 καὶ
1748 3527 1906 3596 μόνος

330 3627 613 3698 ἄνθρωπος
663 3623 755 3676 ἐπὶ
805 3621 904 3692 τῆς
947 3623 1051 3690 γῆς
1095 3621 1125 3673 6
1166 3619 1402 3690 Χριστὸς
1452 3638 1470 3670 ‹
1500 3621 1600 3672 οὐκ
1648 3620 1906 3690 ἐποίησεν

329 3717 626 3791 ἁμαρτίαν,
658 3715 778 3769 οὐδὲ
810 3711 1008 3784 εὑρέθη
1039 3711 1186 3775 δόλος
1217 3714 1274 3765 ὲν
1302 3711 1380 3782 τῷ
1411 3712 1636 3781 στόματι
1663 3709 1848 3762 αὑτοῦ.
1883 3729 1900 3760 ι

341 3811 492 3876 Ῥίζα
518 3809 574 3862 δὲ
604 3809 791 3878 ὥσπερ
824 3808 917 3860 καὶ
949 3804 1175 3876 ἀπαρχὴ
1205 3803 1517 3874 τεθειμένος
1544 3803 1654 3856 τῶν
1682 3806 1760 3866 εἰς
1790 3821 1909 3856 και-

335 3905 528 3974 νόνητα
557 3901 703 3971 ζωῆς
733 3897 1234 3970 ἀναμοριρουμένων
1265 3899 1323 3949 ὲν
1355 3898 1650 3968 Πνεύματι,
1676 3901 1768 3952 καὶ
1801 3901 1900 3971 τὴν

331 3993 427 4048 τοῦ
451 3992 699 4064 σώματος
719 3991 1046 4060 ἀφθαρσίαν,
1070 3989 1166 4042 καὶ
1188 3989 1248 4042 τὸ
1269 3989 1366 4058 τῆς
1390 3989 1643 4059 θεότητος
1666 3993 1903 4062 ἀσφαλὲς

331 4082 742 4157 δρηρεισμὲνον,
773 4081 846 4144 ὡς
874 4083 931 4133 ὲν
964 4079 1177 4149 μεθέξει
1209 4079 1304 4132 καὶ
1330 4079 1474 4133 κατὰ
1497 4082 1673 4151 χάριν,
1707 4083 1800 4134 καὶ
1825 4085 1903 4147 εἰς

332 4175 481 4230 ἅπαν
534 4173 637 4243 ἤδη
689 4171 747 4224 τὸ
795 4170 1132 4240 ἀνθρώπινον
1182 4171 1539 4241 παραπέμψει
1581 4174 1756 4240 γένος.
1796 4175 1905 4226 Καὶ

325 4257 488 4312 τοῦτο
509 4257 669 4322 εἰδὼς
699 4259 727 4312 6
766 4259 1056 4323 θεσπέσιος
1100 4263 1302 4329 γράφει
1347 4263 1586 4326 Παῦλος·
1625 4283 1642 4316 ι
1693 4265 1904 4334 Ὠσπερ

328 4349 439 4420 γάρ
476 4352 826 4422 ὲφορὲσαμεν
849 4355 948 4422 τὴν
979 4353 1166 4408 εἰκόνα
1197 4353 1290 4406 τοῦ
1326 4355 1535 4422 χοϊκοῦ,
1578 4358 1899 4425 φορέσωμεν

332 4441 426 4492 καὶ
449 4442 547 4508 τὴν
576 4441 760 4495 εἰκόνα
786 4443 880 4495 τοῦ
902 4444 1247 4511 ἐπουρανίου.
1279 4464 1296 4494 ι
1325 4445 1523 4498 Εἰκόνα
1554 4445 1651 4511 μὲν
1671 4445 1780 4514 γὰρ
1810 4445 1904 4496 τοῦ

329 4533 542 4599 χοϊκοῦ,
593 4532 653 4585 τὸ
693 4534 972 4586 εὐόλισθον
1021 4535 1123 4604 ἔφη
1177 4535 1315 4603 πρὸς
1350 4536 1649 4604 ἁμαρτίαν,
1696 4536 1909 4589 καὶτὸν

330 4622 582 4676 ἐντεῦθεν
627 4625 763 4693 ἡμῖν
807 4627 1168 4695 ὲπιρῤιφέντα
1211 4627 1471 4680 θάνατον’
1503 4627 1686 4679 εἰκόνα
1731 4627 1787 4678 δὲ
1838 4628 1906 4680 αὖ

328 4715 424 4769 τοῦ
471 4718 818 4788 ιπουρανίου,
865 4721 1110 4773 τουτέστι
1150 4719 1414 4791 Χριστοῦ,
1455 4719 1516 4772 τὸ
1560 4721 1774 4789 ἑδραῖον
1825 4723 1904 4784 εἰς

329 4808 626 4879 ἁγιασμὸν,
659 4813 751 4864 καὶ
789 4811 888 4882 τὴν
913 4815 978 4864 ὲκ
1007 4813 1238 4865 θανάτου
1269 4815 1362 4865 καὶ
1395 4815 1604 4883 φθορᾶς
1636 4815 1906 4876 ἀνακομις

327 4901 426 4974 δήν
464 4920 524 4955 τε
552 4905 646 4956 καί
683 4905 1028 4958 άνακαίνισιν
1048 4907 1128 4967 εἰς
1161 4905 1469 4974 ἀφθαρσίαν
1496 4909 1590 4960 καὶ
1620 4905 1789 4977 ζωήν.

1877 4599 2006 4651 τί)-

2009 3255 2190 3310 cautis
2218 3270 2347 3309 caro
2366 3253 2556 3309 effecta
2584 3263 2686 3317 est,
2728 3254 2916 3308 u.ortis
2948 3266 3002 3308 et
3027 3258 3585 3326 eorruptiouisimpe-

2009 3351 2090 3404 rio
2112 3351 2361 3418 superior
2378 3352 2583 3403 evasit:
2609 3349 2688 3403 sic
2719 3352 2920 3414 anima,
2954 3361 3125 3420 utego
3142 3355 3358 3421 quidem
3383 3359 3580 3416 sentio,

2009 3451 2356 3510 posteaquam
2390 3441 2533 3495 illitis
2555 3441 2744 3495 effecta
2783 3451 2866 3495 est
2901 3444 2990 3510 qui
3021 3453 3302 3510 peceatum
3349 3461 3454 3497 non
3489 3463 3588 3499 no-

2005 3533 2104 3597 vit,
2128 3549 2158 3585 e
2189 3532 2418 3601 vestigio
2465 3543 2664 3584 statum
2702 3535 2938 3598 lirmum,
2980 3548 3044 3588 ac
3073 3534 3123 3587 in
3150 3535 3403 3590 (uultibus
3430 3539 3589 3594 bonis

2008 3625 2280 3689 stabilem,
2306 3635 2634 3694 peccatoque
2671 3626 2814 3693 quod
2840 3624 2966 3678 olim
3002 3628 3340 3696 tyrannidem
3365 3645 3590 3683 excree-

2011 3719 2121 3782 bat,
2155 3717 2338 3772 multis
2397 3721 2640 3787 partibus
2683 3718 3043 3787 potentiorem
3077 3731 3236 3773 nacta
3293 3730 3397 3774 est.
3430 3721 3588 3775 Chri‘

2010 3820 2126 3862 stus
2183 3823 2416 3878 namque
2456 3809 2662 3877 primus
2712 3820 2766 3864 et
2795 3809 2943 3864 solus
2973 3824 3037 3864 ex
3071 3813 3322 3865 oumibns
3348 3813 3400 3864 in
3440 3822 3584 3866 terra

2015 3917 2034 3949 ι
2071 3909 2353 3968 peccatum
2389 3916 2494 3953 non
2519 3900 2665 3966 fecit,
2704 3916 2802 3955 nee
2833 3901 2988 3956 dolus
3027 3903 3279 3958 iuventus
3301 3912 3383 3959 est
3418 3907 3468 3957 in
3493 3921 3589 3958 ore

2013 3991 2156 4045 illius
2205 3999 2246 4044 δ.
2295 4010 2313 4043 ι
2351 3990 2452 4058 Qui
2503 4008 2640 4046 unus
2683 3992 2904 4062 proinde
2938 3994 3147 4063 positus
3182 4002 3442 4066 tanquam
3500 4013 3589 4047 ra-

2014 4084 2102 4137 dix
2144 4096 2198 4140 et
2229 4086 2439 4138 initiqu
2487 4087 2757 4154 quoddam
2795 4097 3142 4154 cunctorum,
3176 4089 3267 4159 qui
3293 4089 3346 4143 in
3383 4087 3587 4157 Spitiltt

2017 4179 2083 4228 ad
2138 4180 2260 4232 vitze
2319 4180 2611 4233 novitatem
2671 4181 3082 4246 instaurantur,
3124 4191 3179 4237 et
3211 4182 3455 4250 corporis
3493 4180 3593 4230 im—

2014 4266 2490 4328 morlalitatem,ct
2511 4283 2628 4322 eam
2659 4285 2778 4346 qua:
2807 4284 2870 4323 ex
2898 4268 3183 4322 divinitate
3201 4265 3583 4336 proﬁciscitur,

2013 4360 2362 4413 securitatem
2418 4375 2480 4413 ae
2537 4359 2874 4420 ﬁrmitatem,
2943 4358 3242 4412 secundum
3299 4355 3592 4424 quamdam

2013 4451 2201 4520 gratiae
2249 4451 2802 4506 communicationem
2849 4451 2904 4503 in
2948 4449 3264 4502 universum
3312 4446 3590 4497 hominum

2014 4558 2184 4610 genus
2212 4540 2756 4605 transmittet.anus
2784 4541 3000 4609 quidem
3035 4539 3112 4592 rei
3147 4538 3367 4592 divinus
3400 4537 3596 4588 Paulus

2017 4647 2123 4685 non
2157 4633 2398 4701 ignarus,
2432 4632 2507 4685 ita
2544 4631 2772 4686 scribit:
2818 4652 2835 4680 ι
2890 4629 3042 4682 Sicut
3077 4628 3411 4697 portavimus
3452 4624 3593 4678 ima-

2013 4725 2190 4792 ginem
2223 4723 2448 4784 terreni,
2492 4731 2768 4790 portemus
2814 4729 2866 4774 et
2907 4717 3199 4788 imaginem
3228 4716 3468 4770 caelestis
3492 4714 3534 4768 ⁸.
3573 4732 3592 4764 ι

2011 4815 2304 4882 Imaginem
2337 4815 2564 4878 terreni,
2593 4811 2856 4883 peccandi
2887 4808 3326 4879 propensionem,
3355 4818 3409 4859 et
3451 4822 3598 4859 mor-

2009 4918 2115 4962 tem
2150 4922 2269 4976 un:
2299 4907 2424 4960 hinc
2453 4906 2646 4970 oritur,
2696 4917 2852 4958 vocat
2889 4923 2901 4957 :
2936 4912 2991 4957 at
3023 4915 3152 4956 vero
3182 4916 3276 4968 per
3304 4899 3598 4966 imaginem

329 4996 590 5060 caelestis,
627 4996 729 5050 hoc
760 5006 862 5061 est,
896 4996 1122 5062 Christi,
1154 4999 1514 5053 constantiam
1547 5000 1600 5053 in
1641 5001 1951 5066 sanctitate,
1985 5000 2326 5069 reditumque
2373 5010 2427 5054 et
2477 4998 2924 5053 instaurationem
2973 5012 3036 5050 ex
3083 5004 3258 5048 mode
3307 5005 3360 5046 et
3407 5010 3602 5050 corru-

329 5093 515 5160 ptione
539 5093 604 5146 ad
631 5093 791 5146 vitam
823 5102 878 5146 et
909 5093 1368 5149 immortalitatem
1403 5094 1672 5166 designat.

397 5186 565 5239 Ὀλον
607 5185 703 5238 οὖν
745 5186 839 5260 ὅλῃ
884 5185 1230 5256 συνηνῶσθαί
1261 5203 1442 5255 φαμεν
1487 5189 1552 5257 τῇ
1595 5188 1722 5241 καθ’
1752 5189 1898 5257 mia:

327 5277 707 5349 ἀνθρωπότητι
744 5280 838 5332 τὸν
877 5281 941 5331 ὲκ
987 5279 1123 5331 Θεοῦ
1172 5280 1367 5348 Λόγον.
1402 5281 1477 5334 Οὔ
1534 5281 1645 5350 γάρ
1702 5299 1806 5334 που
1847 5282 1906 5333 τό

328 5365 551 5434 ἄμεινον
596 5373 652 5420 ὲν
690 5370 842 5436 ἡμῖν,
876 5370 1125 5423 τουτέστι
1152 5370 1356 5441 ψυχὴν,
1387 5371 1602 5437 οὐδενὸς
1640 5373 1707 5425 ἂν
1741 5373 1904 5442 ἠξίω-

329 5479 387 5516 σε
439 5462 622 5531 λόγον,
680 5467 818 5538 μόνῃ
859 5465 1199 5538 δωρούμενος
1246 5469 1309 5538 τῇ
1356 5469 1520 5537 σαρκὶ
1571 5470 1669 5538 τῆς
1716 5470 1901 5538 imoq-

333 5554 461 5623 μίας
504 5557 631 5617 τοὺς
681 5559 901 5620 πόνους.
945 5561 1277 5630 Ἐπράττετο
1308 5562 1362 5613 δὲ
1416 5562 1600 5625 καλῶς
1636 5563 1700 5614 δι’
1738 5563 1904 5631 ἄμφω

327 5646 426 5716 τῆς
469 5649 788 5718 οἰκονομίας
839 5651 900 5703 τὸ
955 5653 1299 5723 μυστήριον·
1347 5653 1770 5723 προσεχρήσατο
1825 5653 1902 5716 δὲ,

2088 5187 2284 5243 Totum
2323 5189 2508 5259 itaque
2557 5187 2648 5243 Dei
2698 5189 2932 5244 Verbum
2983 5187 3079 5239 toti
3134 5195 3340 5239 natura:
3405 5195 3601 5235 nostra:

2017 5283 2268 5336 humana:
2318 5283 2534 5336 unitum
2590 5283 2912 5336 asserimus.
2964 5279 3116 5333 Nulla
3177 5279 3321 5333 enim
3391 5275 3600 5328 ratione

2013 5376 2314 5445 putandum
2374 5384 2496 5436 est,
2553 5373 2806 5444 principe
2863 5372 3030 5427 nostri
3080 5381 3272 5448 parte,
3332 5368 3436 5420 boc
3475 5375 3598 5422 est.

2014 5468 2192 5521 anima
2223 5467 2486 5536 neglecta,
2519 5465 2976 5534 peregrinationis
3010 5479 3122 5516 suae
3153 5460 3428 5514 molestias
3446 5459 3596 5511 carni

2015 5560 2196 5631 largiri
2228 5560 2487 5613 voluisse.
2543 5559 2774 5612 l’ulcbre
2805 5568 2984 5611 autem
3017 5570 3114 5624 per
3150 5563 3435 5618 utramque
3468 5564 3595 5616 par-

2015 5663 2123 5708 tem
2173 5653 2603 5722 dispensationis
2655 5660 3054 5703 sarramenlum
3115 5645 3383 5713 pvt'ireit-
3433 5657 3598 5693 carm

402 5834 420 5863 ¹
457 5834 620 5890 Hebr.
654 5853 709 5902 tt,
750 5839 830 5906 14,
866 5839 949 5893 15.
1020 5841 1038 5869 ¹
1069 5838 1226 5894 llum.
1270 5857 1384 5909 \‘lll,
1419 5840 1476 5906 5,
1503 5840 1556 5896 4.
1631 5840 1652 5872 ³
1688 5839 1859 5895 lCor.

2005 5881 2017 5906 ,
2058 5839 2144 5893 1'2.
2225 5837 2285 5890 *ἰ
2329 5839 2472 5892 l‘etr.
2510 5835 2688 5903 11,“Ζῖἓ.
2771 5836 2790 5865 '
2830 5833 3004 5888 lCor.
3059 5851 3144 5900 xv,
3191 5831 3277 5886 4').
