4082 6406
472 340 582 410 919

1709 349 2081 410 ΕΠΊῚΙΥΜΙΙ
2135 348 2495 409 ZlGABENI

3638 341 3743 402 920

467 499 569 540 sua
606 494 861 553 tanquam
892 498 1097 555 organo
1143 483 1209 536 ad
1246 484 1428 538 carnis
1460 498 1646 554 opera,
1675 489 2051 557 natm-alesque

2157 496 2414 567 καθάπερ
2436 498 2675 569 ὀργάνῳ,
2708 502 2781 570 τῇ
2823 498 2923 568 μὲν
2972 496 3079 568 ἰδίᾳ
3120 492 3311 565 σαρκὶ,
3347 488 3466 564 [τά]
3502 485 3638 555 πρὸς
3673 483 3744 538 τὰ

467 576 839 647 :egritudines,
866 591 930 630 ac
964 586 1157 629 cattera
1199 572 1374 629 ollicia
1415 576 1830 645 vituperationis
1860 596 2051 648 exper-

466 667 579 733 tia;
606 665 802 721 .auima
842 678 1054 717 rursum
1084 664 1150 717 ad
1201 663 1471 720 humanas
1522 666 1935 737 inculpatasque
1968 673 2051 722 at-

466 755 733 810 l'ectiones
781 755 1053 808 utebatur.
1096 752 1233 807 Nam
1283 763 1337 809 et
1382 755 1644 820 esuriem,
1692 767 1749 810 et
1790 758 2052 827 longioris

468 848 677 904 itineris
707 846 1074 911 iahorem,‘et
1118 861 1375 914 pavorem
1416 862 1480 902 ac
1514 858 1744 913 metum,
1785 859 1841 903 et
1880 851 2052 904 tristi-

469 938 623 1003 tiam,
654 946 710 992 et
741 950 1024 1003 angorem,
1052 945 1109 990 et
1140 936 1309 1004 ipsam
1346 938 1582 1005 denique
1614 939 1668 992 in
1704 954 1866 995 cruce
1907 956 2053 994 mor-

465 1041 575 1085 tem
604 1026 894 1097 pertulisse
924 1026 1176 1082 traditur.
1205 1027 1422 1082 Etenim
1467 1029 1616 1084 nullo
1649 1041 1901 1101 cogente,
1933 1034 2051 1085 aui-

462 1134 610 1175 mam
647 1133 802 1174 suam
838 1119 1012 1173 nostri
1047 1134 1212 1174 causa
1248 1121 1433 1188 posuit
1483 1122 1522 1188 ι,
1568 1137 1677 1191 quo
1708 1114 1961 1177 nimirum
1997 1136 2052 1178 et

462 1210 604 1266 vivis
632 1218 688 1265 et
711 1209 941 1265 mortuis
963 1210 1342 1265 dominaretur
1388 1213 1432 1266 ².
1466 1212 1531 1267 Et
1553 1215 1773 1283 quidem
1929 1233 2051 1271 car-

462 1315 587 1357 nem
620 1314 776 1356 suam
804 1299 947 1355 citra
982 1301 1416 1355 controversiam
1449 1301 1790 1358 liherationis
1817 1306 2048 1373 pretium

465 1407 564 1464 pro
599 1391 842 1447 onmium
880 1404 1046 1446 carne
1080 1391 1383 1461 dependit;
1412 1393 1651 1448 animam
1686 1411 1814 1451 vero
1844 1395 2079 1464 justum.

463 1497 565 1553 pro
616 1480 925 1536 mortalium
970 1481 1212 1535 omnium
1267 1482 1554 1538 animabus
1609 1485 1843 1553 pretium
1896 1487 2049 1540 exhi-

464 1575 610 1638 buit,
657 1573 878 1628 tametsi
909 1572 1074 1626 vitam
1103 1587 1265 1641 quam
1315 1585 1572 1642 posuerat
1604 1577 1751 1647 (nam
1780 1579 1887 1631 vita
1933 1589 2052 1633 erat

465 1680 528 1727 ut
564 1669 708 1725 Deus
760 1668 1059 1723 secundum
1117 1674 1396 1737 naturanq
1442 1667 1620 1723 denuo
1672 1673 2048 1740 resumpserit.

2158 589 2364 657 σαρκὸς
2407 587 2545 658 ἔργα
2568 606 2628 642 τε
2665 589 2760 642 καὶ
2792 589 3213 660 ἀρρωστήματα
3246 580 3473 655 φυσικὰ,
3515 579 3611 632 καὶ
3641 577 3745 630 ὅσα

2160 679 2352 748 μώμου
2386 680 2638 750 μακράν·
2672 680 2822 751 ψυχῇ
2844 680 2888 733 δ’
2913 675 2982 734 αὖ
3015 683 3080 750 τῇ
3120 679 3247 749 ἰδίᾳ.
3276 676 3414 747 πρὸς
3440 674 3508 727 τὰ
3532 670 3745 741 ἀνθρώ-

2155 772 2288 824 πινά
2318 789 2376 823 τε
2408 773 2821 835 καὶάνυπαίτια
2850 772 3022 842 πάθη.
3053 773 3315 841 Πεινῆσαι
3358 768 3469 838 γάρ
3495 765 3743 834 λέγεται,

2154 865 2359 927 κόπους
2418 865 2744 931 ὑπενεγκεῖν
2796 866 2924 928 τοὺς
2980 867 3043 917 ἐκ
3099 862 3329 933 μακρῶν
3395 856 3744 929 ὁδοιποριῶν,

2155 956 2346 1018 πτοίας
2378 972 2439 1008 τε
2478 957 2573 1009 καὶ
2604 957 2828 1025 φόϐους,
2859 958 2953 1009 καὶ
2987 955 3189 1026 λύπην,
3219 955 3314 1007 καὶ
3342 950 3607 1020 ἀγωνίαν,
3644 948 3743 1003 καὶ

2154 1048 2244 1124 τον
2278 1048 2374 1101 ἐπὶ
2406 1047 2485 1119 τῷ
2530 1046 2754 1118 σταυρῷ
2788 1046 3043 1101 θάνατον.
3084 1042 3599 1112 Ἐπαναγκάζοντος
3632 1039 3745 1111 γάρ

2154 1134 2390 1198 οὐδενὸς,
2421 1135 2667 1189 τέθεικεν
2709 1136 2802 1204 ἀφ’
2846 1136 3042 1191 ἑαυτοῦ
3076 1135 3175 1206 τὴν
3208 1135 3344 1189 ἰδίαν
3372 1132 3553 1203 ψυχὴν
3599 1130 3742 1200 ὑπὲρ

2153 1226 2337 1298 ἡμῶν,
2373 1229 2460 1282 ἵνα
2488 1229 2582 1282 καὶ
2602 1230 2813 1301 νεκρῶν
2850 1230 2945 1283 καὶ
2978 1227 3197 1293 ζώντων
3226 1225 3523 1297 κυριεύσῃ’
3560 1223 3742 1294 σάρκα

2092 1354 2099 1361 ι
2157 1321 2258 1391 μὲν
2293 1320 2392 1391 τὴν
2437 1321 2600 1387 ίὸίαν,
2629 1322 2729 1392 τῆς
2775 1322 3034 1377 ἁπάντων
3072 1319 3275 1391 σαρκὸς
3323 1317 3741 1379 ὰνταποτιννὺς,

2153 1411 2324 1482 δῶρον
2364 1412 2579 1481 άληθῶς
2601 1412 3070 1483 άντάξιον·ψυχὴν
3094 1412 3172 1471 δέ.
3206 1411 3385 1482 ψυχῆς
3419 1410 3743 1480 ἀντίλυτρον

2153 1500 2254 1570 τῆς
2282 1501 2541 1555 ἁπάντων
2570 1502 2918 1571 ποιούμενος,
2957 1504 3008 1555 εί
3043 1503 3136 1556 καὶ
3170 1502 3374 1557 ἀνεϐίω
3408 1501 3592 1563 πάλιν,
3624 1499 3742 1571 ζωὴ

2155 1594 2300 1646 κατὰ
2329 1593 2491 1662 φύσιν
2521 1595 2784 1664 ὑπάρχων
2811 1594 2887 1654 ὼς
2916 1594 3071 1657 Θεὸς.
3107 1595 3215 1647 Καὶ
3240 1594 3372 1662 γοῦν
3394 1595 3424 1646 ὁ
3453 1593 3742 1655 θεσπέσιος

2156 1686 2363 1757 Πέτρος
2386 1726 2400 1749 ,
2438 1706 2457 1737 ε
2496 1686 2998 1757 ΙΙἌνδρες-ἀδελφοὶ,
3029 1686 3216 1756 φησὶν,
3246 1686 3366 1754 ἐξὸν
3395 1687 3571 1740 εἰπεῖν
3599 1687 3743 1757 μετὰ

462 1761 605 1818 Hinc
632 1760 850 1816 divinus
892 1759 1132 1814 Petrus:
1170 1777 1190 1809 ι
1221 1756 1355 1825 Viri,
1391 1760 1587 1829 inquit,
1637 1760 1856 1823 fratres.
1894 1764 2051 1818 liceat

2157 1756 2467 1847 παρρησίας
2500 1756 2643 1848 πρὸς
2679 1778 2825 1849 ὑμᾶς
2873 1778 3004 1849 περὶ
3034 1778 3128 1831 τοῦ
3157 1780 3500 1850 πατριάρχου
3550 1756 3740 1843 Δάοιδ,
3812 1814 3825 1821 ι

467 1859 734 1910 audenter
767 1854 950 1908 dicere
995 1850 1063 1905 ad
1100 1865 1194 1906 vos
1224 1851 1290 1905 de
1338 1853 1644 1920 patriarcha
1681 1854 1872 1919 David,
1918 1871 2055 1924 quo-

465 1947 612 2000 niam
642 1953 696 1998 et
719 1940 1009 1998 defunctus
1039 1950 1145 2005 est,
1177 1951 1231 1996 et
1262 1942 1508 2012 sepultus
1529 1953 1633 2007 est,
1661 1952 1713 1997 et
1738 1944 2051 2013 sepulcrum

463 2035 582 2105 ejus
609 2044 696 2092 est
725 2033 868 2105 apud
919 2048 1021 2089 nos
1052 2048 1224 2103 usque
1267 2033 1320 2088 in
1366 2035 1689 2091 hodiernum
1722 2037 1889 2091 diem.
1920 2036 2054 2091 Pro-

464 2132 624 2199 pheta
664 2129 833 2199 igitur
870 2142 995 2182 cum
1026 2136 1195 2191 esset,
1239 2137 1295 2182 et
1341 2128 1510 2183 sciret
1542 2129 1671 2198 quia
1698 2130 2054 2198 jurejurando

460 2223 705 2291 iurasset
763 2220 839 2276 illi
899 2219 1062 2285 Deus,
1121 2218 1187 2275 de
1246 2218 1427 2275 fructu
1475 2219 1645 2276 lumbi
1700 2221 1819 2291 ejus
1860 2224 2054 2277 sedere

466 2331 630 2387 super
656 2316 841 2372 sedem
870 2314 1010 2384 ejus,
1064 2313 1356 2384 providens
1391 2313 1602 2370 locutus
1638 2324 1724 2370 est
1765 2318 1832 2371 de
1870 2331 2053 2370 resur-

467 2410 709 2465 lectione
750 2407 978 2477 Christi,
1031 2410 1159 2479 quia
1190 2423 1369 2477 neque
1417 2410 1710 2466 derelictus
1754 2412 1925 2466 estin
1968 2411 2053 2465 in-

464 2502 647 2566 ferno,
678 2513 855 2570 neque
878 2514 1010 2555 caro
1039 2500 1158 2568 ejus
1192 2500 1326 2555 vidit
1350 2501 1756 2569 corruptionem
1806 2502 1848 2554 ³.
1885 2520 1907 2554 1
1941 2501 2054 2557 Nec

464 2592 610 2646 enim
666 2588 751 2644 fas
793 2596 879 2643 est
928 2588 1130 2653 dicere,
1186 2602 1407 2641 carnem
1456 2585 1638 2642 Verbo
1691 2589 1901 2642 unitam
1951 2589 2053 2641 aii-

467 2681 685 2750 quando
718 2681 959 2751 potuisse
1007 2680 1307 2748 corrumpi,
1337 2688 1431 2733 aut
1468 2679 1707 2734 divinam
1743 2679 1889 2733 illam
1934 2679 2053 2734 ani-

466 2791 610 2829 mam
659 2776 802 2830 intra
848 2773 1047 2828 inferni
1084 2784 1273 2843 portas
1311 2774 1567 2831 detineri.
1600 2772 1758 2840 Nam,
1816 2784 1875 2826 ut
1913 2774 2052 2829 divi-

470 2883 578 2921 nus
626 2866 823 2921 Petrus
845 2866 942 2928 ait,
984 2864 1165 2919 anima
1214 2862 1333 2931 ejus
1364 2864 1427 2917 in‘
1453 2864 1671 2918 inferno
1716 2864 1905 2918 relicta
1943 2880 2049 2918 non

467 2959 590 3016 luit.
637 2957 825 3028 Neque
874 2972 1002 3013 vero
1050 2965 1303 3009 naturam
1350 2955 1669 3026 illam,quze
1715 2971 1818 3011 nec
1868 2968 2050 3011 mente

466 3048 892 3122 comprehendi,
951 3064 1125 3118 neque
1175 3063 1272 3118 per
1321 3056 1551 3103 mortem
1598 3048 1885 3104 ullatenus
1931 3049 2048 3119 capi

462 3155 665 3216 potest,
693 3144 795 3199 hoc
821 3154 905 3197 est
929 3140 1205 3212 Unigeuiti
1231 3141 1597 3206 divinitatem,
1621 3157 1651 3196 e
1675 3141 2050 3196 subterraneis

466 3237 574 3314 illis
603 3225 872 3301 specubus
909 3248 1124 3287 rursum
1166 3233 1458 3297 emersisse
1490 3234 1774 3289 dicemus:
1802 3233 2047 3303 quando-

466 3329 685 3397 quidem
750 3327 897 3381 nulla
943 3327 1306 3380 admiratione
1352 3326 1571 3394 dignum
1620 3336 1805 3391 esset,
1855 3328 1899 3382 si
1957 3328 2046 3381 Dei

468 3421 709 3476 Verbum
746 3420 1045 3474 divinitatis
1075 3419 1125 3473 vi
1161 3419 1520 3489 ejusdemque
1553 3416 1791 3493 elIicacia
1838 3423 2045 3487 nixum,

467 3515 608 3583 apud
633 3512 838 3567 inferos
870 3525 977 3565 non
1012 3511 1327 3579 mansisset,
1353 3526 1474 3565 cum
1503 3512 1898 3568 admirabiliter
1925 3530 2045 3568 om-

466 3608 627 3660 nibus
691 3604 855 3668 adsit,
915 3603 1244 3673 impleatque
1300 3606 1506 3657 omnia.
1568 3603 1753 3659 Deitas
1809 3621 2045 3675 namque

463 3696 613 3750 omni
651 3694 771 3751 loco
798 3704 855 3753 et
884 3694 1419 3764 circumscriptione,
1452 3705 1507 3749 et
1546 3696 1897 3751 mensurabili
1932 3714 2047 3751 ma-

463 3788 745 3858 gnitudine
792 3786 1062 3855 superior,
1115 3803 1145 3842 a
1199 3786 1350 3841 nullo
1414 3786 1533 3854 capi
1587 3789 2045 3856 comprehendite

486 3892 661 3937 501851.

486 3899 661 3937 1ς1ιοει.

462 3899 481 3950 ι
747 3964 941 4018 Mirum
992 3977 1120 4016 vero
1176 3960 1345 4014 videri
1400 3960 1581 4021 debet,
1638 3959 1780 4027 quod
1850 3974 2049 4028 corpus

467 4067 662 4124 suapte
698 4065 889 4109 natura
937 4052 1177 4107 interitui
1226 4063 1280 4104 et
1322 4049 1480 4103 nmrti
1510 4050 1803 4103 obnoxium
1861 4049 1927 4100 ad
1972 4049 2049 4100 vi-

470 4157 580 4197 tam
625 4145 803 4199 denuo
873 4141 1098 4195 redierit
1144 4158 1156 4193 :
1206 4140 1258 4193 id
1309 4140 1453 4191 enim
1510 4138 1835 4191 immortalis
1884 4134 2048 4189 Verbi

468 4236 751 4306 proprium
801 4242 940 4289 erat.
993 4231 1084 4286 Sic
1132 4245 1351 4300 quoque
1400 4229 1600 4294 anima,
1643 4245 1761 4296 qua:
1796 4245 1915 4281 cum
1961 4228 2052 4282 illo

471 4327 760 4394 conjuncta
793 4325 1150 4395 copulataque
1184 4323 1382 4389 fuerat,
1409 4324 1476 4377 ad
1504 4321 1708 4377 inferos
1733 4321 2012 4377 descendit
2035 4362 2049 4386 ,

471 4419 763 4487 divinaque
790 4418 990 4471 virtute
1025 4432 1089 4472 ac
1122 4416 1362 4486 potentia
1397 4425 1576 4479 utens,
1606 4416 1886 4484 spiritibus
1914 4430 2054 4485 quo-

471 4525 585 4576 qne.
609 4508 808 4563 ibidem
841 4508 1074 4577 captivis
1102 4522 1223 4562 sese
1252 4507 1497 4564 exhibuit
1547 4506 1586 4558 ⁸.
1621 4506 1836 4561 Etenim
1870 4508 1934 4562 iis
1958 4508 2051 4576 qui

469 4599 704 4654 vinculis
757 4600 828 4654 ibi
864 4598 1146 4654 constricti
1186 4598 1577 4652 detinebantur
1608 4616 1621 4653 :
1660 4616 1677 4648 1
1713 4598 1888 4661 Exite,
1929 4599 2003 4651 ait
2036 4615 2050 4652 :

470 4696 538 4748 iis
563 4709 688 4750 vero
724 4693 817 4763 qui
859 4692 1102 4747 tenebris
1122 4691 1543 4761 operiebantur:
1571 4690 1904 4747 Revelamini
1956 4694 1998 4745 ⁸.
2027 4712 2045 4744 1

454 4789 649 4856 .Atque
702 4787 807 4840 huc
862 4786 990 4839 mibi
1046 4800 1273 4856 magnus
1349 4785 1437 4839 ille
1492 4779 1685 4840 Petrus
1744 4786 2055 4856 respexisse

472 4878 704 4940 videtur,
743 4890 866 4929 cum
895 4876 962 4928 de
999 4872 1094 4928 Dei
1132 4873 1331 4938 Verbo,
1367 4872 1718 4943 ejusdemque
1753 4874 2051 4928 secundum

472 4967 928 5035 tlispensatoriam
982 4965 1238 5022 unionem
1290 4966 1492 5031 anima,
1551 4968 1694 5018 hunc
1732 4966 1782 5018 in
1836 4968 2052 5021 modum

473 5057 833 5111 concinnatur
866 5076 879 5110 :
915 5076 933 5108 ‹
965 5056 1157 5112 Melius
1203 5070 1284 5112 est
1334 5059 1480 5111 enim
1538 5057 1943 5112 benefacientes
1989 5061 2053 5126 (si

473 5153 724 5205 voluntas
759 5148 850 5203 Dei
890 5148 1040 5219 velit)
1078 5150 1212 5218 pati,
1243 5165 1405 5218 quam
1439 5149 1846 5205 inalel'acieutes
1880 5169 1893 5204 :
1927 5156 2053 5221 quia

473 5256 528 5297 ut
558 5244 811 5298 Christus
845 5241 1010 5295 semel
1050 5257 1149 5310 pro
1176 5242 1415 5311 peccatis
1449 5245 1649 5298 nostris
1680 5254 1925 5300 mortuus
1949 5257 2053 5312 est,

467 5340 649 5406 justus
693 5351 789 5407 pro
815 5333 1056 5404 injustis,
1221 5341 1277 5386 ut
1324 5349 1424 5387 nos
1455 5333 1674 5390 offerret
1707 5337 1854 5403 Deo;
1906 5354 2054 5392 mur-

472 5430 711 5503 tilicatus
772 5428 989 5498 quidem
1063 5440 1265 5490 carne,
1336 5424 1637 5482 viviticatns
1707 5441 1884 5484 autem
1946 5433 2056 5499 spi-

472 5524 575 5576 ritu
620 5522 662 5588 “,
725 5521 777 5574 in
829 5535 935 5589 quo
980 5530 1033 5573 et
1082 5519 1166 5572 his
1200 5518 1290 5587 qui
1332 5519 1382 5571 in
1432 5534 1654 5575 carcere
1705 5531 1861 5574 erant
1893 5524 2052 5592 Spiri—

474 5617 614 5670 tibus
668 5615 892 5668 veniens
944 5611 1296 5681 prmdicavit,
1352 5612 1443 5680 qui
1519 5613 1781 5667 increduli
1841 5614 2055 5669 fuerant

471 5706 782 5772 aliquando.
799 5722 816 5753 1
846 5701 957 5756 Nec
982 5718 1109 5757 vero
1128 5704 1309 5757 dicent
1336 5703 1674 5759 divinitatem
1696 5720 1788 5772 per
1810 5722 1869 5760 se
1889 5707 2056 5759 Stilum

482 5796 547 5843 ad
586 5796 792 5848 inferos
831 5798 1202 5861 descendisse,
1246 5797 1637 5867 spiritibusque
1685 5800 1883 5854 ibidem
1928 5818 2058 5855 con-

2153 1866 2237 1918 ὅτι
2266 1866 2362 1918 καὶ
2393 1866 2715 1938 ἐτελεύτησε
2750 1869 2846 1922 καὶ
2880 1869 3055 1940 ἐτάφη
3082 1909 3096 1932 ,
3130 1870 3223 1923 καὶ
3255 1870 3316 1923 τὸ
3349 1871 3541 1940 μνῆμα
3573 1869 3740 1923 αὑτοῦ

2153 1959 2302 2013 ἐστιν
2334 1962 2392 2013 ἐν
2439 1962 2570 2031 ἡμῖν
2615 1961 2744 2033 ἄχρι
2789 1962 2889 2031 τῆς
2926 1965 3137 2035 ἡμέρας
3170 1964 3398 2033 ταύτης.
3447 1967 3742 2039 Προφήτης

2153 2047 2247 2103 οὖν
2280 2051 2564 2122 ὑπάρχων,
2610 2052 2704 2105 καὶ
2733 2053 2893 2114 εἰδὼς
2920 2092 2937 2116 ,
2965 2054 3048 2107 ὃτι
3094 2050 3244 2125 ὅρκῳ
3287 2042 3502 2126 ὤμοσεν
3532 2058 3686 2130 αὑτῷ
3711 2060 3743 2114 ὁ

2154 2144 2309 2208 Θεὸς,
2338 2146 2403 2197 ἐκ
2430 2144 2647 2215 καρποῦ
2689 2146 2786 2214 τῆς
2821 2146 3020 2215 ὀσφύος
3049 2147 3215 2200 αὑτοῦ
3257 2149 3480 2202 καθίσαι
3528 2153 3620 2205 ἐπὶ
3643 2153 3743 2207 τοῦ

2155 2233 2348 2305 θρόνου
2390 2235 2579 2302 αὑτοῦ,
2630 2235 2896 2306 προειδὼς
2942 2236 3171 2308 ἐλάλησε
3219 2241 3473 2312 περὶτῆς
3505 2244 3741 2298 ἀναστά.

2155 2345 2295 2391 σεως
2325 2327 2421 2380 τοῦ
2466 2328 2726 2398 Χριρτοῦ,
2763 2331 2846 2382 ὃτι
2889 2328 3013 2382 οὔτε
3042 2331 3459 2405 ,ἐγκατελείφθη
3511 2338 3543 2405 η
3595 2336 3741 2408 ψυχὴ

2155 2417 2324 2471 αὑτοῦ
2348 2420 2429 2483 εἰς
2454 2419 2609 2490 ᾅδην,
2636 2419 2751 2473 οὗθ’
2779 2424 2813 2491 ή
2849 2422 2991 2492 σὰρξ
3016 2424 3182 2477 αὑτοῦ
3208 2421 3317 2478 οἶδε
3348 2426 3669 2496 διαφθοράν.
3713 2449 3739 2484 1

2154 2510 2230 2562 Οὐ
2265 2512 2375 2580 γάρ
2396 2527 2480 2563 τοι
2504 2510 2664 2581 θέμις
2697 2514 2896 2577 εἰπεῖν,
2947 2514 3125 2584 φθορᾷ
3165 2514 3266 2584 μὲν
3295 2515 3555 2571 δύνασθαι
3603 2537 3738 2590 κρα-

2151 2601 2365 2655 τεῖσθαί
2394 2619 2524 2655 ποτε
2569 2604 2668 2675 τὴν
2710 2604 3007 2659 ἐνωθεῖσαν
3047 2606 3128 2677 τῷ
3163 2608 3322 2679 Λόγῳ
3372 2612 3573 2681 σάρκα,
3604 2614 3738 2667 κάτ-

2153 2709 2278 2763 οχον
2296 2695 2340 2747 δ’
2358 2689 2426 2747 αὖ
2448 2698 2567 2758 ταῖς
2588 2695 2715 2767 ᾇδου
2746 2696 2942 2761 πύλαις
2966 2700 3064 2767 τὴν
3088 2699 3240 2755 θείαν
3260 2702 3737 2775 γενέσθαιψυχήψ

2154 2785 2256 2839 οὑκ
2277 2787 2672 2858 ἐγκατελείφθη
2691 2789 2799 2859 γάρ
2824 2791 2903 2851 είς
2932 2789 3086 2861 ᾆδην,
3105 2791 3250 2846 καθά
3275 2793 3369 2848 καὶ
3394 2796 3420 2847 ὁ
3446 2795 3736 2860 θεσπέσιος

2154 2873 2258 2945 ἔφη
2297 2875 2524 2945 Πέτρος.
2557 2876 2632 2929 Οὑ
2665 2878 2772 2947 γάρ
2813 2895 2917 2930 που
2942 2880 3042 2950 τήν
3070 2897 3129 2932 τε
3169 2879 3415 2949 ἄληπτον
3436 2884 3736 2951 παντελῶς,

2157 2966 2252 3018 καὶ
2295 2967 2571 3021 ἀνάλωτον
2613 2968 2692 3038 τῷ
2728 2969 2946 3040 θανάτῳ
2980 2970 3163 3039 φύσιν,
3196 2974 3445 3027 τουτέστι
3474 2974 3577 3047 τὴν
3617 2977 3737 3030 056-

2156 3072 2293 3125 τητα
2323 3056 2418 3110 τοῦ
2451 3057 2792 3126 Μονογενοῦς
2816 3099 2831 3123 ,
2884 3060 2994 3114 τῶν
3029 3062 3133 3115 ὑπὸ
3180 3062 3342 3134 χθόνα
3381 3068 3570 3137 μυχῶν
3607 3070 3739 3123 άνα-

2156 3149 2477 3219 κεκομίσθαι
2507 3151 2752 3222 φήσομεν
2772 3170 2785 3183 ο
2816 3153 2941 3206 οὑτε
2972 3153 3083 3225 γὰρ
3111 3155 3178 3209 ἂν
3214 3155 3424 3229 ἠξιώθη
3453 3160 3514 3214 τὺ
3547 3163 3739 3233 χρῆμα

2153 3238 2455 3309 θαύματος,
2490 3243 2543 3294 εί
2582 3244 2659 3312 μὴ
2717 3244 3028 3316 μεμένηκεν
3054 3249 3134 3310 εἰς
3162 3248 3256 3301 τὸν
3288 3248 3419 3320 ᾅδην
3452 3252 3483 3307 ὁ
3508 3253 3574 3306 ὲκ
3601 3253 3735 3307 Θεοῦ

2148 3334 2343 3400 Λόγος,
2408 3339 2474 3404 τῇ
2519 3336 2617 3405 τῆς
2687 3337 2941 3407 θεότητος
2999 3339 3253 3409 ἐνεργείᾳ
3293 3358 3349 3395 τε
3405 3345 3500 3396 καὶ
3551 3344 3731 3412 φύσει,

2153 3425 2475 3496 παραδόξως
2536 3442 2596 3478 τε
2660 3427 2755 3480 καὶ
2815 3428 2956 3499 ὑπὲρ
3016 3429 3196 3498 λόγον,
3239 3431 3465 3503 πληρῶν
3516 3434 3614 3505 μὲν
3664 3437 3730 3490 τά

2154 3518 2351 3578 πάντα.
2386 3520 2483 3573 za‘t
2510 3522 2624 3582 τοῖς
2655 3520 2822 3574 πᾶσιν
2848 3521 3152 3593 ἐπιδημῶν.
3170 3524 3468 3596 ’Δνώτερον
3492 3526 3598 3596 γάρ
3627 3542 3728 3579 που

2155 3610 2249 3662 καὶ
2282 3610 2645 3682 περιορισμοῦ
2680 3612 2775 3665 καὶ
2799 3611 2966 3667 τόπου
2996 3615 3092 3667 καὶ
3119 3599 3383 3685 μεγέθους
3467 3623 3735 3686 ptum-ﬁmi

2130 3705 2213 3754 -τὸ
2245 3702 2422 3767 Θεῖον,
2459 3703 2591 3756 αὑτὸ
2629 3703 2687 3757 δὲ
2719 3704 2828 3758 ὑπὸ
2855 3706 3085 3776 μηδενὸς
3112 3708 3479 3781 χωρούμενον.

2378 3966 2688 4040 Παράδοξον
2759 3964 2817 4018 δὲ
2843 3963 2939 4017 καὶ
2969 3961 3150 4015 οὐδενὶ
3184 3959 3292 4013 τῶν
3318 3958 3488 4011 ὄντων
3518 3954 3737 4028 θαυμα-

2155 4060 2278 4116 στὸν
2331 4102 2344 4122 .
2375 4062 2459 4114 ὅτι
2490 4058 2650 4127 σῶμα
2692 4053 2790 4126 μὲν
2825 4053 3023 4106 ἀνεϐίω
3056 4051 3115 4104 τὸ
3153 4054 3220 4122 τῇ
3270 4048 3429 4118 φύσει
3458 4045 3732 4117 φθαρτόν·

2153 4147 2220 4219 ἦν
2249 4148 2356 4219 γάρ
2392 4147 2523 4200 ἴδιον
2548 4143 2641 4197 τοῦ
2674 4142 2953 4213 ἀφθάρτου
2980 4137 3353 4209 Λόγουᾉιύχὴ
3374 4138 3429 4189 δὲ
3456 4136 3521 4209 δὴ
3550 4137 3736 4198 πάλιν,

2155 4240 2252 4307 τὴν
2301 4237 2435 4308 πρὸς
2485 4235 2647 4290 αὐτὸν
2678 4230 2922 4303 λαχοῦσα
2952 4230 3260 4304 συνδρομήν
3292 4245 3352 4280 τε
3382 4232 3477 4283 καὶ
3508 4229 3728 4291 ἕνωσιν,

2157 4330 2597 4402 καταπεφοίτηκε
2634 4330 2731 4400 μὲν
2781 4329 2859 4391 είς
2896 4326 3049 4398 ᾆδον,
3096 4325 3392 4395 θεοπρεπεῖ
3417 4323 3475 4376 δέ
3506 4321 3737 4389 δυνάμει

2159 4425 2253 4478 καὶ
2314 4422 2535 4493 ἐξουσίᾳ
2588 4420 2869 4492 χρωμένη,
2914 4418 3162 4480 καὶτοῖς
3216 4417 3397 4470 ἐκεῖσε
3460 4412 3738 4479 πνεύμασι

2160 4516 2534 4586 κατεφαίνετο.
2598 4513 2893 4584 Τοιγάρτοι
2974 4512 3068 4564 καὶ
3129 4509 3335 4578 ἔφασκε
3381 4509 3490 4568 τοῖς
3546 4507 3604 4558 ἐν
3654 4503 3742 4555 δε-

2162 4614 2344 4681 σμοῖς·
2383 4630 2401 4660 ‹
2452 4595 2725 4672 Ἑξέλθετε
2746 4624 2757 4636 ο
2790 4605 2885 4659 καὶ
2910 4606 3021 4667 τοῖς
3047 4605 3104 4655 ἐν
3138 4600 3214 4672 τῷ
3240 4601 3452 4653 σκότει·
3501 4599 3735 4651 Ἄνακα-

2160 4701 2445 4755 λύπτεσθε.
2484 4719 2503 4750 1
2543 4698 2649 4751 Καί
2684 4716 2772 4768 μοι
2824 4698 2972 4750 δοκεῖ
3014 4696 3181 4764 φάναι
3216 4711 3266 4745 τι
3310 4690 3551 4745 τοιοῦτον
3584 4688 3681 4742 καὶ
3712 4688 3742 4739 ὁ

2162 4787 2445 4848 θεσπέσιος
2490 4785 2693 4854 Πέτρος
2739 4786 2870 4856 περί
2911 4783 3007 4836 τοῦ
3064 4782 3200 4835 Θεοῦ
3256 4780 3455 4849 Λόγου,
3502 4777 3597 4832 καὶ
3640 4777 3741 4846 τῆς

2161 4882 2281 4934 καθ’
2309 4880 2500 4933 ἕνωσιν
2540 4879 2850 4950 οἰκονομίας
2873 4882 2890 4915 τ
2924 4875 3302 4947 γεγενημένης
3335 4871 3498 4927 αὑτοῦ
3522 4869 3734 4941 ψυχῆς

2167 4994 2185 5027 ι
2224 4978 2486 5046 Κρεῖττον
2519 4974 2626 5044 γάρ
2652 4969 3140 5042 ἀγαθοποιοῦντας,
3176 4969 3225 5020 εἰ
3258 4965 3402 5019 θέλοι
3438 4964 3500 5017 τὸ
3527 4961 3741 5032 θέλημα

2162 5069 2254 5121 τοῦ
2281 5067 2438 5131 Θεοῦ,
2468 5069 2721 5137 πάσχειν,
2748 5067 2781 5138 ἢ
2812 5063 3246 5122 κακοποιοῦντας
3266 5075 3279 5091 ο
3308 5060 3391 5113 ὅτι
3423 5058 3518 5111 καὶ
3552 5057 3579 5108 ὁ
3604 5055 3745 5125 Χριι-

2164 5162 2286 5224 στος
2324 5158 2472 5224 ἅπαξ
2506 5159 2647 5230 ὑπὲρ
2678 5156 3021 5228 ἁμαρτωλῶν
3057 5154 3297 5209 ἀπέθανε
3319 5189 3334 5214 ,
3364 5151 3571 5211 δίκαιος
3602 5146 3745 5215 ὑπὲρ

2161 5253 2381 5319 ἀδίκων,
2432 5252 2497 5304 ἵν’
2528 5253 2674 5323 ἡμᾶς
2725 5248 3054 5320 προσαγάγῃ
3105 5246 3184 5317 τῷ
3230 5242 3371 5313 Θεῷ,
3406 5237 3745 5299 θανατωθεὶς
3797 5247 3803 5252 ·

2164 5345 2261 5414 μὲν
2312 5343 2513 5416 σαρκὶ,
2566 5339 2922 5410 ζωοποιηθεὶς
2967 5339 3023 5391 δὲ
3071 5337 3149 5407 τῷ
3194 5336 3503 5406 πνεύματι·
3570 5334 3629 5384 ἐν
3675 5323 3742 5399 ᾧ,

2162 5434 2313 5506 φησὶ,
2371 5435 2468 5488 καὶ
2530 5436 2639 5497 τοῖς
2705 5435 2763 5485 ἐν
2834 5433 3049 5499 φυλακῇ
3115 5428 3389 5498 πνεύμασι
3454 5422 3743 5494 πορευθεὶς

2161 5506 2793 5599 ἐκὴρὺξεν,άπειθήσασί
2818 5540 2969 5575 ποτε.
3000 5542 3018 5573 1
3051 5521 3183 5575 Οὑδέ
3211 5520 3341 5589 γάρ,
3374 5515 3552 5588 οἶμαι,
3584 5516 3744 5583 φαῖεν

2162 5618 2247 5679 ἂν,
2293 5616 2365 5679 ὡς
2414 5614 2596 5685 γυμνὴ
2626 5615 2720 5666 καὶ
2751 5612 2869 5666 καθ’
2910 5611 3108 5681 ἑαυτὴν
3218 5611 3409 5680 θεότης
3438 5607 3532 5661 τοῦ
3564 5607 3744 5659 Μονο-

2161 5704 2352 5773 γενοῦς
2395 5705 2838 5772 καταπεφοίτηκε
2885 5702 2984 5772 μὲν
3020 5703 3098 5765 εἰς
3147 5701 3296 5772 ᾆδον,
3356 5695 3644 5768 διεκήρυξε
3684 5692 3743 5747 δέ

2160 5801 2268 5859 τοῖς
2318 5800 2494 5849 ἐκεῖσε
2544 5796 2849 5862 πνεύμαπιν
2882 5835 2898 5862 ,
2950 5794 3192 5857 ἄποπτος
3242 5790 3377 5847 οὖτα
3422 5789 3731 5850 παντελῶς·

557 5892 573 5923 ³
610 5892 815 5948 lJoan.
839 5911 918 5961 111,
946 5898 1030 5953 16.
1089 5902 1109 5931 ²
1138 5897 1298 5955 Boni.
1341 5916 1451 5962 xw,
1484 5900 1535 5954 9.
1608 5902 1626 5930 ³
1656 5900 1775 5953 Act.
1810 5916 1869 5965 ll,
1903 5900 2051 5952 99-51

2162 5899 2179 5929 "
2215 5901 2232 5953 Ι
2262 5900 2405 5953 i‘ctr.
2440 5913 2522 5958 ill,
2553 5895 2639 5950 l9.
2705 5896 2724 5926 ⁸
2758 5894 2859 5949 lsa.
2893 5909 3035 5961 χιιτς,
3064 5893 3115 5949 9.
3185 5896 3203 5924 ’⁵
3232 5892 3406 5949 IPctr.
3437 5911 3515 5957 ut,
3546 5894 3629 5957 l7,
3662 5892 3744 5947 l8.
