4082 6374
303 331 416 396 925

1275 334 1662 394 PANOPLIA
1709 337 1852 396 DOG
1867 337 2172 396 MATICA.
2192 361 2262 374 -
2283 338 2433 398 ΤΙΤ.
2477 338 2632 398 XIV.

3485 342 3592 404 9‘20

315 445 482 497 τοῦτο
507 441 659 514 αὐτῷ
688 442 766 515 τῴ
788 442 968 514 πιστῷ
999 443 1192 518 κτίστῃ
1220 447 1317 509 τὰς
1353 450 1565 501 ἑαυτῶν
1599 449 1885 518 παρατιθέ-

2005 468 2256 506 rai-ceres
2307 453 2763 520 demittebantur,
2827 454 3021 509 tuortis
3079 459 3422 527 receptacula
3481 461 3591 518 illic

310 556 467 605 μενοι
498 538 701 609 ψυχὰς,
725 540 783 590 ὲν
816 539 1032 593 ἐλπίσιν
1071 540 1244 608 ἐσμὲν
1271 543 1509 610 ἀγαθαῖς
1533 562 1545 572 ·
1580 545 1762 614 ἐγερεί
1786 543 1896 612 γὰρ

305 638 558 695 ἅπαντας
587 638 616 687 6
644 635 900 704 Χριστός.

2005 543 2304 611 impleturae
2341 560 2354 598 :
2391 557 2446 598 at
2483 561 2614 598 vero
2649 558 3010 616 posteaquam
3049 548 3307 604 Christus
3337 552 3590 620 Spiritum

2002 651 2160 689 suum
2195 636 2248 690 in
2288 653 2496 690 manus-
2525 636 2703 691 Patris
2747 643 3178 705 cmntnendavit,
3232 645 3398 697 etiam
3453 646 3608 698 hanc“

317 726 660 790 existimare,
717 725 830 779 luce
883 727 953 778 ita
1013 725 1236 786 habere,
1297 728 1398 781 hoc
1432 738 1535 786 est.
1588 728 1872 798 imaginari
1907 728 1975 782 ad
2016 727 2240 792 inferos,
2288 731 2382 782 sed
2444 732 2635 784 ducem
2695 746 2939 785 nostrum
3001 750 3138 801 pone
3175 719 3588 803 subsequimnr.

313 816 629 882 animisque
663 815 866 866 nostris
902 815 974 867 illi
1016 815 1188 868 veluti
1227 815 1334 867 lida
1371 816 1644 869 conditori
1665 817 1998 881 commissis,
2047 818 2313 883 tantisper
2362 815 2502 870 bona
2537 833 2633 886 spe
2666 819 2908 872 vivimus
2942 821 3122 889 quoad
3168 821 3427 876 Christus
3465 823 3590 874 uni-

303 917 495 956 versos
521 902 740 954 tandem
773 903 838 956 ad
872 903 1038 955 vitam
1073 903 1371 958 revocabit.

305 1012 417 1064 Τοῦ
450 1011 644 1064 αὐτοῦ
674 1012 743 1064 ἐκ
775 1011 883 1065 τοῦ
941 1013 1076 1080 περὶ
1115 1013 1637 1083 ἑνανθρωπήσεως
1677 1018 1886 1086 λόγου.

368 1164 557 1218 Ταῦτα
586 1167 687 1234 τὴν
741 1166 1157 1236 Ἀπολλιναρίου
1200 1172 1601 1238 ματαιολογίαν
1642 1174 1884 1244 ἐλέγχει,

297 1256 357 1319 ὃς
413 1259 539 1310 ἀντὶ
578 1257 673 1311 νοῦ
723 1259 816 1310 τὸν
867 1260 1001 1314 Θεὸν
1054 1261 1230 1328 Λόγον
1281 1264 1570 1333 ἐνοικῆσαι
1607 1265 1758 1330 λέγει
1817 1271 1884 1339 τῇ

299 1351 717 1420 προσληφθεὶσῃ
747 1353 934 1421 σαρκί.
969 1353 1028 1405 ΕΞ
1064 1354 1173 1422 γὰρ
1205 1356 1306 1406 οὐκ
1355 1354 1505 1427 εἶχεν
1538 1358 1886 1428 ἀνθρώπινον

297 1443 425 1495 νοῦν
452 1445 483 1511 ἡ
515 1443 896 1512 ἀναληφθείσα
927 1447 1113 1511 φύσις,
1145 1447 1278 1509 Θεὸς
1312 1449 1412 1516 μὲν
1443 1446 1517 1517 ἦν
1540 1453 1589 1521 ό⁸
1609 1453 1743 1520 πρὸς
1767 1453 1886 1508 διά-

298 1533 458 1586 ϐολον
498 1536 938 1603 ἀγωνισάμενος,
972 1535 1106 1598 Θεὸς
1153 1537 1210 1589 δὲ
1243 1539 1270 1590 6
1291 1540 1393 1602 τὴν
1424 1541 1581 1609 νίκην
1613 1542 1889 1595 ἀναδυσάο

301 1643 485 1696 μενος.
516 1627 651 1679 Θεοῦ
680 1627 738 1679 δὲ
775 1630 1148 1698 νενικηκότος,
1191 1630 1302 1698 ἐγὼ
1329 1632 1431 1700 μὲν
1475 1634 1632 1688 οὐδὲν
1663 1637 1883 1690 άπωνά-

2142 1015 2396 1084 Ejusdem
2423 1033 2488 1071 ex
2513 1020 2748 1072 oratione
2775 1020 2838 1072 tle
2870 1020 3197 1073 humanitate
3219 1039 3248 1072 ll
3282 1018 3448 1071 Verbo

2636 1106 2930 1155 assumpta,

2071 1186 2191 1240 llicc
2245 1186 2440 1239 stultas
2496 1183 2813 1251 Apollinarii
2883 1197 3052 1252 nugas
3111 1191 3433 1252 coarguunt,
3497 1181 3587 1248 qui

1997 1280 2198 1333 tuentis
2257 1280 2374 1333 loco
2408 1277 2570 1330 Deum
2607 1275 2840 1328 Verbum
2877 1275 2929 1327 in
2961 1289 3126 1329 carne
3146 1286 3423 1341 aSSuntpta
3457 1276 3589 1326 dicit

2018 1373 2327 1424 inhabitare.
2363 1369 2473 1424 Nisi
2531 1370 2676 1421 enim
2748 1375 2984 1420 mentem
3026 1369 3321 1420 humanam
3366 1368 3585 1420 habuis-

1989 1475 2070 1519 set
2095 1472 2370 1532 assumpta
2400 1473 2614 1526 natura,
2647 1460 2789 1515 Deus
2806 1461 2995 1516 fuisset
3025 1462 3093 1525 is,
3123 1463 3348 1528 quicum
3369 1459 3589 1514 diabolo

1991 1563 2350 1620 decertasset,
2419 1555 2559 1609 Deus
2589 1555 2871 1608 victoriam
2923 1563 3276 1621 reportasset.
3343 1552 3418 1605 Ex
3482 1569 3586 1621 qna

1990 1647 2208 1715 quidem
2243 1645 2467 1699 victoria
2523 1643 2618 1698 Dei
2685 1645 2817 1697 nihil
2847 1659 2949 1712 ego
3003 1643 3354 1698 emolumenti
3412 1645 3589 1711 perci-

300 1737 414 1788 μην
452 1720 553 1789 τῆς
608 1720 786 1789 νίκης,
829 1723 904 1784 ὡς
953 1723 1110 1774 οὐδὲν
1162 1725 1240 1787 είς
1274 1725 1484 1796 ταύτην
1537 1729 1885 1796 εἰσενεγκὼν,

1992 1755 2199 1808 perent,
2241 1740 2440 1806 quippe
2470 1738 2559 1805 qui
2588 1737 2722 1790 nihil
2754 1738 2818 1790 ad
2854 1753 2973 1792 eam
3033 1736 3404 1790 contulissem.
3445 1736 3586 1800 Quin

296 1811 437 1864 ἀλλὰ
456 1814 567 1881 γάρ
599 1814 696 1881 τῆς
725 1814 980 1865 ὲντεῦυεν
1003 1817 1350 1885 εὐφροσύνη;
1384 1817 1756 1888 γεγύμνωμαι
1793 1821 1885 1872 ἐπὶ

297 1905 582 1972 τροπαίοις
610 1907 857 1973 γαυριῶν
885 1907 1214 1976 ἀλλοτρίοις,
1245 1910 1404 1979 αὐχεῖ
1443 1910 1500 1962 δὲ
1547 1913 1574 1962 ὀ
1613 1911 1884 1974 διάϐολος,

294 2002 388 2048 καὶ
429 1999 735 2065 κομπάζει,
789 1999 884 2051 καὶ
926 2001 1070 2066 μέγα
1112 2004 1322 2070 φρονεῖ,
1369 2003 1467 2054 καὶ
1528 2004 1882 2073 σεμνύνεται,

291 2083 366 2147 ὼς
394 2086 513 2155 Θεῴ
547 2089 839 2152 παλαίσας,
870 2091 964 2142 καὶ
994 2092 1099 2143 ὑπὸ
1121 2092 1256 2144 Θεοῦ
1287 2093 1564 2164 ἡττηθείς.
1589 2097 1749 2164 Μέγα
1775 2097 1883 2167 γὰρ

292 2179 444 2251 αὐτῷ
471 2181 568 2232 καὶ
598 2182 658 2233 τὸ
691 2183 996 2250 ἡττηθῆναι
1032 2183 1139 2236 ὑπὸ
1165 2184 1258 2236 τοῦ
1289 2185 1449 2244 Θεοῦ,

737 2275 832 2326 Ἐκ
877 2272 983 2326 τοῦ
1023 2275 1212 2328 αὐτοῦ
1245 2279 1456 2344 λόγου.

380 2362 705 2432 Ἀπολογίαν
725 2365 940 2434 ἔχουσιν
965 2367 1012 2418 οἱ
1035 2369 1471 2436 ἁμαρτάνοντες,
1495 2372 1544 2422 εί
1573 2371 1644 2422 ὼ.
1679 2374 1880 2442 ἀσθενῆ

288 2458 381 2509 τὸν
408 2456 539 2509 νοῦν
575 2459 676 2510 οὐκ
713 2458 976 2510 ἀνέλαϐεν
1007 2463 1034 2510 6
1067 2459 1200 2521 Θεὸς
1226 2462 1417 2528 Λόγος.
1450 2463 1510 2514 Ei
1546 2465 1653 2533 γάρ
1682 2467 1781 2518 οὐκ
1813 2463 1882 2535 ἦν

292 2551 349 2600 ὲν
376 2547 456 2618 τῷ
478 2549 881 2618 προσλήμματι
917 2550 1040 2613 νοῦς
1064 2551 1430 2621 ἀνθρώπινος,
1466 2555 1494 2606 6
1517 2556 1651 2618 Θεὸς
1679 2558 1734 2609 δὲ
1760 2560 1879 2610 ἀντὶ

290 2636 384 2691 νοῦ
414 2640 679 2708 ὑπάρχων
714 2641 781 2692 τά
809 2640 886 2710 τῷ
931 2641 1008 2711 νῷ
1056 2644 1284 2712 ἐνήργει
1339 2649 1709 2716 προσήκοντα,
1747 2651 1881 2713 Θεὸς

293 2742 394 2801 μεν
425 2727 495 2800 ἦν
527 2734 556 2784 6
589 2731 668 2801 τῷ
700 2731 918 2800 σώματι
948 2735 1363 2805 συμπεινήσας,
1399 2737 1528 2799 Θεὸς
1563 2738 1618 2790 δὲ
1649 2742 1676 2792 6
1722 2741 1884 2812 διψή·

294 2841 417 2889 σας,
447 2823 543 2877 καὶ
578 2825 870 2890 κοπιάσας,
908 2827 1002 2877 καὶ
1051 2825 1420 2897 καθευδήσας,
1469 2833 1562 2882 καὶ
1593 2832 1878 2900 λυπηθεὶς,

291 2917 389 2969 καὶ
416 2915 718 2978 δειλιάσας,
753 2917 848 2969 καὶ
880 2919 1057 2971 πάντα
1089 2919 1260 2971 τᾶλλα
1295 2923 1363 2974 τά
1395 2922 1714 2992 ἀνθρώπινα
1745 2926 1880 2978 ὑπο·

296 3007 489 3078 μείνας
526 3007 853 3078 παθήματα.
901 3010 964 3061 Εἰ
988 3010 1118 3071 Θεὸς
1148 3010 1205 3062 δὲ
1238 3012 1266 3062 6
1291 3012 1587 3080 παλαίσας,
1611 3025 1702 3069 καὶ
1725 3019 1881 3088 νική-

1988 1831 2152 1882 etiam
2195 1829 2326 1880 nihil
2363 1827 2713 1882 indela'titia‘
2775 1828 3143 1895 degustat-em,
3213 1842 3335 1879 cum
3397 1825 3590 1878 alienis

1991 1922 2210 1990 tropaeis
2259 1921 2573 1989 gauderem.
2607 1916 2724 1970 Jam
2759 1932 2882 1972 vero
2911 1927 2961 1970 et
2985 1917 3232 1971 diaholus
3265 1915 3586 1978 emittam,

1988 2021 2042 2064 rt
2074 2011 2423 2079 gloriaretur,
2458 2010 2672 2077 sibique
2712 2009 2825 2078 ipse
2859 2009 3130 2073 plateret,
3169 2018 3222 2060 et
3283 2007 3584 2076 planderet,

1987 2103 2076 2170 qui
2109 2118 2228 2155 cum
2273 2102 2380 2154 Deo
2409 2101 2641 2155 luctatus
2671 2107 2835 2164 esset,
2869 2112 2921 2150 rt
2952 2117 2978 2150 ει
3009 2099 3118 2150 Deo
3160 2099 3334 2152 victus
3374 2098 3583 2151 fuisset.

1987 2193 2316 2247 Praeclarum
2378 2193 2522 2246 enim
2558 2193 2696 2246 foret
2731 2192 2800 2244 illi
2834 2207 2863 2244 a
2898 2191 3004 2244 Deo
3057 2191 3138 2244 vel
3166 2190 3437 2258 superari.

2483 2279 2570 2334 Ex
2603 2283 2786 2334 eadem
2832 2281 3090 2333 orttriune.

2056 2377 2476 2430 Excusationetn
2513 2375 2780 2428 baberent
2809 2385 3149 2441 peccatores,
3191 2372 3236 2425 si
3273 2369 3415 2422 Deus
3450 2367 3583 2420 Ver-

1989 2469 2114 2520 bum
2150 2475 2385 2519 :ncntem
2420 2476 2606 2533 utpote
2675 2464 3001 2517 imbecillam
3065 2479 3182 2530 non_
3234 2461 3583 2526 suscepisset.

1989 2562 2045 2616 Si
2079 2564 2221 2616 enim
2249 2571 2542 2628 assumpta:
2576 2561 2730 2615 carni
2764 2575 2918 2611 mens
2949 2563 3184 2610 hutuana
3230 2571 3339 2607 non
3387 2557 3587 2614 inerat,

1989 2658 2084 2708 sed
2116 2655 2259 2708 Deus
2292 2670 2355 2709 ea
2385 2670 2506 2722 qua:
2541 2655 2737 2707 mentis
2789 2662 2938 2714 sunt,
2981 2652 3400 2718 exsequebatur,
3445 2646 3587 2701 Deus

1987 2745 2042 2799 in
2062 2761 2288 2811 corpore
2316 2743 2770 2810 esm-iebat,Deus
2801 2743 3038 2802 sitiebat.
3061 2741 3201 2795 Dens
3250 2739 3586 2807 tit-fatigaba-

1989 2845 2096 2900 tur,
2121 2835 2263 2888 Deus
2289 2835 2612 2899 dormiebat,
2634 2834 2778 2888 Dens
2795 2833 3133 2894 tristahatur,
3170 2834 3310 2886 Deus
3335 2833 3587 2899 parebat,

1985 2927 2130 2981 Deus
2155 2928 2387 2994 denique
2435 2925 2672 2994 reliquas
2701 2940 2891 2978 otnnes
2921 2923 3236 2977 alicctoncs
3263 2922 3588 2975 sustinebat.

1986 3015 2140 3078 Quod
2169 3015 2211 3068 si
2246 3013 2386 3066 Deus
2414 3014 2528 3082 ipse
2554 3012 2783 3066 certavit
2835 3021 2889 3065 et
2918 3013 3068 3075 vicit,
3093 3025 3192 3079 ego
3222 3009 3448 3062 victoria
3483 3009 3592 3076 pri-

295 3118 419 3164 σας,
444 3099 556 3168 ἐγὼ
586 3103 686 3170 μὲν
716 3101 810 3170 τῆς
841 3100 997 3171 νίκης
1031 3102 1359 3173 ἐστέρημαι,
1381 3105 1513 3169 Θεὸς
1533 3107 1586 3160 δὲ
1614 3109 1641 3160 6
1670 3108 1770 3178 τὴν
1799 3112 1883 3164 δι-

1992 3115 2144 3159 vatus
2170 3122 2313 3168 sunt,
2348 3105 2490 3159 Deus
2518 3104 2976 3173 autemjustitiam
2997 3119 3211 3157 munem
3233 3102 3456 3170 peregit.
3486 3099 3588 3165 Qui

295 3193 598 3262 καιοσόνην
624 3193 843 3247 ἅπασαν
868 3195 1248 3264 κατορθώσας.
1270 3198 1337 3250 Οἱ
1368 3199 1528 3252 τοῦτο
1545 3201 1603 3254 δὲ
1629 3201 1885 3269 λέγοντες

297 3285 521 3355 πρῶτον
549 3287 652 3355 μὲν
688 3287 912 3339 ἀτονίαν
944 3287 1020 3357 τῷ
1047 3288 1170 3357 Θεῷ
1195 3290 1355 3359 Λόγῳ
1381 3295 1794 3362 προσάπτουσιν
1819 3297 1882 3349 οὐ

289 3379 395 3446 τὴν
422 3379 718 3446 τυχοῦσαν,
753 3380 936 3449 εἴπερ,
973 3380 1049 3443 ὥς
1073 3397 1264 3448 φασιν,
1307 3384 1402 3453 οὐχ
1433 3379 1541 3447 οἷός
1577 3403 1635 3438 τε
1661 3381 1756 3455 ἦν,
1790 3386 1887 3440 τοῦ

297 3468 394 3522 νοῦ
425 3469 522 3521 τοῦ
580 3470 935 3538 ἀνθρωπείου
993 3475 1265 3536 συνόντος,
1333 3474 1625 3529 δικαιῶσαι
1661 3479 1756 3532 τὸν
1787 3481 1887 3535 ἀν-

305 3563 526 3633 θρωπον
557 3578 573 3590 ’
609 3565 802 3615 ἔπειτα
846 3563 903 3616 δὲ
938 3567 1032 3617 καὶ
1060 3567 1192 3618 πᾶσι
1218 3569 1330 3630 τοῖς
1360 3567 1762 3637 ἁμαρτάνουσι,
1791 3575 1887 3625 καὶ

303 3657 426 3718 τοὺς
461 3655 656 3719 θείους·
705 3656 1112 3722 παραϐαίνουσι
1155 3658 1354 3726 νόμους
1406 3659 1710 3728 ἀπολογίας
1745 3663 1887 3716 ὑπα-

298 3748 544 3817 νοίγουσι
576 3748 772 3818 θύραν.
824 3749 1036 3802 Εῑπωσι
1073 3751 1182 3820 γὰρ
1223 3751 1290 3802 ἂν
1349 3751 1578 3813 είκότως
1609 3754 1748 3824 πρὸς
1793 3757 1885 3808 τὸν

292 3842 406 3895 τῶν
434 3842 575 3895 ὅλων
603 3841 756 3905 Θεὸν,
803 3843 920 3894 Οὐκ
953 3843 1350 3910 ἀσύγγνωστα,
1387 3837 1432 3897 ὧ
1478 3847 1755 3913 Δέσποτα,
1788 3866 1888 3902 πε-

295 3933 800 4005 πλημμελήκαμεν,
831 3935 952 3988 οὐδὲ
985 3939 1260 4004 τιμωρίας
1288 3937 1436 4000 ἄξια,
1472 3939 1600 3991 νοῦν
1638 3942 1890 4010 ἡγεμόνα

293 4025 558 4089 λαϐόντες
593 4025 821 4094 ἀσθενῆ,
851 4028 950 4078 καὶ
981 4028 1278 4094 φυλάττειν
1315 4031 1444 4093 τοὺς
1476 4030 1604 4094 σοὺς
1638 4033 1699 4084 οὐ
1729 4033 1891 4086 δυνάη

299 4137 465 4189 μενον
487 4119 705 4191 νόμους.
741 4121 850 4172 Καὶ
875 4123 940 4173 σὺ
964 4121 1021 4172 δὲ
1052 4122 1238 4184 αὐτὸς,
1259 4118 1305 4175 ὦ
1328 4123 1600 4191 Δέσποτα,
1631 4127 1692 4178 ἐν
1718 4130 1886 4199 σαρκὶ

297 4212 699 4280 παραγεγονὼς
730 4214 913 4283 σάρκα
967 4213 1067 4282 μὲν
1125 4215 1226 4281 τὴν
1262 4217 1545 4286 ἡμετέραν
1601 4218 1884 4284 άνέλαὸες,

290 4311 390 4362 ’τὸν
423 4308 479 4361 δὲ
516 4306 642 4361 νὀῦν
668 4307 744 4370 ὡς
784 4307 885 4376 τῆς
933 4308 1140 4377 ἀρετῆς
1175 4307 1274 4377 τὴν
1329 4309 1526 4378 κτῆσιν
1576 4313 1882 4374 κωλύοντα,

1991 3201 2106 3254 hsce
2139 3201 2456 3267 loquuntur,
2489 3198 2723 3266 primum
2755 3211 2864 3249 non
2923 3197 3182 3262 exiguam
3250 3195 3360 3248 Deo
3406 3191 3588 3247 Verbo

1997 3290 2246 3344 tribuunt
2283 3289 2687 3352 inﬁrmitatem,
2734 3288 3028 3355 siquidem,
3081 3297 3140 3339 ιιι
3185 3286 3283 3354 ipsi
3315 3297 3586 3348 asserunt,

1991 3399 2097 3438 non
2121 3391 2332 3451 poterat
2355 3386 2588 3435 humana
2615 3390 2794 3433 mente
2815 3392 3061 3446 soscepta
3088 3378 3360 3430 homincm
3378 3376 3586 3443 justum

1991 3472 2224 3526 edicere.
2284 3471 2490 3524 Deinde
2543 3468 2797 3524 omnibus
2853 3466 3208 3536 peccantibus
3265 3466 3585 3533 divitiasque

1991 3563 2137 3630 leges
2174 3561 2506 3615 violantibus
2579 3560 2953 3614 excusationis
2989 3559 3193 3610 aditum
3231 3555 3584 3625 patefaciunt.

1995 3655 2088 3710 Sic
2110 3655 2252 3709 enim
2275 3669 2378 3708 nec
2408 3655 2680 3710 immerito
2721 3651 2891 3706 Deum
2920 3651 3161 3706 omnium
3195 3650 3538 3717 alloquuntur
3568 3663 3585 3701 :

1993 3749 2244 3811 Domine,
2277 3763 2374 3802 nos
2401 3764 2507 3800 non
2560 3745 2882 3801 admisimus
2919 3760 2982 3798 ea
3040 3745 3240 3812 quibus
3283 3742 3440 3794 venia
3477 3755 3584 3794 NOII

1995 3843 2283 3904 debeatur,
2317 3853 2409 3893 aut
2439 3855 2558 3908 qua:
2598 3837 2862 3907 supplicio
2885 3836 3044 3904 digna
3092 3835 3222 3899 sint,
3273 3848 3395 3886 cum
3432 3847 3584 3886 men-

1995 3949 2128 4002 tem,
2158 3937 2313 4005 cujus
2333 3937 2493 3989 ductu
2513 3933 2774 4004 regimur,
2810 3929 3134 3984 imbecillam
3169 3926 3544 3996 acceperimus
3565 3963 3583 3991 ,

1996 4045 2118 4098 qua:
2149 4031 2293 4100 leges
2325 4039 2446 4083 tuas
2477 4029 2768 4082 observare
2793 4039 2897 4078 non
2935 4029 3134 4091 potest.
3165 4020 3236 4073 At
3268 4031 3319 4072 ιιι
3363 4021 3581 4086 quidem

1996 4125 2136 4194 ipse,
2171 4121 2422 4184 Domine,
2460 4120 2517 4174 in
2567 4132 2738 4174 carne
2764 4117 3082 4178 adveniens,
3117 4128 3334 4166 carnem
3366 4111 3582 4180 quidem

1986 4211 2238 4270 'nostram
2271 4213 2579 4283 suscepisti,
2609 4219 2844 4265 mentem
2899 4223 3046 4272 vero,
3089 4223 3210 4276 quae
3236 4207 3585 4274 assequendm

1996 4307 2187 4359 virtuti
2225 4304 2385 4359 aﬂ'ert
2441 4302 2914 4371 impedimentum,
2974 4309 3028 4352 et
3084 4297 3288 4366 peccati
3353 4298 3472 4348 dolo
3502 4296 3585 4349 l‘a-

291 4404 390 4456 καὶ
427 4402 528 4470 τῆς
562 4401 842 4472 ἁμαρτίας
874 4400 970 4470 τὴν
996 4401 1215 4469 ἀπάτην
1250 4401 1454 4472 ῥᾳδίως
1479 4389 1885 4476 ὑποδεχόμενον

1995 4401 2099 4453 cile
2123 4397 2450 4460 succumbit,
2509 4395 2768 4464 rejecisti,
2821 4403 2875 4446 et
2900 4391 3150 4459 accipere
3185 4389 3471 4453 recusasti,
3532 4398 3586 4441 ct

290 4495 633 4569 ἀπέρριψας,
687 4493 786 4547 καὶ
824 4493 1014 4546 λαϐεῖν
1067 4494 1171 4547 οὐκ
1229 4495 1490 4564 ἠνέσχου,
1544 4495 1775 4563 γέγονας
1827 4497 1886 4549 δὲ

291 4595 419 4647 ἀντὶ
448 4591 544 4646 νοῦ
568 4593 633 4660 τῇ
658 4589 846 4658 σαρκὶ,
879 4591 974 4641 καὶ
1007 4587 1187 4658 τούτῳ
1217 4588 1294 4658 τῷ
1325 4591 1517 4660 τρόπῳ
1549 4591 1649 4660 τὴν
1677 4591 1889 4644 δικαιο-

295 4688 465 4757 σύνην
495 4685 894 4755 κατώρθωσας,
949 4685 1124 4754 τούτῳ
1149 4683 1225 4754 τῷ
1251 4684 1438 4754 τρόπῳ
1471 4684 1574 4754 τὴν
1607 4685 1888 4756 ἁμαρτίαν

290 4783 613 4850 νενίκηκας.
665 4778 798 4842 Θεὸς
848 4779 958 4847 γαρ
1025 4778 1318 4847 ὑπάρχεις,
1389 4777 1554 4848 βουλῇ
1602 4779 1662 4830 τὸ
1697 4777 1888 4832 δοκοῦν

290 4876 488 4941 ποιῶν,
515 4872 749 4942 νεύματι
771 4870 1207 4933 κατασκευάζων
1229 4870 1298 4922 τά
1322 4873 1652 4940 πράγματα.
1695 4872 1884 4941 Ἡμεῖς

289 4969 348 5022 δὲ
382 4967 474 5020 τὸν
507 4963 854 5034 ἀνθρώπινον
893 4963 1021 5014 νοῦν
1076 4963 1320 5032 ἔχοντες,
1349 4963 1408 5013 ὃν
1463 4963 1758 5017 ἀναλαϐεῖν
1787 4963 1887 5017 οὐκ

294 5062 599 5131 ὴθέλησας,
621 5056 940 5126 ἀναγκαίοις
969 5054 1078 5105 ὑπὸ
1095 5054 1192 5122 τὴν
1217 5054 1494 5121 ἁμαρτίαν
1514 5054 1884 5124 τυγχάνομεν,

293 5159 414 5218 τοῖς
466 5154 582 5214 σοῖς
628 5145 834 5219 ἴχνεσιν
889 5147 1260 5215 ἀκολουθῆσαι
1293 5147 1393 5198 οὐκ
1429 5147 1778 5215 ἰσχύσαντες.
1820 5148 1886 5200 Τί

292 5251 404 5321 γὰρ
433 5247 556 5310 νοῦς
587 5243 928 5317 ἀνθρώπινος
947 5243 1083 5312 πρὸς
1102 5240 1238 5292 Θεοῦ
1267 5239 1525 5306 δύναμιν,
1551 5241 1646 5292 καὶ
1667 5242 1886 5307 σοφίαν,

289 5345 389 5397 καὶ
423 5341 561 5411 φῶς,
604 5339 699 5392 καὶ
727 5335 1105 5404 δικαιοσύνην,
1140 5337 1230 5386 καὶ
1266 5333 1435 5404 ζωὴν,
1469 5339 1564 5386 καὶ
1585 5335 1683 5395 τὰς
1719 5334 1886 5397 ἄλλας

286 5438 389 5507 τῆς
422 5436 523 5500 σῆς
554 5433 745 5494 οὐσίας
787 5429 1097 5498 ἐνεργείας,
1129 5427 1184 5480 αἲ
1225 5426 1492 5492 καθάπερ,
1524 5428 1744 5489 ἀκτῖνες
1795 5431 1887 5481 καὶ

290 5528 647 5600 λαμπηδόνι-ς
679 5528 742 5579 ἐκ
777 5524 878 5590 τῆς
910 5511 1009 5590 σῆς
1063 5524 1351 5592 ἀνίσχουσι
1399 5525 1650 5590 (ptimum
1697 5523 1886 5576 Ταῦτα

294 5627 365 5678 ἂν
392 5627 604 5676 εἴποιεν
631 5619 858 5680 εἰκότως
889 5618 940 5668 οἱ
982 5618 1048 5685 τῇ
1086 5617 1334 5686 ἁμαρτίᾳ
1359 5615 1640 5668 δουλεύειν
1695 5620 1880 5686 αἱρου-

293 5734 475 5786 μενοι,
508 5715 669 5782 εἴπερ
695 5710 916 5781 ἀληθῶς
940 5712 969 5763 6
999 5694 1138 5778 Θεὸξ
1157 5710 1330 5778 Λόγος
1359 5713 1522 5762 ἄνουν
1568 5710 1763 5764 ἔλαϐεν
1789 5711 1882 5765 ἂν·

1996 4505 2050 4546 ιιι
2083 4496 2136 4545 in
2171 4505 2338 4545 carne
2364 4487 2565 4552 mentis
2595 4500 2822 4541 munere
2849 4483 3073 4536 iunctus
3100 4497 3182 4546 es,
3218 4493 3274 4534 et
3294 4483 3394 4533 hoc
3425 4479 3585 4531 modo

1984 4583 2253 4653 justitiam
2295 4577 2604 4648 implevisti,
2645 4577 2746 4629 hoc
2781 4571 2942 4627 modo
2978 4582 3255 4639 peccatum
3285 4567 3580 4637 superasti,

1993 4677 2134 4730 Deus
2161 4674 2306 4727 enim
2334 4687 2416 4735 es,
2452 4681 2508 4724 et
2531 4670 2829 4730 voluntate,
2878 4664 3022 4734 quod
3079 4663 3182 4726 vis,
3242 4661 3580 4728 exsequeris,

1990 4779 2044 4824 et
2078 4778 2209 4822 nutu
2240 4780 2326 4820 res
2348 4762 2593 4818 conﬁcis.
2626 4758 2736 4813 Nos
2765 4769 2968 4820 autem,
3003 4756 3091 4824 qui
3145 4763 3379 4806 mentem
3419 4749 3584 4804 habe-

1993 4877 2137 4924 ntus,
2166 4873 2327 4926 quam
2354 4867 2409 4910 tu
2443 4854 2693 4922 accipere
2718 4847 2970 4911 noluisti,
2999 4845 3314 4900 necessario
3342 4844 3584 4912 peccatis

1991 4955 2257 5015 cedimus,
2289 4966 2413 5006 cum
2451 4947 2683 5016 vestigia
2716 4955 2807 4998 tua
2833 4942 2986 5012 sequi
3021 4952 3382 5010 nequeamus.
3440 4935 3581 5002 Quid

1989 5051 2134 5106 enim
2162 5049 2398 5102 humana
2429 5053 2513 5098 est
2543 5054 2719 5106 utens,
2751 5038 2796 5092 si
2824 5052 2945 5091 cum
2989 5034 3080 5089 Dei
3113 5036 3340 5095 virtute,
3371 5040 3426 5085 et
3458 5044 3579 5084 cum

1992 5143 2084 5198 Dei
2118 5137 2406 5211 sapientia,
2447 5146 2501 5191 et
2550 5135 2692 5198 luce,
2719 5129 3030 5202 etjostitia,
3103 5136 3158 5182 et
3193 5127 3323 5189 vita,
3353 5133 3400 5175 et
3458 5121 3582 5174 aliis

1988 5236 2242 5294 essentia:
2297 5243 2402 5286 tua:
2435 5229 2670 5292 dotibus,
2703 5241 2824 5296 quae
2876 5235 3129 5291 tanquam
3159 5219 3291 5273 radii
3325 5229 3379 5270 et
3434 5214 3582 5267 faces

1993 5346 2062 5385 ex
2103 5337 2296 5383 natura
2333 5335 2420 5379 ttta
2455 5321 2681 5390 fulgent,
2712 5317 3026 5374 conferatur
3051 5313 3074 5366 ?
3102 5312 3226 5365 lltcc
3269 5308 3463 5360 merito
3494 5306 3580 5356 di-

1989 5435 2113 5475 cere
2167 5423 2419 5486 p0terunt
2447 5411 2536 5480 qui
2565 5417 2787 5477 peccato
2821 5405 2922 5459 sibi
2981 5400 3320 5458 serviendum
3363 5394 3580 5463 judica-

1991 5525 2141 5578 runt,
2177 5512 2222 5566 si
2263 5524 2389 5562 vere
2425 5505 2568 5558 Deus
2614 5501 2850 5556 Verbum
2889 5497 3163 5553 hominem
3219 5491 3413 5543 tuentis
3470 5501 3578 5539 ex-

1990 5591 2198 5682 pertem
2221 5602 2536 5674 assumpsit,
2561 5614 2613 5658 et
2638 5599 2738 5652 hoc
2757 5599 2916 5652 modo
2945 5593 3145 5649 vitandi
3171 5587 3376 5662 peccati
3411 5587 3582 5638 ratio-

1989 5721 2114 5761 nem
2159 5699 2388 5756 invenit.

292 5815 540 5884 θρωπον,
567 5807 742 5878 τούτῳ
767 5806 845 5878 τῷ
875 5805 1064 5878 τρόπῳ
1104 5804 1167 5859 τὸ
1196 5807 1592 5879 ἀναμάρτητον
1632 5820 2120 5879 μηχανησαμενος.
