4082 6412
446 374 547 437 927

942 493 1026 548 Ea:
1063 494 1239 548 eadem
1271 499 1526 550 oratione.

515 632 622 686 Sed
667 632 779 701 jam
829 629 1057 683 istorum
1098 640 1267 695 nugas
1298 625 1350 677 in
1383 625 1637 693 praesenti
1682 625 2021 679 omittamus.

440 721 550 777 Nos
592 734 721 775 vero
751 719 816 773 ad
853 720 1183 789 propositum
1233 726 1614 787 argumentum
1662 725 2023 777 revertamur,

438 826 600 883 atque
639 815 1070 865 demonstremus
1108 807 1476 863 necessariam
1512 805 1683 860 fuisse
1712 804 2025 858 Servaturis

435 905 607 960 nostri
650 901 1101 956 incarnationem.
1143 901 1279 967 Quia
1313 900 1456 953 enim
1490 907 1632 952 totus
1663 897 1823 951 homo
1865 895 2027 950 decc—-

437 1008 563 1064 plus
603 996 801 1059 fuerat,
835 1003 1089 1059 totusque
1120 994 1219 1047 sub
1272 1000 1554 1062 peceatum
1613 990 1911 1052 deciderat.
1971 991 2043 1041 et'

437 1100 565 1142 ante
604 1088 778 1155 ipsum
806 1101 1006 1151 corpus
1047 1099 1199 1138 mens
1228 1098 1469 1139 errorem
1501 1081 1835 1148 admiserat;
1873 1096 2028 1134 nam-

438 1194 544 1249 que
564 1188 721 1233 antea
745 1178 942 1231 mentis
965 1190 1264 1230 consensus
1287 1183 1567 1243 peccatum
1600 1173 1855 1236 deliucat,
1872 1171 2026 1225 dein-

440 1274 507 1326 de
555 1272 606 1326 id
651 1285 849 1339 corpus
898 1285 994 1338 per
1034 1283 1188 1322 suam
1246 1267 1513 1322 actionem
1562 1265 1775 1337 ﬁgurat,
1833 1265 2028 1320 merito

440 1365 690 1420 Christus
726 1363 983 1417 Dominus
1026 1362 1230 1431 lapsam
1278 1371 1523 1415 naturam
1565 1363 1778 1430 erigere
1818 1361 2026 1421 volens,

442 1457 662 1526 utrique
693 1455 853 1509 simul
888 1469 1110 1507 mantnn
1160 1454 1411 1523 porrigit,
1443 1463 1499 1507 et
1536 1454 1804 1522 iacentem
1848 1450 2025 1519 erigit,

444 1562 695 1613 carnem,
718 1548 956 1615 inquam,
985 1560 1049 1599 ac
1077 1558 1334 1608 mentem,
1364 1559 1486 1614 qua:
1512 1545 1577 1598 ad
1599 1542 1875 1598 Creatoris
1895 1545 2030 1596 ima-

445 1642 626 1711 ginem
660 1639 801 1693 facta
839 1638 958 1692 fuit.
990 1637 1085 1691 Est
1114 1638 1258 1691 enim
1297 1652 1451 1692 mens
1491 1637 1798 1701 invisibilis,
1845 1638 2028 1691 incon-

446 1732 798 1803 templabilis,
834 1732 1092 1802 impervia
1139 1740 1193 1785 et
1237 1729 1821 1800 incomprehensibilis,
1854 1745 2031 1800 neque

445 1844 507 1882 se
552 1827 721 1896 ipsam
768 1839 1121 1895 cognoscens,
1163 1835 1218 1879 et
1266 1826 1487 1892 insuper
1514 1822 1981 1890 incircumscripta
2014 1840 2026 1875 :
2059 1845 2095 1897 Β

445 1929 501 1974 et
547 1921 589 1972 si
637 1918 1023 1988 cogitationum
1062 1916 1406 1985 phantasiam
1452 1922 1781 1983 spectamus,
1831 1912 2026 1965 ducatu

445 2020 500 2064 et
533 2017 799 2080 potestate
858 2008 1105 2078 praedita,
1162 2005 1368 2059 artibus
1414 2013 1471 2058 et
1522 2003 1767 2057 scientiis
1814 2014 2026 2066 ornata,

449 2117 615 2171 parva
639 2102 879 2170 quaedam
902 2114 1115 2154 acnova
1138 2097 1395 2161 creatriv,
1412 2097 1515 2159 vel,
1541 2105 1599 2149 nt
1618 2098 1799 2151 verius
1824 2094 2025 2161 dicam,

447 2194 725 2248 Creatoris
767 2193 1047 2256 imitatrix,
1100 2192 1283 2259 regina
1330 2200 1592 2244 creatura:
1641 2190 1888 2256 visibilis,
1945 2190 2029 2243 vel

449 2285 593 2354 regis
640 2285 839 2356 imago,
891 2284 1091 2338 tributa
1140 2283 1206 2336 de
1258 2291 1399 2336 terra
1446 2281 1726 2349 colligens,
1769 2296 1831 2335 ex
1869 2281 2028 2345 mari,

447 2383 610 2443 atque
642 2390 790 2439 aere,
840 2389 905 2429 ex
937 2375 1049 2429 sole
1098 2389 1160 2428 ac
1204 2374 1328 2427 luna
1360 2384 1413 2429 et
1465 2374 1656 2438 stellis,
1689 2390 1753 2428 ex
1784 2374 1925 2429 cmlo
1973 2384 2028 2427 et

444 2465 701 2531 nubibus,
735 2481 799 2521 ex
843 2466 1055 2529 ovibus,
1100 2465 1292 2531 bobus,
1325 2465 1555 2535 aliisque
1867 2480 2028 2534 pecn-

445 2556 635 2623 dibus;
667 2559 776 2612 imo
803 2572 927 2612 vero
953 2557 1191 2612 omnium
1218 2556 1424 2611 fructus
1445 2572 1676 2626 carpens
1701 2574 1714 2610 :
1744 2557 1861 2625 ejus
1884 2557 2026 2611 enim

445 2650 620 2717 gratia
659 2649 891 2704 visibilia
924 2658 1120 2705 cuncta
1152 2657 1281 2704 sunt
1307 2647 1487 2702 facta:
1515 2663 1639 2701 nam
1672 2647 1812 2702 Deus
1837 2647 2026 2702 horum

446 2755 553 2792 non
583 2749 665 2793 est
702 2739 933 2807 indigus.

517 2932 633 2988 Non
658 2948 788 3005 ergo
808 2935 1255 3004 eontempsittam
1272 2937 1563 3006 pretiosam
1588 2947 1795 3007 partem
1820 2939 2027 2995 medela

444 3035 740 3095 egentem;
771 3028 1066 3091 morboque
1095 3037 1149 3080 et
1180 3038 1396 3082 senecta
1426 3039 1734 3098 corruptam
1761 3031 2030 3100 mortique

447 3114 808 3184 mancipatam
857 3117 1250 3172 humanitatem
1304 3133 1411 3173 non
1467 3118 1537 3172 ita
1600 3122 1917 3189 assumpsit,
1972 3132 2029 3177 ut

445 3213 655 3272 partem
693 3205 865 3276 ipsius
904 3208 1219 3263 rationalem
1262 3217 1317 3262 et
1361 3208 1723 3265 immortalem
1759 3222 1918 3280 atque
1960 3214 2025 3267 ad
2058 3256 2098 3280 μ

444 3297 735 3366 imaginem
771 3316 925 3358 suam
961 3303 1156 3358 factam
1183 3304 1525 3373 despexerit;
1562 3303 1862 3373 praesertim
1902 3305 2028 3373 quia

448 3390 611 3455 male,
636 3397 695 3444 ut
714 3391 885 3454 aiunt,
915 3405 972 3444 se
999 3389 1237 3444 habebat
1262 3406 1276 3442 τ
1306 3389 1402 3443 sed
1428 3388 1737 3443 universam
1769 3395 2019 3442 naturam

448 3484 788 3553 antiquatam
823 3481 1128 3536 renovavit.
1178 3480 1337 3535 Anne
1362 3479 1509 3533 enim
1536 3487 1745 3549 partem
1780 3478 1899 3548 ejus
1928 3494 2023 3532 no-

447 3592 569 3630 vam
629 3575 869 3638 fecisset,
929 3574 1075 3628 illam
1111 3587 1260 3638 vero,
1310 3586 1449 3640 quae.
1477 3572 1773 3625 inveterata
1814 3579 1934 3625 erat
1968 3581 2021 3625 et

444 3676 726 3736 corrupta,
762 3665 881 3720 sine
918 3663 1161 3719 remedio
1207 3677 1329 3717 esse
1361 3662 1614 3716 sivisset?
1635 3677 1757 3716 cum
1794 3676 2016 3727 praeser-

448 3759 541 3813 tim
570 3773 697 3828 pars
729 3757 843 3810 haec
890 3753 1290 3825 pretiosissima
1320 3761 1488 3818 esset,
1518 3764 1573 3808 et
1606 3753 2019 3807 immortalitate

445 3850 674 3920 pollens,
704 3859 760 3904 et
790 3848 1015 3902 rationis
1048 3862 1150 3901 usu
1182 3855 1465 3911 exornata,
1500 3853 1555 3900 et
1578 3845 1643 3899 ad
1675 3845 2020 3900 intellectua-

441 3942 574 3997 lium
629 3941 878 3996 ordinem
926 3939 1229 4009 pertinens.
1299 3937 1767 3992 Absurdissimum
1819 3937 2020 4008 quippe

442 4034 653 4096 fuisset,
678 4045 876 4101 corpus
903 4030 1107 4083 luteum
1142 4036 1197 4082 et
1226 4028 1563 4097 pulvereum,
1587 4036 1642 4082 et
1673 4028 2020 4097 passionibus

443 4125 764 4194 implicitum
822 4123 924 4176 sibi
980 4135 1263 4175 assumere
1303 4128 1464 4188 atque
1517 4119 1835 4190 adjungere,
1875 4128 1932 4173 et
1961 4118 2014 4171 iu

442 4217 668 4271 dextera
699 4214 998 4282 majestatis
1024 4214 1292 4267 collocare
1314 4231 1326 4265 :
1352 4221 1588 4266 mentem
1621 4225 1750 4265 vero
1767 4209 1985 4263 invisibi
2002 4237 2018 4247 -

442 4305 574 4369 lem,
605 4303 991 4370 immortalem,
1023 4303 1315 4358 animantis
1348 4304 1658 4368 rectricem,
1700 4292 1766 4355 ad
1797 4300 1890 4355 Dei
1938 4300 2021 4354 fa-

441 4409 582 4453 etam
617 4397 932 4467 imaginem,
978 4395 1496 4464 incorruptibilitate
1539 4396 1845 4465 prarditam,
1891 4408 2020 4448 cor-

443 4491 590 4560 poris
612 4490 779 4545 veluti
813 4491 1080 4561 aurigam,
1109 4488 1570 4557 gubernatricem,
1604 4497 1662 4541 et
1694 4486 1851 4556 quasi
1885 4501 2021 4539 con-

1719 386 2105 446 EUTUYMH
2150 385 2539 451 ZiG.\BENl.

3614 381 3721 443 928

2482 516 2489 525 ·
2588 502 2682 553 Ἐκ
2704 499 2811 555 τοῦ
2853 499 3041 572 αὑτοῦ
3065 501 3275 570 λόγον.

2210 626 2368 680 Ἀλλά
2406 626 2505 697 τὴν
2549 628 2647 698 μὲν
2691 628 3009 698 ἀδολεσχίαν
3045 631 3272 684 ἐκείνων
3318 630 3719 701 καταλίπωμεν

2123 719 2217 771 ἐπὶ
2260 717 2356 771 τοῦ
2406 721 2709 790 παρόντος·
2751 723 2912 792 ἡμεῖς
2957 722 3014 775 δὲ
3061 724 3153 775 ἐπὶ
3197 723 3296 795 τὴν
3338 724 3714 796 προκειμένην

2125 807 2386 862 ὑπόθεσιν
2408 809 2816 879 ἐπανέλθωμεν,
2852 812 2945 864 καὶ
2970 812 3238 882 δείξωμεν
3261 814 3361 883 τὴν
3391 814 3486 867 τοῦ
3521 815 3711 885 Σωτῆ-

2126 913 2218 968 ρος
2246 899 2401 970 ήμῶν
2424 902 2742 971 οἰκονομίαν
2773 904 3092 971 ἀναγκαίως
3120 907 3518 978 γεγενημένην.
3537 909 3719 961 Ἐπειε

2123 989 2186 1058 δὴ
2213 990 2323 1061 γὰρ
2351 990 2498 1054 ἅπας
2522 994 2552 1044 ὁ
2578 990 2861 1063 ἄνθρωπος
2886 995 3166 1065 ἠπατήθη,
3194 996 3287 1049 καὶ
3313 996 3461 1060 ἅπας
3489 997 3593 1050 ὑπὸ
3612 997 3716 1068 τὴν

2125 1081 2402 1153 ἁμαρτίαν
2425 1086 2662 1153 ἐγένετο,
2676 1085 2769 1137 καὶ
2794 1085 2900 1154 πρὸ
2921 1085 3014 1151 τοῦ
3037 1086 3290 1157 σώματος
3309 1089 3478 1161 δὲτὴν
3495 1091 3718 1159 ἀπάτην

2124 1175 2152 1226 ὁ
2174 1174 2298 1237 νοῦς
2322 1176 2618 1241 ὑπεδέξατο
2634 1194 2645 1207 ’
2673 1181 2705 1249 ή
2729 1178 2824 1231 τοῦ
2847 1179 2939 1231 νοῦ
2962 1180 3070 1251 γὰρ
3091 1182 3357 1253 πρότερον
3377 1183 3716 1251 συγκατάθε-

2126 1282 2209 1328 σις
2225 1267 2323 1337 τὴν
2346 1270 2623 1339 ἁμαρτίαν
2645 1275 2999 1343 σκιαγραφεῖ,
3024 1267 3123 1325 εἷθ’
3143 1273 3317 1337 οὕτως
3336 1275 3425 1327 διὰ
3445 1275 3544 1343 τῆς
3567 1277 3721 1347 ἐνερ-

2126 1358 2278 1423 γείας
2317 1359 2379 1411 τὸ
2406 1360 2583 1431 -σῶμα
2624 1361 2830 1432 ταύτην
2864 1367 3083 1433 μορφοῖ,
3126 1365 3354 1427 εἰκότως
3376 1368 3403 1418 ὁ
3427 1366 3717 1436 Δεσπότης

2124 1450 2360 1520 Χριστὸς
2398 1452 2499 1523 τὴν
2534 1457 2886 1507 πεπτωκυῖαν
2926 1454 3088 1523 φύσιν
3113 1455 3417 1525 ἀναστῆσαι
3450 1455 3713 1526 βουλόμε-

2125 1557 2236 1604 νος,
2282 1544 2416 1594 πᾶσι
2456 1545 2615 1613 χεῖρα
2655 1544 2875 1614 ὀρέγει,
2920 1544 3015 1597 καὶ
3056 1545 3316 1616 κειμένην
3357 1546 3565 1616 ἐγείρει
3614 1548 3718 1616 τὴν

2127 1631 2326 1699 σάρκα,
2352 1633 2514 1703 φημὶ,
2534 1634 2735 1687 καὶτὸν
2758 1633 2903 1697 νοῦν,
2922 1634 2981 1697 ὃς
3002 1636 3245 1703 ἐγεγόνει
3268 1638 3389 1690 κατ’
3409 1637 3596 1690 εἰκόνα
3615 1638 3714 1691 τοῦ

2126 1723 2457 1788 Κτίσαντος·
2481 1726 2710 1796 ἀόρατός
2745 1743 2805 1778 τε
2845 1728 2954 1798 γάρ
2995 1730 3134 1792 ἐστι,
3158 1729 3252 1782 καὶ
3272 1729 3523 1793 ἀθέατος,
3547 1730 3712 1802 ἀνέερο

2128 1814 2277 1877 ικτός
2310 1832 2369 1868 τε
2403 1815 2497 1869 καὶ
2531 1816 2937 1888 ἀκατάληπτος,
2959 1819 3067 1871 οὐδ’
3089 1820 3285 1872 ἑαυτὸν
3326 1820 3709 1890 ἐπιστάμενος,

2127 1907 2265 1978 πρὸς
2304 1907 2361 1960 δὲ
2403 1908 2615 1971 τούτοις
2654 1911 2746 1962 καὶ
2769 1910 3150 1982 ἀπερίγραφος
3165 1931 3178 1943 ο
3203 1913 3360 1983 εἰπερ
3380 1916 3460 1976 είς
3481 1915 3580 1985 τὴν
3600 1915 3714 1968 τῶν

2124 1997 2400 2067 λογισμῶν
2437 1999 2741 2068 ἀποϐλέψαι
2750 2018 2848 2071 μεν
2884 2003 3206 2069 φαντασίαν,
3234 2004 3501 2074 ήγεμονίᾳ
3528 2022 3587 2058 τε
3612 2007 3711 2058 καὶ

2124 2089 2343 2161 ἐξουσίᾳ
2378 2092 2761 2162 τετιμημένος,
2788 2093 3002 2162 τέχναις
3047 2096 3142 2147 καὶ
3184 2097 3516 2167 ἐπιστήμαις
3553 2115 3717 2150 κεκοο

2126 2183 2429 2252 σμημένος,
2460 2182 2667 2254 βραχύς
2706 2202 2789 2247 τις
2829 2187 2923 2238 καὶ
2948 2187 3065 2249 νέος
3086 2186 3512 2260 δημιουργὸς,ῆ,
3551 2190 3614 2242 τό
3647 2207 3713 2256 γε

2124 2273 2486 2346 ἀληθέστερον
2527 2277 2723 2341 εἰπεῖν,
2765 2276 2856 2330 τοῦ
2880 2278 3225 2350 Δημιουργοῦ
3267 2281 3528 2351 μιμητὴς,
3557 2280 3716 2350 βασι-

2123 2365 2248 2429 λεὺς
2267 2367 2366 2437 τῆς
2386 2367 2670 2439 ὁρωμένης
2692 2369 2995 2440 κτίσεως,ἢ
3023 2368 3287 2439 βασιλέως
3309 2370 3494 2433 εἰκὼν,
3511 2372 3716 2443 φόρους

2127 2455 2400 2524 συλλέγων
2421 2459 2484 2509 ἐκ
2507 2459 2629 2529 γῆς,
2657 2461 2722 2512 ἐκ
2743 2459 3035 2530 Θαλάττης,
3062 2460 3121 2526 ἐξ
3144 2462 3325 2533 ἀέρος,
3348 2461 3408 2526 ἐξ
3429 2462 3578 2532 ἡλίου
3616 2468 3715 2518 καὶ

2123 2548 2355 2620 σελήνης
2382 2551 2477 2603 καὶ
2497 2551 2762 2621 ἀστέρων,
2789 2551 2847 2617 ἐξ
2876 2551 3110 2622 οὐρανοῦ
3141 2554 3235 2606 καὶ
3263 2552 3461 2622 νεφῶν,
3484 2555 3551 2607 ὲκ
3571 2572 3713 2627 προ-

2125 2643 2306 2696 ϐάτων
2347 2644 2442 2694 καὶ
2482 2641 2621 2711 βοῶν
2665 2644 2760 2695 καὶ
2799 2643 2910 2695 τῶν
2948 2642 3122 2697 ἄλλων
3161 2644 3394 2714 κτηνῶν,
3421 2644 3623 2715 μᾶλλον
3652 2647 3713 2700 δὲ

2126 2733 2335 2795 πάντας
2375 2732 2556 2786 αὐτῶν
2593 2732 2721 2794 τοὺς
2761 2735 3008 2803 καρποὺς
3041 2735 3403 2805 δρεπόμενος“
3445 2737 3515 2789 δι’
3547 2739 3713 2791 αὑτὸν

2123 2824 2232 2895 γὰρ
2258 2822 2471 2892 ἐγένετο
2490 2823 2558 2877 τὰ
2578 2823 2853 2894 ὁρώμενα’
2868 2824 2999 2889 Θεὸς
3022 2825 3129 2897 γὰρ
3154 2826 3361 2880 τούτων
3375 2828 3707 2901 ἀπροσδεής.

2194 2936 2404 2991 Οὔκουν
2446 2937 2684 3007 ἠτίμασε
2723 2936 2813 2991 τὸν
2854 2937 2998 2991 οὕτω
3034 2939 3244 3008 τίμιον,
3280 2939 3374 2993 τὸν
3413 2940 3711 3012 θεραπείας

2121 3029 2395 3100 δεόμενον⁸
2420 3027 2541 3081 οὐδὲ
2563 3027 2624 3080 τὸ
2646 3027 3023 3099 φθειρόμενον,
3039 3028 3286 3101 καὶνόσῳ
3309 3031 3402 3084 καὶ
3424 3032 3495 3102 γή
3506 3050 3573 3103 ρᾳ
3591 3034 3711 3086 Gou-

2123 3119 2281 3175 λεῦον
2300 3121 2394 3173 καὶ
2408 3119 2625 3191 θανάτῳ
2641 3119 2896 3184 ἀνέλαϐε,
2917 3120 2980 3173 τὸ
2999 3120 3056 3173 δὲ
3078 3120 3295 3188 λογικὸν
3319 3124 3414 3176 καὶ
3437 3124 3708 3178 ἀθάνατον

2122 3213 2216 3265 καὶ
2226 3212 2347 3265 κατ’
2360 3228 2384 3264 ε
2393 3211 2546 3265 ἱκόνα
2553 3211 2920 3281 γεγενημένον
2931 3212 3034 3265 ὐπε
3043 3212 3180 3282 ρεῖδε
3190 3253 3203 3274 ,
3212 3213 3487 3267 καὶταῦτα
3499 3217 3706 3283 κακῶς,

2121 3304 2196 3367 ὥς
2209 3322 2361 3365 φασι,
2371 3303 2522 3356 διακε
2532 3303 2549 3356 ί
2554 3321 2735 3372 μενον³
2751 3304 2887 3359 ἀλλά
2904 3306 3083 3359 πᾶσαν
3093 3305 3187 3374 τὴν
3202 3303 3272 3372 φῦ
3280 3322 3363 3358 σιν
3376 3307 3705 3361 παλαιωθεῖ-

2129 3402 2233 3438 σαν
2262 3388 2610 3459 ὲνεοποίησε.
2651 3386 2764 3441 Καὶ
2792 3376 2865 3440 τέί
2889 3385 2989 3456 μὲν
3018 3385 3190 3455 αὐτῆς
3224 3384 3413 3439 καινὸν
3439 3382 3712 3453 ἀπειργά-

2128 3490 2280 3536 σατο,
2297 3475 2360 3528 τὸ
2381 3475 2437 3528 δὲ
2461 3475 2914 3545 πεπαλαιωμένον
2937 3474 3032 3529 καὶ
3059 3473 3459 3543 διεφθαρμένον
3487 3476 3710 3530 ἀνίατον

2124 3568 2309 3634 siuas;
2338 3569 2435 3621 καὶ
2466 3568 2640 3621 ταῦτα
2665 3567 2999 3636 τιμιώτατον
3025 3566 3291 3637 ὑπάρχον,
3311 3569 3406 3619 καὶ
3437 3567 3711 3637 ἀθανασίᾳ

2123 3657 2512 3729 τετιμημένον,
2550 3660 2644 3713 καὶ
2674 3658 2819 3728 λόγῳ
2862 3657 3307 3726 κεκοσμημένον,
3342 3659 3437 3709 καὶ.
3471 3656 3569 3726 τῆς
3597 3642 3715 3711 τῶν

2124 3752 2332 3823 νοητῶν
2367 3753 2565 3823 μοίρας
2606 3753 2905 3821 τυγχάνονο
2939 3750 3052 3803 τῶν
3085 3749 3459 3804 ἀτοπωτάτων
3507 3751 3615 3820 γὰρ
3646 3750 3723 3803 τὸ

2127 3847 2228 3915 μὲν
2257 3847 2416 3914 σῶμα
2442 3846 2503 3897 τὸ
2534 3843 2779 3908 πήλινον,
2813 3844 2907 3898 καὶ
2941 3842 3148 3914 χοῖκὸν,
3179 3843 3273 3895 καὶ
3305 3840 3509 3895 πάθεσι
3551 3856 3715 3894 συνε-

2126 3935 2447 4007 ζευγμένον,
2468 3937 2561 3989 καὶ
2588 3936 3030 4005 προσληφθῆναι,
3064 3934 3160 3987 καὶ
3187 3933 3590 4003 ἀναληφθῆναι,
3615 3935 3721 3987 καὶ

2126 4032 2189 4084 ἐκ
2221 4032 2411 4097 δεξιῶν
2444 4032 2545 4099 τῆς
2578 4027 2978 4099 μεγαλωσύνης
3029 4025 3454 4096 καθιδρυνθῆναι
3481 4043 3494 4057 ·
3523 4028 3620 4079 τὸν
3650 4025 3712 4080 δὲ

2126 4123 2252 4177 νοῦν
2288 4123 2384 4175 τὸν
2420 4124 2671 4192 ἀόρατον,
2703 4120 2796 4173 τὸν
2837 4118 3132 4181 ἀθάνατον,
3180 4118 3271 4171 τὸ]
3322 4117 3568 4187 ήγεμόνι
3611 4118 3712 4170 τοῦ

2128 4214 2292 4280 ζὼου,
2310 4213 2401 4267 τὸν
2427 4213 2548 4264 κατ’
2582 4212 2762 4266 εἰκόνα
2792 4212 2942 4264 θείαν
2974 4212 3473 4282 γεγενημένον,τὸν
3498 4211 3716 4279 ἀφθαρ-

2129 4309 2220 4379 σίᾳ
2248 4306 2636 4377 τετιμημένον,
2678 4304 2769 4358 τὸν
2799 4305 2894 4358 τοῦ
2929 4306 3184 4375 σώματος
3217 4306 3432 4375 ἡνίοχον
3472 4304 3566 4358 καὶ
3606 4320 3717 4357 κν-

2128 4402 2398 4469 6ερνήτην
2426 4400 2522 4453 καὶ
2551 4399 2831 4469 μουσικὸν,
2867 4397 2933 4451 δι’
2962 4397 3022 4450 ὃν
3060 4399 3161 4451 οὐκ
3198 4398 3393 4468 ἄλογος
3420 4399 3452 4461 ἡ
3497 4397 3717 4468 ἀνθρω-

2129 4495 2258 4546 πεία
2289 4493 2473 4562 φύσις,
2507 4491 2643 4545 ἀλλά
2672 4491 2862 4559 σοφίας
2909 4494 3003 4545 καὶ
3032 4491 3232 4561 τέχνης
3268 4492 3365 4546 καὶ
3393 4491 3717 4560 ἐπιστήμης

439 4593 605 4638 centu
643 4592 1059 4653 temperantem,
1099 4596 1197 4650 per
1222 4596 1382 4650 quam
1416 4579 1655 4633 humana
1685 4588 1880 4632 natura
1911 4593 2016 4632 non

2125 4586 2432 4650 ἀνάπλεως,
2461 4585 2652 4638 τοῦτον
2709 4583 3051 4656 ἀπεῤῥίφθαι
3096 4586 3270 4647 κάτω,
3321 4584 3416 4636 καὶ
3463 4584 3559 4651 τῆς
3615 4583 3723 4636 τῦο

439 4688 522 4731 est
571 4676 753 4741 bruta,
787 4675 883 4731 sed
930 4672 1222 4744 sapientia,
1257 4673 1465 4727 artibus
1503 4682 1558 4726 et
1586 4673 1778 4741 quavis
1823 4671 2019 4739 peritia

437 4767 726 4822 abundat:
785 4769 945 4833 hanc,
1003 4768 1246 4838 inquam,
1300 4770 1537 4820 mentem
1585 4765 1650 4819 ad
1702 4764 2018 4818 inferiorem

440 4859 666 4923 gradum
699 4860 968 4928 deprimi,
1017 4873 1118 4914 nec
1170 4872 1354 4928 parem
1394 4858 1589 4913 saltem
1635 4873 1757 4911 cum
1789 4872 2022 4927 corpore

441 4952 705 5004 honorem
737 4951 1095 5020 participare;
1118 4967 1239 5004 cum
1281 4963 1463 5004 tamen
1493 4951 1614 5018 ejus
1633 4964 1795 5002 causa
1821 4964 2022 5020 corpus

440 5041 721 5095 rationalis
767 5055 1015 5096 creatura
1074 5043 1344 5106 evaserit;
1393 5055 1516 5094 cum
1566 5040 1810 5107 eiusdem
1854 5057 2019 5107 causa

439 5136 581 5188 datae
618 5133 821 5187 fuerint
868 5132 1011 5203 leges
1040 5149 1104 5188 ac
1154 5135 1496 5202 prophetias;
1544 5148 1833 5201 perquam
1879 5135 2019 5186 lium

439 5227 759 5290 certamina,
811 5226 994 5290 lucta},
1038 5226 1302 5289 victoriae,
1360 5227 1725 5289 laudationes,
1756 5242 2013 5293 coronae;

2127 4680 2383 4751 σώματος
2424 4679 2498 4748 μὴ
2533 4678 2967 4748 μεταλαγχάνειν
3007 4678 3177 4746 τιμῆς
3199 4693 3212 4706 ·
3252 4677 3321 4730 δι’
3365 4676 3422 4730 ὃν
3453 4678 3514 4729 τὸ
3549 4676 3715 4745 σῶμα

2126 4774 2225 4844 τῆς
2250 4772 2476 4841 λογικῆς
2506 4772 2725 4837 ἐγένετο
2754 4772 2985 4834 κτίσεως
3011 4787 3028 4803 ⁸
3065 4770 3131 4823 δι’
3157 4770 3217 4823 ὃν
3252 4771 3591 4839 νομοθεσίαι,
3616 4772 3713 4824 καὶ

2132 4866 2460 4936 προφητεῖαι
2486 4878 2499 4892 ⁶
2524 4863 2591 4915 δι’
2614 4861 2674 4916 ὃν
2701 4863 2934 4931 ἀγῶνες,
2958 4862 3052 4916 καὶ
3082 4862 3271 4926 πάλαι,
3301 4863 3396 4915 καὶ
3422 4861 3592 4922 vitiat.
3616 4864 3707 4915 καὶ

2130 4957 2483 5026 ἀναρρήσεις,
2515 4954 2613 5007 καὶ
2656 4954 2950 5023 στέφανοιο
2982 4954 3049 5006 δι’
3092 4953 3148 5006 ὂν
3186 4954 3280 5007 καὶ
3332 4954 3392 5007 τὸ
3446 4954 3605 5019 σῶμα
3650 4953 3717 5005 τὸ

2130 5045 2450 5110 συναθλοῦν,
2480 5043 2645 5100 ἆθλον
2686 5048 2797 5099 τῶν
2829 5047 3006 5099 πόνων
3033 5046 3146 5116 ἔχει
3192 5045 3291 5114 τὴν
3325 5045 3429 5099 τῶν
3458 5045 3711 5117 οὐρανῶν

2125 5140 2432 5207 βασιλείαν
2460 5140 2527 5193 δι’
2554 5139 2614 5193 ὃν
2646 5140 2739 5193 καὶ
2768 5138 2906 5210 αὐτὴ
2938 5138 3030 5192 τοῦ
3047 5139 3305 5209 Σωτῆρος
3327 5138 3483 5210 ήμῶν
3511 5139 3542 5209 ή
3569 5155 3713 5208 πιρ-
3756 5165 3777 5171 ~

2125 5234 2282 5289 ουσία
2317 5233 2633 5304 γεγένηται,
2701 5236 2796 5287 καὶ
2825 5233 2888 5286 τὸ
2916 5234 3018 5302 τῆς
3051 5234 3367 5302 οἰκονομίας
3414 5235 3711 5302 ἐπριγμα-

441 5337 537 5391 per
568 5336 729 5392 quam
771 5333 974 5387 corpus
1006 5333 1131 5372 cum
1166 5333 1229 5372 ea
1281 5320 1589 5381 decertans,
1629 5320 1910 5386 praemium
1941 5321 2020 5373 la-

2125 5326 2284 5396 τεύθη
2315 5328 2649 5396 μυστήριον·
2686 5328 2747 5379 οὐ
2781 5327 2889 5397 γάρ
2925 5325 3066 5396 ὑπὲρ
3105 5326 3334 5395 ἀψύχων
3369 5326 3402 5394 ἢ
3459 5324 3710 5394 ἀνοήτων

437 5414 632 5469 borum
681 5411 1036 5481 consequitur
1091 5411 1351 5465 coalornm
1407 5427 1668 5481 regnum;
1730 5412 1803 5466 ob
1855 5429 2017 5481 quant

2125 5416 2186 5470 τὰ
2236 5420 2485 5488 σωτήρια
2518 5417 2863 5485 ¹κατεδέξατο
2910 5417 3083 5488 πάθη,
3139 5418 3247 5470 οὐδ’
3298 5418 3436 5485 ὑπὲρ
3489 5415 3708 5483 ἀλόγων

439 5508 559 5576 ipse
593 5522 811 5576 quoque
843 5505 1152 5560 Servatoris
1192 5506 1361 5559 nostri
1392 5507 1657 5560 adventus
1684 5508 1930 5577 contigit,
1964 5516 2021 5561 et

2125 5508 2337 5578 κτηνῶν
2371 5508 2404 5578 ἢ
2452 5509 2616 5564 λίθων
2660 5509 2839 5579 ψυχῆς
2867 5510 3275 5580 ὲστερημένων,
3305 5509 3420 5562 ἀλλ’
3449 5508 3590 5576 ὑπὲρ
3618 5510 3712 5560 ἀν-

441 5597 836 5653 incarnationis
875 5607 1151 5667 peractum
1202 5597 1522 5668 mysterium
1563 5608 1668 5653 cst.
1711 5598 1827 5653 Non
1870 5602 2016 5654 enim

2125 5601 2361 5668 θρώπων
2389 5602 2568 5673 ψυχὴν
2598 5602 2873 5658 ἀθάνατον
2903 5602 3114 5656 ἔνοικον
3156 5603 3533 5673 κεκτημένων.

440 5704 541 5754 pro
572 5691 733 5744 rebus
761 5691 955 5747 anim-.e
995 5709 1059 5750 ac
1085 5695 1285 5749 mentis
1324 5693 1662 5761 expertibus,
1698 5703 1794 5747 aut
1822 5709 1923 5763 pro
1954 5694 2221 5762 iumentis
2254 5696 2662 5765 insipientibus,
2696 5706 2789 5750 aut
2828 5696 3099 5766 lapidibus
3132 5695 3410 5758 inanimis,
3444 5694 3537 5749 sed
3602 5708 3705 5764 pro

441 5783 752 5838 hominibus
786 5789 1143 5844 immortalem
1177 5790 1230 5843 in
1266 5805 1322 5845 se
1341 5791 1578 5844 animam
1608 5789 1933 5846 int-olentem
1958 5791 2359 5859 obtinentibus,
2395 5794 2670 5849 cruciatus
2697 5796 2922 5864 pertulit
2946 5795 3233 5851 salutares.
