4082 6402
328 371 434 432 9ἒ9

1288 365 1657 424 PANOI’LIA
1703 364 2135 424 DOGMATICA
2210 393 2263 401 -
2308 368 2438 426 TlT
2499 367 2649 428 XIV.

3475 369 3584 431 9i0

327 490 456 540 Ἔτι
506 483 655 537 κατὰ
689 481 1283 554 ’Λπολλινηριᾳσῖιῖιιζ
1328 482 1433 534 τοῦ
1476 479 1894 550 Δαμισκηνοῦ.

2010 481 2144 536 Item
2193 484 2442 538 adversus
2483 484 2893 554 Apollinaristas
2940 483 3273 537 Damasceni.
3314 483 3447 552 Cap.
3491 488 3583 540 £2.

931 551 1152 620 Κεφάλ.
1173 586 1176 590 -
1195 551 1301 621 33'.

393 669 525 719 Θεῆν
563 667 771 718 τέλειον
813 667 907 718 καὶ
957 665 1244 735 ἄνθρωπον
1286 667 1491 718 τέλειον
1529 667 1779 734 λέγοντες
1811 668 1901 719 τὸν

321 761 576 830 Χριστὸν,
615 759 834 820 πάντως
872 759 1045 811 πάντα
1073 759 1338 829 δώσομεν,
1370 762 1436 812 τά
1467 778 1526 812 τε
1556 761 1650 812 τοῦ
1692 762 1900 829 Πατρὸς

322 852 547 920 φυσικὰ,
581 852 649 904 τά
691 868 748 902 τε
778 851 874 919 τῆς
913 851 1133 918 Μητρός
1159 866 1172 879 ·
1214 852 1406 918 γέγονε
1437 851 1544 921 γὰρ
1587 852 1898 920 ἄνθρωπος,

323 941 410 990 ἵνα
453 939 512 991 τὸ
563 939 786 1006 νικηθὲν
832 939 1055 1009 νικήσῃ.
1105 941 1219 992 Οὐκ
1274 941 1534 1004 ἀδύνατος
1592 945 1700 1014 γὰρ
1756 941 1822 1010 ἦν
1875 947 1901 996 ὁ

321 1033 386 1084 τὶ
436 1031 611 1083 πάντα
659 1031 981 1099 δυνάμενος,
1021 1033 1112 1083 καὶ
1153 1035 1218 1102 τῇ
1279 1033 1676 1103 παντοδυνάμῳ
1731 1035 1900 1088 αὑτοῦ

318 1125 538 1192 ἐξουσίᾳ
567 1126 661 1175 καὶ
693 1123 924 1192 δυνάμει
959 1122 1237 1188 ἐξελέσθαι
1264 1125 1358 1176 τοῦ
1390 1127 1779 1196 τυραννοῦντος
1812 1131 1901 1181 τὶν

318 1216 644 1284 ἄνθρωπον·
703 1214 819 1267 ἀλλ’
867 1211 935 1286 ἦν
991 1215 1336 1284 ἐγκλήματος
1391 1219 1470 1285 τῷ
1537 1220 1900 1287 τυραννοῦντι

318 1308 598 1372 ὑπόθεσις,
625 1308 913 1378 ἄνθρωπον
958 1309 1270 1376 νικήσαντι,
1303 1311 1400 1362 καὶ
1450 1311 1554 1364 ὑπὸ
1596 1313 1732 1366 Θεοῦ
1785 1314 1904 1382 βια-

322 1400 530 1452 σθέντι.
562 1401 734 1452 Αὐτόν
774 1396 867 1452 οὖν
905 1399 995 1450 τὸν
1051 1401 1293 1452 πεσόντα
1340 1402 1571 1471 νικητὴν
1622 1405 1900 1471 ἀναδεῖξαι

321 1491 606 1560 ﬂeuit-ilict;
667 1495 693 1545 ὀ
755 1493 1048 1563 συμπαθὴς
1125 1491 1257 1555 Θεὸς
1327 1496 1421 1546 καὶ
1493 1495 1900 1565 φιλάνθρωπος,

318 1582 609 1652 ἄνθρωπος
648 1583 860 1650 γίνεται
902 1581 980 1650 τῷ
1029 1583 1202 1651 ὁμοίῳ
1253 1581 1311 1634 τὸ
1360 1583 1546 1653 ὅμοιον
1598 1586 1902 1640 ἀνακαλού-

323 1693 505 1746 μενος.

397 1857 517 1909 Ὀτι
560 1857 616 1909 δὲ
670 1856 888 1924 λογικὸν
951 1856 1043 1909 καὶ
1089 1856 1275 1926 νοερὸν
1325 1855 1464 1920 ζῶον
1509 1857 1535 1909 6
1591 1857 1897 1926 Nam“,
1935 1895 1979 1952 Β

319 1949 494 2010 οὐδεὶς
518 1951 761 2016 ἀντερεῖ·
793 1949 907 2009 πῶς
933 1943 1024 2000 οὖν
1048 1948 1144 2002 ἀνθ
1156 1965 1337 2015 ρωπος
1369 1949 1618 2014 γέγονεν,
1639 1950 1686 2000 εἰ
1721 1951 1901 2016 σάρκα

317 2042 528 2112 ἄψυχον
549 2041 578 2106 ἦ
601 2040 778 2111 ψυχὴν
807 2041 966 2094 ἄνουν
998 2041 1224 2102 ἔλαϐενς
1257 2041 1331 2093 Οὐ
1367 2039 1525 2093 τοῦτο
1555 2041 1662 2111 γὰρ
1688 2041 1785 2095 ἆνθ
1797 2060 1899 2111 ρω-

318 2151 440 2195 πος.
471 2131 535 2186 Τί
566 2132 622 2184 δὲ
650 2133 741 2184 καὶ
767 2135 866 2202 τῆς
893 2131 1363 2202 ὲνανθρωπήσεως
1395 2132 1762 2200 ἀπωνάμεθα,
1798 2131 1893 2185 τοῦ

319 2223 853 2294 πρωτοπαθήσαντος
903 2223 978 2294 μὴ
1023 2223 1400 2288 σεσωσμένον,
1447 2223 1582 2292 μηδὲ
1621 2226 1687 2294 τῇ
1728 2240 1894 2276 συνα-

319 2317 450 2386 epeia
478 2315 579 2378 τῆς
617 2314 870 2383 θεότητος
909 2316 1439 2383 ἀνακεκαινισμένου
1476 2332 1534 2368 τε
1574 2315 1669 2368 καὶ
1711 2332 1898 2368 νενευ-

322 2413 600 2480 ρωμένου;
626 2411 698 2464 Τὸ
724 2410 832 2481 γὰρ
867 2411 1275 2482 ἀπρόσληπτον,
1308 2407 1708 2480 ἀθεράπευτον.
1743 2408 1902 2461 Ἀνα-

317 2501 586 2571 λαμϐἀνει
627 2501 811 2553 τοίνυν
857 2500 977 2553 ὅλον
1008 2499 1101 2553 τὸν
1146 2500 1458 2568 ἄνθρωπον,
1492 2498 1676 2550 καὶτὸ
1705 2498 1899 2551 τούτου

319 2593 634 2657 κάλλιστον,
679 2589 786 2644 ὑπὸ
830 2590 1148 2662 ἀρρωστίαν
1185 2589 1370 2653 πεσὸν,
1404 2588 1490 2640 ἵνα
1528 2589 1638 2658 ὅλῳ
1669 2587 1770 2659 τὴν
1798 2605 1903 2640 σω-

317 2684 516 2753 τηρίαν
569 2683 899 2754 χαρίσηται·
954 2681 1081 2744 νοῦς
1145 2680 1202 2733 δὲ
1257 2680 1482 2746 ἀσοφος,
1519 2678 1904 2748 ’ἐστερημένος

319 2779 598 2845 γνώσεως,
630 2778 730 2830 οὐκ
759 2776 825 2830 ἂν
863 2777 947 2845 εἴη
980 2776 1134 2828 ποτέ.
1165 2774 1228 2827 Ei
1259 2774 1367 2844 γὰρ
1404 2773 1767 2843 ἀνενὲργητος
1805 2774 1904 2827 καὶ

318 2872 599 2941 ἀκίνητος,
627 2869 719 2921 καὶ
747 2867 1092 2938 ἀνύπαρκτος
1133 2867 1371 2928 πάντως.

2080 663 2363 726 Assuutptn
2426 673 2620 715 natura
2683 663 2938 726 ltummta,
2996 672 3051 715 ut
3115 664 3227 730 ipsa
3282 662 3334 715 in
3377 660 3587 717 Christo

2007 753 2195 805 victria:
2236 753 2383 820 ﬁeret
2429 752 2646 805 diaboli.
2700 784 2752 793 ——
2802 751 3255 820 Quandoquidem
3305 753 3586 808 Christum

2007 843 2303 912 perfectum
2363 842 2528 897 Deum
2571 859 2633 897 ac
2682 846 2980 912 perfectura
3019 844 3292 897 hominem
3331 845 3585 903 dicimus,

2007 936 2164 1003 plane
2196 937 2376 988 omnia
2433 954 2551 1002 qua:
2584 948 2691 989 tum
2752 937 2915 996 Patri,
2955 949 3063 988 tum
3119 935 3272 989 Matri
3317 936 3588 988 naturalia

2006 1035 2151 1084 sunt.
2197 1028 2244 1080 ei
2296 1027 2623 1079 tribuamus.
2680 1026 2854 1080 "Iuno
2897 1031 3096 1095 quippe
3147 1026 3324 1080 iactus
3373 1033 3476 1086 est,
3533 1038 3591 1078 ut

2005 1118 2147 1185 quod
2182 1120 2380 1170 victum
2415 1118 2592 1171 fuerat
2626 1119 2886 1171 vinceret.
2935 1118 3091 1171 "and
3130 1121 3275 1172 enim
3323 1118 3439 1184 ejus
3487 1117 3591 1168 im-

2008 1208 2314 1263 becillitatis
2343 1211 2607 1268 erat‘ilie.
2662 1211 2753 1278 qui
2791 1211 2970 1262 omnia
3014 1220 3210 1277 potest,
3249 1210 3380 1277 quin
3413 1209 3593 1262 omni-

2007 1301 2212 1369 potenti
2267 1317 2362 1355 sua
2409 1301 2609 1355 virtute
2643 1302 2918 1354 hominem
2953 1317 3016 1354 ex
3059 1301 3270 1372 tyranni
3307 1301 3588 1355 dominatu

2005 1395 2219 1463 eripere
2258 1395 2482 1448 valeret.
2527 1394 2726 1448 Verum
2779 1406 3042 1464 tyrannus
3073 1395 3309 1462 querelze
3345 1393 3592 1446 occasio-

2005 1500 2130 1538 nem
2162 1486 2466 1547 habuisset,
2501 1487 2544 1539 si
2574 1495 2860 1554 postquam
2896 1486 3178 1539 hominem
3221 1487 3336 1554 ipse
3359 1484 3590 1543 vicerat,

2006 1579 2154 1633 illata
2192 1573 2240 1631 ινί
2285 1593 2313 1632 a
2361 1579 2470 1630 Deo
2511 1579 2778 1648 spoliatus
2819 1589 2986 1632 esset.
3018 1579 3287 1643 Quocirca
3325 1578 3464 1631 Deus
3497 1591 3594 1643 pro

2007 1687 2100 1725 Stta
2149 1672 2546 1732 misericordia,
2603 1685 2658 1725 et
2709 1687 2833 1741 erga
2886 1671 3136 1725 homines
3192 1669 3593 1732 benevolentia,

2009 1763 2172 1816 homo
2214 1763 2292 1827 tit,
2327 1778 2437 1830 quo
2477 1763 2659 1817 simile
2691 1763 2884 1816 similis
2915 1778 3081 1832 opera
3125 1762 3416 1816 instauret.
3586 1743 3598 1756 ’

2081 1857 2366 1918 Asmmpta
2424 1855 2604 1907 anima
2661 1864 2820 1924 atque
2885 1871 3027 1907 mens
3079 1855 3352 1917 humana,
3410 1861 3595 1906 contra

2011 1945 2448 2013 Apollinaristas.
2472 1976 2541 1986 ——
2567 1946 2723 2010 Quod
2746 1957 2927 1999 autem
2962 1946 3127 1998 homo
3168 1947 3236 1999 sil
3271 1945 3474 1998 animal
3503 1960 3596 1998 ra-

2011 2039 2159 2092 tione
2187 2047 2241 2093 et
2280 2039 2639 2109 intelligentia
2673 2038 2983 2108 prteditum,
3013 2054 3176 2092 nemo
3210 2038 3332 2091 ierit
3360 2035 3592 2091 inﬁcias.

2006 2131 2239 2199 Quinam
2285 2133 2449 2202 igitur
2502 2132 2676 2187 factus
2723 2141 2808 2186 est
2841 2134 3024 2196 homo,
3060 2131 3102 2184 si
3147 2147 3369 2186 carnem
3421 2131 3598 2184 inani-

2008 2237 2233 2287 matam,
2293 2236 2386 2280 aut
2439 2237 2719 2296 expertem
2778 2227 2975 2281 mentis
3029 2227 3266 2280 animam
3313 2225 3598 2293 suscepit?

2009 2318 2123 2374 Hoc
2149 2319 2294 2372 enim
2325 2335 2667 2387 nequaqtnm
2704 2319 2870 2372 homo
2896 2328 3001 2372 est.
3042 2318 3184 2384 Quid
3221 2333 3352 2371 vero
3379 2331 3596 2370 rursum

2008 2427 2074 2465 ex
2111 2420 2387 2478 assumpta
2411 2419 2478 2463 an
2511 2425 2578 2463 eo
2611 2411 2951 2466 humanitate
2989 2409 3344 2464 emolumenti
3399 2410 3465 2462 ad
3495 2423 3598 2463 nos

2011 2503 2194 2566 rediit,
2237 2505 2280 2557 si
2325 2505 2398 2558 illi
2453 2505 2548 2573 qui
2579 2504 2838 2574 primario
2874 2503 3152 2558 contraxit
3209 2502 3413 2565 labem,
3447 2501 3598 2555 salus

2009 2595 2169 2649 allata
2231 2611 2337 2650 non
2369 2605 2490 2660 est;
2522 2612 2704 2667 neque
2753 2586 2807 2651 id
2841 2605 3022 2651 actum
3063 2596 3199 2663 fuit,
3241 2604 3300 2650 ut
3337 2610 3433 2663 per
3466 2609 3599 2648 con-

2008 2684 2347 2753 junctionem
2396 2703 2521 2740 cum
2567 2687 2853 2742 divinitate
2903 2687 3260 2741 innovaretur
3289 2729 3300 2749 ,
3331 2694 3385 2738 et
3432 2684 3600 2738 robur

2012 2778 2470 2833 obtineret?Nam
2498 2790 2748 2834 curatum
2785 2796 2892 2833 non
2927 2777 3050 2842 fuit,
3083 2779 3226 2847 quod
3255 2786 3598 2846 assumptum

2014 2885 2126 2925 non
2166 2881 2283 2937 est;
2331 2881 2664 2942 quapropter
2714 2882 2886 2927 totum
2941 2873 3222 2924 hominem
3277 2868 3597 2936 assumpsit,

320 2968 575 3035 illamque
618 2965 753 3018 adeo
802 2965 974 3032 ipsius
1020 2972 1228 3031 partem
1279 2976 1401 3032 quae
1447 2965 1683 3020 obnoxia
1734 2966 1923 3021 morbo
1986 2966 2204 3032 fuerat,
2262 2977 2321 3022 ut
2367 2971 2464 3024 toti
2521 2970 2750 3024 salutem
2803 2969 3156 3037 largiretur‘.
3224 2969 3378 3022 Nulla
3437 2986 3599 3039 porro

320 3078 477 3119 mens
502 3075 728 3128 usquam
763 3058 945 3124 fuerit,
991 3073 1110 3128 quae
1141 3058 1402 3128 sapientia
1441 3071 1493 3115 et
1525 3064 1836 3134 cognitione
1865 3064 2125 3120 destituta
2161 3067 2252 3119 sit.
2292 3065 2424 3120 Nam
2475 3067 2520 3120 si
2553 3067 2700 3121 iners
2741 3076 2796 3120 et
2827 3069 2944 3120 sine
2976 3077 3124 3120 motu
3148 3111 3162 3133 ,
3195 3067 3340 3120 nulla
3371 3084 3596 3137 prorsus

320 3163 534 3218 ratione
558 3157 790 3214 exsistit.

391 3308 468 3362 Τὸ
523 3302 616 3361 οὖν
667 3306 786 3359 κατ’
840 3305 1024 3358 εἰκόνα
1077 3305 1426 3358 ἀνακαινίσαι
1490 3305 1817 3376 βουλόμενος
1874 3310 1973 3375 6C

313 3401 452 3463 Θεὸς
483 3401 676 3468 Λόγος,
701 3400 927 3466 γέγονεν
957 3397 1263 3466 ἄνθρωπος.
1285 3400 1352 3451 Τί
1370 3399 1426 3452 δὲ
1456 3401 1515 3452 τὸ
1541 3400 1662 3452 κατ’
1691 3403 1900 3464 εἰκόνα,

318 3496 370 3547 εἰ
399 3475 476 3562 μὴ
531 3494 559 3545 ό
606 3489 767 3557 vein;
796 3491 869 3543 Τὸ
907 3491 1154 3558 κρεῖττον
1205 3489 1300 3543 οὖν
1349 3494 1568 3560 παρεὶς,
1607 3493 1668 3544 τὸ
1721 3495 1904 3563 χεῖρον

322 3584 586 3648 ἁνὲλα6ε;
637 3581 779 3643 Νοῦς
829 3582 940 3650 γὰρ
971 3581 1029 3633 ὲν
1080 3581 1390 3650 μεταιχμίῳ
1448 3583 1567 3633 ἐστὶ
1619 3581 1755 3634 Θεοῦ
1807 3583 1904 3636 καὶ

326 3677 543 3744 σαρκὸς,
577 3675 676 3742 τῆς
725 3675 824 3742 μὲν
867 3675 942 3732 ὡς
977 3672 1247 3736 σύνοικος,
1280 3672 1376 3725 τοῦ
1415 3673 1552 3725 Θεοῦ
1605 3674 1684 3736 δὲ,
1721 3675 1796 3738 ὡς
1824 3676 1903 3727 εἱ-

321 3769 451 3823 κών.
491 3766 636 3828 Νοῦς
685 3761 780 3819 οὗν
825 3764 907 3818 νοτ
960 3765 1242 3835 μίγνυται,
1277 3766 1372 3818 καὶ
1407 3767 1689 3833 μεσιτεύει
1719 3768 1746 3819 ό
1780 3767 1905 3830 νοῦς

315 3858 456 3912 θεοῦ
503 3857 839 3927 καθαρότητι
911 3857 1008 3909 καὶ
1061 3857 1263 3926 σαρκὸς
1320 3857 1632 3926 παχύτητιο
1690 3861 1740 3910 εἰ
1795 3858 1902 3928 γὰρ

315 3951 497 4020 ψυχὴν
532 3949 697 4003 ἄνουν
719 3951 746 4002 ὁ
767 3947 974 4015 Κύριος
1001 3945 1288 4011 ἀνέλαϐεν,
1315 3947 1513 4017 ἀλόγου
1550 3947 1690 4012 ζώου
1725 3949 1904 4020 ψυχὴν

319 4044 608 4098 ἀνέλαϐεν.

2081 3309 2231 3363 Mens
2279 3311 2332 3364 in
2370 3312 2580 3364 homine
2609 3313 2677 3364 τὸ
2721 3311 2851 3364 κατ’
2880 3313 3089 3365 εἰκόνα
3141 3312 3292 3365 Verbi
3324 3324 3370 3366 rt
3421 3318 3600 3370 carn's

2010 3404 2208 3457 media.
2241 3433 2308 3446 -—
2347 3404 2535 3472 Itaque
2584 3405 2726 3458 Deus
2773 3403 3059 3459 Verbum'
3113 3406 3163 3460 id
3212 3409 3356 3475 quod
3411 3410 3476 3464 ad
3518 3411 3602 3464 sui

2011 3495 2302 3562 imaginem
2346 3504 2464 3549 erat
2507 3497 2820 3550 instaurare
2851 3498 3063 3562 volens,
3103 3497 3280 3552 iactus
3304 3511 3386 3554 ομι
3415 3501 3597 3556 homo.

2007 3584 2149 3650 Quid
2187 3601 2316 3638 vero
2347 3585 2478 3639 illud
2517 3587 2621 3639 fuit
2649 3587 2794 3656 quod
2821 3595 2969 3640 esset
3004 3589 3070 3641 ad
3116 3589 3432 3657 imaginem,
3463 3608 3602 3660 pra:-

2013 3684 2257 3742 terquam
2310 3675 2504 3729 meus?
2556 3675 2708 3729 itane
2769 3676 2978 3729 omisso
3035 3679 3255 3745 potiori,
3305 3683 3450 3747 quod
3502 3683 3604 3737 tle-

2017 3767 2188 3820 terius
2237 3776 2358 3820 erat
2419 3768 2757 3834 assumpsit!
2810 3767 2962 3821 Mens
2998 3770 3264 3836 siquidem
3301 3772 3354 3824 in
3406 3774 3494 3828 Dei
3548 3785 3604 3830 et

2015 3859 2198 3914 Carnis
2249 3858 2556 3912 meditullio
2592 3869 2712 3912 est:
2761 3861 2946 3913 carnis
2997 3861 3282 3927 nimirum,
3316 3847 3374 3918 ui
3409 3878 3606 3921 contu-

2016 3950 2284 4014 bernalis;
2324 3950 2420 4004 Dei
2453 3959 2660 4011 autem,
2691 3959 2750 4002 ut
2785 3952 2983 4020 imago.
3022 3953 3174 4006 Mens
3217 3956 3400 4024 itaque
3431 3963 3602 4014 menti

2009 4042 2278 4112 jungitur,
2313 4051 2477 4112 atque
2510 4043 2650 4098 inter
2675 4042 2766 4097 Dei
2805 4046 3094 4112 puritatem
3129 4056 3182 4100 et
3231 4054 3416 4104 carnis
3453 4065 3604 4106 cras-

317 4141 500 4196 sitiem
554 4139 864 4194 intercedit.
929 4137 1064 4194 Nam
1114 4137 1160 4192 si
1222 4139 1483 4195 Dominus
1533 4140 1772 4196 animam
1828 4148 2011 4195 mente
2070 4155 2300 4194 vacuam
2359 4142 2698 4212 assumpsit,
2757 4141 2902 4197 bruti
2967 4143 3150 4213 utique
3218 4148 3454 4202 animam
3510 4165 3601 4205 as-

315 4236 575 4307 sumpsit.

393 4375 457 4429 Εἱ
500 4373 556 4426 δὲ
613 4373 793 4442 σάρκα
843 4374 1096 4438 γενέσθαι
1139 4377 1166 4428 ὁ
1212 4375 1609 4445 sumsum;
1658 4375 1761 4445 ἔφη
1808 4377 1902 4428 τὸν

317 4465 514 4534 Λόγον,
554 4467 728 4520 ἰστέον
775 4467 851 4530 ὡς
892 4467 1046 4538 παρὰ
1097 4471 1162 4537 τῇ
1199 4469 1332 4539 ἁγίᾳ
1381 4469 1596 4536 Γραφῇ,
1635 4471 1766 4520 ποτὲ
1803 4471 1902 4538 μὲν

2079 4378 2584 4447 Apollinaristarum
2619 4379 2840 4446 objectio
2881 4379 3122 4433 solvitur.
3162 4381 3357 4434 Anima
3385 4393 3434 4436 et
3475 4399 3602 4438 caro

2011 4487 2106 4539 pro
2160 4472 2369 4523 homine
2422 4472 2477 4524 in
2533 4469 2826 4539 Scriptura.
2863 4502 2931 4510 —
2971 4470 3126 4535 Quod
3171 4474 3215 4525 si
3267 4476 3601 4542 evangelista

316 4558 465 4629 ψυχὴ
489 4559 710 4625 λέγεται
740 4562 766 4612 ὁ
798 4559 1105 4628 ἄνθρωπος,
1141 4559 1216 4622 ὡς
1239 4561 1332 4612 τόο
1369 4561 1464 4610 Ἐν
1494 4559 1902 4627 ἐϐδομήκοντα

2012 4564 2249 4617 Verbum
2297 4578 2517 4617 carnem
2563 4563 2764 4616 factum
2805 4563 2975 4616 fuisse
3007 4563 3166 4627 dixit,
3204 4564 3487 4617 sciendum
3518 4577 3604 4620 est

319 4652 499 4704 πέντε
545 4650 774 4719 ψυχαῖς
826 4650 1120 4717 εἰσῆλθεν
1171 4650 1376 4704 Ἰαβιὼῦ
1413 4653 1500 4714 εἰς
1549 4653 1859 4719 Αἴγυπτον
1886 4670 1898 4682 ·

325 4743 450 4795 ποτὲ
479 4743 537 4796 δὲ
575 4743 736 4811 σὰρξ,
781 4743 856 4805 ὠς
892 4744 950 4797 τό
977 4762 990 4776 ο
1016 4746 1262 4812 "Ou-erat
1295 4745 1464 4800 πᾶσα
1503 4744 1663 4812 σὰρξ
1682 4746 1748 4797 τὸ
1785 4759 1904 4798 σω-

319 4836 526 4905 τήριον
549 4836 655 4890 τοῦ
675 4837 844 4891 Θεοῦ.
862 4839 936 4890 Οὺ
962 4838 1100 4908 σὰρξ
1124 4839 1304 4891 τοίνυν
1328 4839 1552 4908 ἄψυχος,
1569 4838 1690 4890 οὐδὲ
1715 4837 1899 4903 ἄνους,

319 4929 432 4980 ἀλλ’
460 4928 748 4997 ἄνθρωπος
779 4929 1004 4998 γέγονεν
1033 4931 1060 4982 ὁ
1105 4929 1330 5000 Κύριος.
1359 4930 1500 5000 Φησὶ
1531 4929 1662 4997 γοῦν
1698 4929 1860 4990 αὑτός
1881 4944 1895 4955 °

324 5023 382 5076 Τι’
401 5038 481 5088 με
505 5019 700 5088 δέρεις
723 5020 1064 5089 ἄνθρωπον,
1087 5021 1154 5088 ὃς
1179 5023 1295 5091 τὴν
1321 5021 1615 5088 ἀλήθειαν
1642 5023 1784 5090 ὑμῖν
1805 5025 1902 5075 λε-

317 5114 596 5179 λάληκα;
629 5114 882 5168 ’Λνέλαὸε
924 5115 1106 5169 τοίνυν
1140 5115 1320 5185 σάρκα
1359 5117 1725 5186 ἐψυχωμένην
1750 5117 1896 5186 ψυχῇ

312 5205 514 5275 ’λογικῇ
569 5223 628 5259 τε
679 5210 772 5260 καὶ
804 5210 988 5277 νοερᾷ,
1025 5210 1328 5278 ἡγεμονικῇ
1366 5209 1463 5275 μὲν
1517 5209 1617 5276 τῆς
1667 5209 1894 5278 σαρκὸς,

318 5296 769 5368 ἡγεμονευομένῃ
793 5298 852 5358 δὲ
880 5299 986 5351 ὑπὸ
1009 5299 1106 5368 τῆς
1137 5298 1231 5351 τοῦ
1259 5299 1435 5366 Λόγου
1474 5297 1754 5364 θεότητος.

2014 4656 2064 4708 in
2104 4671 2254 4707 sacra
2284 4654 2570 4723 Scriptura
2601 4655 2839 4706 animam
2886 4668 3279 4723 nonnunquam
3315 4656 3597 4710 hominem

2011 4746 2292 4815 appellari,
2357 4755 2414 4799 ut
2448 4747 2499 4798 in
2557 4745 2647 4798 illo
2698 4745 2856 4800 loco:
2903 4744 2966 4798 In
2996 4733 3338 4814 septuaginta
3369 4747 3602 4814 quinque

2009 4837 2289 4890 animabus
2330 4838 2592 4906 ingressus
2631 4845 2708 4890 est
2759 4835 2924 4890 Iacob
2956 4838 3009 4890 in
3054 4833 3356 4906 Egyptum
3384 4839 3424 4892 ³.
3450 4839 3602 4893 Νοιι-

2013 4943 2293 4996 nunquam
2328 4930 2456 4980 item
2485 4943 2730 4989 carnem,
2763 4935 2822 4980 ut
2849 4936 2935 4980 est
2968 4927 3099 4981 illud
3137 4946 3151 4981 :
3197 4926 3401 4982 Videbit
3427 4933 3602 4985 omnis

2009 5037 2133 5074 caro
2180 5019 2418 5072 salutare
2453 5019 2606 5076 Dei‘.
2640 5022 2714 5074 Ac
2743 5021 2972 5089 proinde
3005 5022 3293 5086 Dominus,
3334 5039 3441 5077 non
3468 5040 3601 5079 caro

2010 5113 2268 5174 inanima,
2305 5127 2406 5168 nec
2451 5121 2633 5166 mente
2666 5128 2870 5173 vacua,
2915 5114 3010 5168 sed
3060 5114 3226 5169 homo
3269 5115 3448 5169 factus
3494 5127 3597 5174 est.

2011 5207 2096 5260 Ait
2124 5207 2324 5277 quippe
2352 5208 2466 5276 ipse
2489 5225 2502 5260 :
2529 5205 2671 5270 Quid
2703 5223 2784 5260 me
2818 5207 3001 5270 credis,
3038 5208 3304 5262 hominem
3337 5210 3429 5278 qui
3464 5211 3602 5262 veri-

2015 5308 2175 5351 tatem
2231 5301 2431 5352 tocutus
2483 5316 2600 5353 sitm
2644 5301 2864 5353 vobis“?
2920 5301 3229 5370 Assumpsit
3283 5301 3448 5370 igitur
3478 5315 3599 5353 car-

319 5411 441 5448 nem
479 5396 659 5448 anima
715 5396 965 5451 rationali
1018 5407 1072 5450 et
1132 5395 1470 5466 intelligente
1523 5396 1843 5459 auimatam,
1897 5411 2145 5465 quaeque,
2182 5397 2322 5450 sicut
2353 5397 2534 5450 carnis
2571 5398 2932 5467 principatum
2985 5399 3246 5462 tenebat,
3282 5399 3355 5450 ita
3408 5411 3598 5452 rursus

319 5491 594 5548 divinitati
620 5493 862 5560 parebat,
898 5493 964 5546 ab
988 5507 1160 5562 eaque
1183 5495 1510 5562 regebatur.

403 5733 580 5804 ‘Greg
631 5734 764 5789 Naz.
793 5735 870 5786 Ad
900 5732 1114 5788 Cledon.

320 5823 468 5872 XLVI,
495 5806 584 5869 ‘27,
606 5822 697 5875 ap.
725 5804 898 5872 LXX;
935 5806 1058 5860 Act.
1091 5821 1184 5870 \‘ll,
1226 5807 1306 5859 Ii.

1225 5737 1243 5764 ²
1276 5720 1435 5803 Grca.
1469 5733 1596 5786 Naz.
1649 5747 1818 5785 carm.
1866 5748 2048 5785 senar.
2091 5729 2213 5783 adv.
2249 5733 2514 5803 Apollim,
2553 5736 2720 5802 epist.
2755 5737 2840 5790 ad.
2875 5735 3028 5791 Cled.
3072 5744 3127 5790 et
3161 5735 3306 5790 alibi.

1386 5811 1404 5836 ⁴
1430 5805 1528 5859 isa.
1558 5821 1640 5870 ιιι,
1670 5804 1743 5868 5;
1788 5803 1916 5857 Luc.
1953 5819 2031 5868 III,
2059 5803 2110 5856 6.

3409 5737 3431 5768 ³
3454 5735 3598 5795 Gen.

2192 5805 2210 5832 ⁸
2233 5802 2391 5858 Juaa.
2437 5820 2552 5870 vm,
2589 5806 2679 5858 40.
3547 5817 3550 5820 ‘
