  <div class='ocr_page' id='page_1' title='image "/cluster/home/n/w/nwhite01/storage/ocr_20150623/130:no.3/coo.31924054870351/478.png"; bbox 0 0 4082 6434; ppageno 0'>
   <div class='ocr_carea' id='block_1_1' title="bbox 485 307 588 372">
    <p class='ocr_par' dir='ltr' id='par_1_1' title="bbox 485 307 588 372">
     <span class='ocr_line' id='line_1_1' title="bbox 485 307 588 372; baseline -0.01 -1"><span class='ocrx_word' id='word_1_1' title='bbox 485 307 588 372; x_wconf 77' lang='grc'><strong>937</strong></span> 
     </span>
    </p>
   </div>
   <div class='ocr_carea' id='block_1_2' title="bbox 1445 309 2795 381">
    <p class='ocr_par' dir='ltr' id='par_1_2' title="bbox 1445 309 2795 381">
     <span class='ocr_line' id='line_1_2' title="bbox 1445 309 2795 381; baseline 0.007 -12"><span class='ocrx_word' id='word_1_2' title='bbox 1445 309 1827 372; x_wconf 82' lang='lat' dir='ltr'><strong>PANOPLIA</strong></span> <span class='ocrx_word' id='word_1_3' title='bbox 1869 311 2330 378; x_wconf 77' lang='lat' dir='ltr'><strong>DOGMATICA.</strong></span> <span class='ocrx_word' id='word_1_4' title='bbox 2361 310 2598 381; x_wconf 61' lang='grc' dir='ltr'><strong>-ᾸΤΙΤ.</strong></span> <span class='ocrx_word' id='word_1_5' title='bbox 2646 316 2795 378; x_wconf 88' lang='lat' dir='ltr'><strong>XIV.</strong></span> 
     </span>
    </p>
   </div>
   <div class='ocr_carea' id='block_1_3' title="bbox 3651 320 3757 381">
    <p class='ocr_par' dir='ltr' id='par_1_3' title="bbox 3651 320 3757 381">
     <span class='ocr_line' id='line_1_3' title="bbox 3651 320 3757 381; baseline 0 -2"><span class='ocrx_word' id='word_1_6' title='bbox 3651 320 3757 381; x_wconf 61' lang='lat' dir='ltr'><strong>{HS</strong></span> 
     </span>
    </p>
   </div>
   <div class='ocr_carea' id='block_1_4' title="bbox 471 412 2046 497">
    <p class='ocr_par' dir='ltr' id='par_1_4' title="bbox 471 412 2046 491">
     <span class='ocr_line' id='line_1_4' title="bbox 471 412 2046 491; baseline 0.003 -22"><span class='ocrx_word' id='word_1_7' title='bbox 471 418 589 477; x_wconf 83' lang='grc' dir='ltr'><em>πῶς</em></span> <span class='ocrx_word' id='word_1_8' title='bbox 617 415 918 479; x_wconf 79' lang='grc' dir='ltr'><em>τεθνεῶτος</em></span> <span class='ocrx_word' id='word_1_9' title='bbox 952 416 1121 471; x_wconf 83' lang='grc' dir='ltr'><em>αὐτοῦ</em></span> <span class='ocrx_word' id='word_1_10' title='bbox 1153 416 1407 481; x_wconf 78' lang='grc' dir='ltr'><em>τοσοῦτος</em></span> <span class='ocrx_word' id='word_1_11' title='bbox 1433 412 1510 488; x_wconf 74' lang='grc' dir='ltr'><strong>’ἦν</strong></span> <span class='ocrx_word' id='word_1_12' title='bbox 1542 420 1601 471; x_wconf 80' lang='grc' dir='ltr'><em>ὲν</em></span> <span class='ocrx_word' id='word_1_13' title='bbox 1631 421 1744 483; x_wconf 81' lang='grc' dir='ltr'><em>τοῖς</em></span> <span class='ocrx_word' id='word_1_14' title='bbox 1782 421 2046 491; x_wconf 59' lang='grc' dir='ltr'><em>στοιχείοις</em></span> 
     </span>
    </p>
   </div>
   <div class='ocr_carea' id='block_1_5' title="bbox 2152 412 3759 497">
    <p class='ocr_par' dir='ltr' id='par_1_5' title="bbox 2174 423 3759 497">
     <span class='ocr_line' id='line_1_5' title="bbox 2174 423 3759 497; baseline 0.005 -20"><span class='ocrx_word' id='word_1_15' title='bbox 2174 423 2273 479; x_wconf 79' lang='lat' dir='ltr'><strong>fuit</strong></span> <span class='ocrx_word' id='word_1_16' title='bbox 2319 425 2607 482; x_wconf 87' lang='lat' dir='ltr'><strong>clementis</strong></span> <span class='ocrx_word' id='word_1_17' title='bbox 2655 425 3037 497; x_wconf 85' lang='lat' dir='ltr'><strong>perturbatio?</strong></span> <span class='ocrx_word' id='word_1_18' title='bbox 3067 424 3159 482; x_wconf 89' lang='lat' dir='ltr'><strong>Sol</strong></span> <span class='ocrx_word' id='word_1_19' title='bbox 3196 428 3338 483; x_wconf 88' lang='lat' dir='ltr'><strong>enim</strong></span> <span class='ocrx_word' id='word_1_20' title='bbox 3392 430 3571 485; x_wconf 83' lang='lat' dir='ltr'><strong>radios</strong></span> <span class='ocrx_word' id='word_1_21' title='bbox 3630 446 3759 486; x_wconf 84' lang='lat' dir='ltr'><strong>con-</strong></span> 
     </span>
    </p>
   </div>
   <div class='ocr_carea' id='block_1_6' title="bbox 466 507 2055 582">
    <p class='ocr_par' dir='ltr' id='par_1_6' title="bbox 466 507 2055 582">
     <span class='ocr_line' id='line_1_6' title="bbox 466 507 2055 582; baseline 0.006 -22"><span class='ocrx_word' id='word_1_22' title='bbox 466 509 496 560; x_wconf 80' lang='grc' dir='ltr'>ὀ</span> <span class='ocrx_word' id='word_1_23' title='bbox 522 508 783 578; x_wconf 77' lang='grc' dir='ltr'><em>θόρυϐος;</em></span> <span class='ocrx_word' id='word_1_24' title='bbox 808 507 871 562; x_wconf 90' lang='lat'><strong>&#39;0</strong></span> <span class='ocrx_word' id='word_1_25' title='bbox 905 509 1002 578; x_wconf 81' lang='grc' dir='ltr'><em>μὲν</em></span> <span class='ocrx_word' id='word_1_26' title='bbox 1025 510 1135 581; x_wconf 80' lang='grc' dir='ltr'><strong>γὰρ</strong></span> <span class='ocrx_word' id='word_1_27' title='bbox 1161 511 1313 579; x_wconf 80' lang='grc' dir='ltr'><em>ἥλιος</em></span> <span class='ocrx_word' id='word_1_28' title='bbox 1338 512 1435 575; x_wconf 78' lang='grc' dir='ltr'><em>τὰς</em></span> <span class='ocrx_word' id='word_1_29' title='bbox 1461 512 1686 577; x_wconf 81' lang='grc' dir='ltr'><em>ἀκτῖνας</em></span> <span class='ocrx_word' id='word_1_30' title='bbox 1715 514 2055 582; x_wconf 78' lang='grc' dir='ltr'><em>συνέστελλε,</em></span> 
     </span>
    </p>
   </div>
   <div class='ocr_carea' id='block_1_7' title="bbox 467 602 2057 678">
    <p class='ocr_par' dir='ltr' id='par_1_7' title="bbox 467 602 2057 678">
     <span class='ocr_line' id='line_1_7' title="bbox 467 602 2057 678; baseline 0.003 -21"><span class='ocrx_word' id='word_1_31' title='bbox 467 604 564 657; x_wconf 77' lang='grc' dir='ltr'><strong>καὶ</strong></span> <span class='ocrx_word' id='word_1_32' title='bbox 592 604 651 655; x_wconf 80' lang='grc' dir='ltr'><em>ὲν</em></span> <span class='ocrx_word' id='word_1_33' title='bbox 681 603 869 673; x_wconf 73' lang='grc' dir='ltr'><em>ἡμέρᾳ</em></span> <span class='ocrx_word' id='word_1_34' title='bbox 903 602 1093 665; x_wconf 78' lang='grc' dir='ltr'><strong>σκότος</strong></span> <span class='ocrx_word' id='word_1_35' title='bbox 1123 604 1409 673; x_wconf 80' lang='grc' dir='ltr'><em>εἰργάζετο</em></span> <span class='ocrx_word' id='word_1_36' title='bbox 1433 644 1447 669; x_wconf 86' lang='grc'><strong>,</strong></span> <span class='ocrx_word' id='word_1_37' title='bbox 1479 607 1511 675; x_wconf 78' lang='grc' dir='ltr'>ἠ</span> <span class='ocrx_word' id='word_1_38' title='bbox 1545 606 1600 658; x_wconf 73' lang='grc' dir='ltr'><strong>δὲ</strong></span> <span class='ocrx_word' id='word_1_39' title='bbox 1633 606 1704 675; x_wconf 86' lang='grc' dir='ltr'><strong>γῆ</strong></span> <span class='ocrx_word' id='word_1_40' title='bbox 1737 606 1828 661; x_wconf 86' lang='grc' dir='ltr'><em>τὸν</em></span> <span class='ocrx_word' id='word_1_41' title='bbox 1856 608 2057 678; x_wconf 76' lang='grc' dir='ltr'><em>ἑαυτῆς</em></span> 
     </span>
    </p>
   </div>
   <div class='ocr_carea' id='block_1_8' title="bbox 466 694 2055 770">
    <p class='ocr_par' dir='ltr' id='par_1_8' title="bbox 466 694 2055 770">
     <span class='ocr_line' id='line_1_8' title="bbox 466 694 2055 770; baseline 0.003 -20"><span class='ocrx_word' id='word_1_42' title='bbox 466 697 750 763; x_wconf 77' lang='grc' dir='ltr'><em>Δεσπότην</em></span> <span class='ocrx_word' id='word_1_43' title='bbox 777 694 964 765; x_wconf 80' lang='grc' dir='ltr'><em>ὁρῶσα</em></span> <span class='ocrx_word' id='word_1_44' title='bbox 993 695 1145 762; x_wconf 83' lang='grc' dir='ltr'><em>παρὰ</em></span> <span class='ocrx_word' id='word_1_45' title='bbox 1170 697 1277 750; x_wconf 86' lang='grc' dir='ltr'><em>τῶν</em></span> <span class='ocrx_word' id='word_1_46' title='bbox 1312 697 1585 752; x_wconf 74' lang='grc' dir='ltr'><strong>Ἰουδαίων</strong></span> <span class='ocrx_word' id='word_1_47' title='bbox 1612 700 2055 770; x_wconf 78' lang='grc' dir='ltr'><em>ὲμπαροινοὺμε-</em></span> 
     </span>
    </p>
   </div>
   <div class='ocr_carea' id='block_1_9' title="bbox 466 788 2056 861">
    <p class='ocr_par' dir='ltr' id='par_1_9' title="bbox 466 788 2056 861">
     <span class='ocr_line' id='line_1_9' title="bbox 466 788 2056 861; baseline 0.005 -21"><span class='ocrx_word' id='word_1_48' title='bbox 466 805 557 841; x_wconf 72' lang='grc' dir='ltr'><strong>νον</strong></span> <span class='ocrx_word' id='word_1_49' title='bbox 596 788 844 856; x_wconf 53' lang='lat' dir='ltr'><strong>laxitate</strong></span> <span class='ocrx_word' id='word_1_50' title='bbox 871 804 883 819; x_wconf 87' lang='grc'><strong>·</strong></span> <span class='ocrx_word' id='word_1_51' title='bbox 923 788 1105 857; x_wconf 66' lang='grc' dir='ltr'><strong>ἀφῆκε</strong></span> <span class='ocrx_word' id='word_1_52' title='bbox 1140 788 1196 841; x_wconf 81' lang='grc' dir='ltr'><strong>δὲ</strong></span> <span class='ocrx_word' id='word_1_53' title='bbox 1232 791 1328 843; x_wconf 74' lang='grc' dir='ltr'><strong>καὶ</strong></span> <span class='ocrx_word' id='word_1_54' title='bbox 1364 792 1391 843; x_wconf 84' lang='grc' dir='ltr'>ὁ</span> <span class='ocrx_word' id='word_1_55' title='bbox 1426 790 1560 861; x_wconf 67' lang='grc' dir='ltr'><strong>ᾅδης</strong></span> <span class='ocrx_word' id='word_1_56' title='bbox 1595 791 1696 856; x_wconf 78' lang='grc' dir='ltr'><em>τὰς</em></span> <span class='ocrx_word' id='word_1_57' title='bbox 1735 792 1846 847; x_wconf 84' lang='grc' dir='ltr'><em>τῶν</em></span> <span class='ocrx_word' id='word_1_58' title='bbox 1881 793 2056 861; x_wconf 81' lang='grc' dir='ltr'><strong>ἁγίων</strong></span> 
     </span>
    </p>
   </div>
   <div class='ocr_carea' id='block_1_10' title="bbox 462 877 2056 955">
    <p class='ocr_par' dir='ltr' id='par_1_10' title="bbox 462 877 2056 955">
     <span class='ocr_line' id='line_1_10' title="bbox 462 877 2056 955; baseline 0.004 -23"><span class='ocrx_word' id='word_1_59' title='bbox 462 880 661 949; x_wconf 70' lang='grc' dir='ltr'><strong>ψυχάς.</strong></span> <span class='ocrx_word' id='word_1_60' title='bbox 702 880 859 944; x_wconf 81' lang='grc' dir='ltr'><strong>Τίνος</strong></span> <span class='ocrx_word' id='word_1_61' title='bbox 890 878 1067 933; x_wconf 84' lang='grc' dir='ltr'><em>ταῦτα</em></span> <span class='ocrx_word' id='word_1_62' title='bbox 1099 879 1419 949; x_wconf 82' lang='grc' dir='ltr'><em>ποιοῦντος;</em></span> <span class='ocrx_word' id='word_1_63' title='bbox 1453 877 1543 953; x_wconf 81' lang='grc' dir='ltr'><strong>ἄρ’</strong></span> <span class='ocrx_word' id='word_1_64' title='bbox 1564 883 1684 955; x_wconf 77' lang='grc' dir='ltr'><strong>οὐχὶ</strong></span> <span class='ocrx_word' id='word_1_65' title='bbox 1719 883 1891 951; x_wconf 85' lang='grc' dir='ltr'><em>Θεοῦ;</em></span> <span class='ocrx_word' id='word_1_66' title='bbox 1921 884 2056 950; x_wconf 84' lang='grc' dir='ltr'><em>Θεὸς</em></span> 
     </span>
    </p>
   </div>
   <div class='ocr_carea' id='block_1_11' title="bbox 466 964 2055 1047">
    <p class='ocr_par' dir='ltr' id='par_1_11' title="bbox 466 964 2055 1047">
     <span class='ocr_line' id='line_1_11' title="bbox 466 964 2055 1047; baseline 0.005 -24"><span class='ocrx_word' id='word_1_67' title='bbox 466 974 575 1041; x_wconf 67' lang='grc' dir='ltr'><strong>γὰρ</strong></span> <span class='ocrx_word' id='word_1_68' title='bbox 602 967 671 1042; x_wconf 82' lang='grc' dir='ltr'><em>ἦν</em></span> <span class='ocrx_word' id='word_1_69' title='bbox 703 973 762 1024; x_wconf 83' lang='grc' dir='ltr'><em>ὲν</em></span> <span class='ocrx_word' id='word_1_70' title='bbox 792 972 979 1041; x_wconf 81' lang='grc' dir='ltr'><em>σαρκὶ,</em></span> <span class='ocrx_word' id='word_1_71' title='bbox 1006 964 1051 1039; x_wconf 84' lang='grc' dir='ltr'>ᾧ</span> <span class='ocrx_word' id='word_1_72' title='bbox 1078 972 1174 1024; x_wconf 75' lang='grc' dir='ltr'><strong>καὶ</strong></span> <span class='ocrx_word' id='word_1_73' title='bbox 1203 973 1237 1042; x_wconf 75' lang='grc' dir='ltr'>ἡ</span> <span class='ocrx_word' id='word_1_74' title='bbox 1270 972 1445 1038; x_wconf 80' lang='grc' dir='ltr'><em>κτίσις</em></span> <span class='ocrx_word' id='word_1_75' title='bbox 1475 971 1824 1047; x_wconf 72' lang='grc' dir='ltr'><em>ὑϐριζομένῳ</em></span> <span class='ocrx_word' id='word_1_76' title='bbox 1853 977 2055 1047; x_wconf 72' lang='grc' dir='ltr'><em>τρόπον</em></span> 
     </span>
    </p>
   </div>
   <div class='ocr_carea' id='block_1_12' title="bbox 462 1065 985 1134">
    <p class='ocr_par' dir='ltr' id='par_1_12' title="bbox 462 1065 985 1134">
     <span class='ocr_line' id='line_1_12' title="bbox 462 1065 985 1134; baseline 0.008 -18"><span class='ocrx_word' id='word_1_77' title='bbox 462 1065 589 1118; x_wconf 79' lang='grc' dir='ltr'><em>τινὰ</em></span> <span class='ocrx_word' id='word_1_78' title='bbox 626 1066 985 1134; x_wconf 78' lang='grc' dir='ltr'><em>συνωρίζετο.</em></span> 
     </span>
    </p>
   </div>
   <div class='ocr_carea' id='block_1_13' title="bbox 534 1157 2053 1233">
    <p class='ocr_par' dir='ltr' id='par_1_13' title="bbox 534 1157 2053 1233">
     <span class='ocr_line' id='line_1_13' title="bbox 534 1157 2053 1233; baseline 0.005 -22"><span class='ocrx_word' id='word_1_79' title='bbox 534 1157 645 1211; x_wconf 79' lang='grc' dir='ltr'><em>Καὶ</em></span> <span class='ocrx_word' id='word_1_80' title='bbox 666 1157 748 1210; x_wconf 88' lang='grc' dir='ltr'><em>σὺ</em></span> <span class='ocrx_word' id='word_1_81' title='bbox 767 1198 783 1224; x_wconf 92' lang='grc'><strong>,</strong></span> <span class='ocrx_word' id='word_1_82' title='bbox 804 1158 1069 1228; x_wconf 78' lang='grc' dir='ltr'><strong>παιδίον,</strong></span> <span class='ocrx_word' id='word_1_83' title='bbox 1092 1160 1294 1229; x_wconf 66' lang='grc' dir='ltr'><em>προρή</em></span> <span class='ocrx_word' id='word_1_84' title='bbox 1304 1177 1409 1227; x_wconf 88' lang='grc' dir='ltr'><em>της</em></span> <span class='ocrx_word' id='word_1_85' title='bbox 1439 1159 1724 1230; x_wconf 71' lang='grc' dir='ltr'><em>Ὑψίστου</em></span> <span class='ocrx_word' id='word_1_86' title='bbox 1747 1162 2053 1233; x_wconf 73' lang='grc' dir='ltr'><strong>κληθήσῃ.</strong></span> 
     </span>
    </p>
   </div>
   <div class='ocr_carea' id='block_1_14' title="bbox 463 1250 2053 1326">
    <p class='ocr_par' dir='ltr' id='par_1_14' title="bbox 463 1250 2053 1326">
     <span class='ocr_line' id='line_1_14' title="bbox 463 1250 2053 1326; baseline 0.008 -26"><span class='ocrx_word' id='word_1_87' title='bbox 463 1250 859 1319; x_wconf 76' lang='grc' dir='ltr'><em>Προπορεὺσῃ</em></span> <span class='ocrx_word' id='word_1_88' title='bbox 894 1250 1005 1320; x_wconf 59' lang='lat' dir='ltr'><strong>reip</strong></span> <span class='ocrx_word' id='word_1_89' title='bbox 1041 1256 1155 1320; x_wconf 86' lang='grc' dir='ltr'><em>πρὸ</em></span> <span class='ocrx_word' id='word_1_90' title='bbox 1194 1251 1522 1319; x_wconf 78' lang='grc' dir='ltr'><strong>προσώπου</strong></span> <span class='ocrx_word' id='word_1_91' title='bbox 1564 1254 2053 1326; x_wconf 77' lang='grc' dir='ltr'><em>Κυρίου’ἐτοιμὰ-</em></span> 
     </span>
    </p>
   </div>
   <div class='ocr_carea' id='block_1_15' title="bbox 461 1341 2055 1417">
    <p class='ocr_par' dir='ltr' id='par_1_15' title="bbox 461 1341 2055 1417">
     <span class='ocr_line' id='line_1_15' title="bbox 461 1341 2055 1417; baseline 0.004 -22"><span class='ocrx_word' id='word_1_92' title='bbox 461 1356 569 1395; x_wconf 86' lang='grc' dir='ltr'><strong>σαι</strong></span> <span class='ocrx_word' id='word_1_93' title='bbox 612 1341 795 1407; x_wconf 81' lang='grc' dir='ltr'><em>ὀδοὺς</em></span> <span class='ocrx_word' id='word_1_94' title='bbox 833 1344 1042 1409; x_wconf 81' lang='grc' dir='ltr'><em>αὑτοῦ,</em></span> <span class='ocrx_word' id='word_1_95' title='bbox 1082 1346 1189 1399; x_wconf 83' lang='grc' dir='ltr'><strong>τοῦ</strong></span> <span class='ocrx_word' id='word_1_96' title='bbox 1232 1345 1445 1399; x_wconf 83' lang='grc' dir='ltr'><em>δοῦναι</em></span> <span class='ocrx_word' id='word_1_97' title='bbox 1487 1345 1718 1413; x_wconf 72' lang='grc' dir='ltr'><em>γνῶσιν</em></span> <span class='ocrx_word' id='word_1_98' title='bbox 1751 1349 2055 1417; x_wconf 79' lang='grc' dir='ltr'><strong>σωτηρίας</strong></span> 
     </span>
    </p>
   </div>
   <div class='ocr_carea' id='block_1_16' title="bbox 460 1432 2054 1512">
    <p class='ocr_par' dir='ltr' id='par_1_16' title="bbox 460 1432 2054 1512">
     <span class='ocr_line' id='line_1_16' title="bbox 460 1432 2054 1512; baseline 0.008 -27"><span class='ocrx_word' id='word_1_99' title='bbox 460 1433 545 1497; x_wconf 82' lang='grc' dir='ltr'><em>τῷ</em></span> <span class='ocrx_word' id='word_1_100' title='bbox 578 1432 706 1498; x_wconf 67' lang='grc' dir='ltr'><strong>λαῷ</strong></span> <span class='ocrx_word' id='word_1_101' title='bbox 738 1433 927 1489; x_wconf 80' lang='grc' dir='ltr'><em>αὐτοῦ</em></span> <span class='ocrx_word' id='word_1_102' title='bbox 961 1436 1031 1489; x_wconf 82' lang='grc' dir='ltr'><em>ἐν</em></span> <span class='ocrx_word' id='word_1_103' title='bbox 1058 1435 1273 1505; x_wconf 80' lang='grc' dir='ltr'><strong>ἀφέσει</strong></span> <span class='ocrx_word' id='word_1_104' title='bbox 1305 1438 1608 1508; x_wconf 73' lang='grc' dir='ltr'><em>ἁμαρτιῶν</em></span> <span class='ocrx_word' id='word_1_105' title='bbox 1635 1439 1853 1497; x_wconf 83' lang='grc' dir='ltr'><em>αὐτῶν.</em></span> <span class='ocrx_word' id='word_1_106' title='bbox 1888 1443 2054 1512; x_wconf 84' lang='grc' dir='ltr'><em>Προε-</em></span> 
     </span>
    </p>
   </div>
   <div class='ocr_carea' id='block_1_17' title="bbox 463 1522 2051 1603">
    <p class='ocr_par' dir='ltr' id='par_1_17' title="bbox 463 1522 2051 1603">
     <span class='ocr_line' id='line_1_17' title="bbox 463 1522 2051 1603; baseline 0.007 -28"><span class='ocrx_word' id='word_1_107' title='bbox 463 1522 651 1585; x_wconf 77' lang='grc' dir='ltr'><strong>ϐάδιζε</strong></span> <span class='ocrx_word' id='word_1_108' title='bbox 679 1524 790 1595; x_wconf 84' lang='grc' dir='ltr'><strong>γὰρ</strong></span> <span class='ocrx_word' id='word_1_109' title='bbox 820 1523 916 1579; x_wconf 87' lang='grc' dir='ltr'><strong>τοῦ</strong></span> <span class='ocrx_word' id='word_1_110' title='bbox 949 1523 1190 1595; x_wconf 81' lang='grc' dir='ltr'><strong>Χριστοῦ</strong></span> <span class='ocrx_word' id='word_1_111' title='bbox 1211 1569 1226 1591; x_wconf 92' lang='grc'><strong>,</strong></span> <span class='ocrx_word' id='word_1_112' title='bbox 1261 1528 1354 1581; x_wconf 66' lang='grc' dir='ltr'><strong>καὶ</strong></span> <span class='ocrx_word' id='word_1_113' title='bbox 1386 1528 1553 1580; x_wconf 78' lang='grc' dir='ltr'><em>αὑτοῦ</em></span> <span class='ocrx_word' id='word_1_114' title='bbox 1584 1531 1779 1598; x_wconf 83' lang='grc' dir='ltr'><em>γέγονε</em></span> <span class='ocrx_word' id='word_1_115' title='bbox 1811 1532 2051 1603; x_wconf 83' lang='grc' dir='ltr'><em>πρόδρο-</em></span> 
     </span>
    </p>
   </div>
   <div class='ocr_carea' id='block_1_18' title="bbox 466 1616 2053 1695">
    <p class='ocr_par' dir='ltr' id='par_1_18' title="bbox 466 1616 2053 1695">
     <span class='ocr_line' id='line_1_18' title="bbox 466 1616 2053 1695; baseline 0.006 -27"><span class='ocrx_word' id='word_1_116' title='bbox 466 1633 589 1685; x_wconf 85' lang='grc' dir='ltr'><em>μος,</em></span> <span class='ocrx_word' id='word_1_117' title='bbox 617 1618 710 1669; x_wconf 73' lang='grc' dir='ltr'><strong>καὶ</strong></span> <span class='ocrx_word' id='word_1_118' title='bbox 736 1616 889 1687; x_wconf 84' lang='grc' dir='ltr'><strong>αὑτῷ</strong></span> <span class='ocrx_word' id='word_1_119' title='bbox 917 1617 1017 1682; x_wconf 79' lang='grc' dir='ltr'><em>τὰς</em></span> <span class='ocrx_word' id='word_1_120' title='bbox 1043 1619 1198 1682; x_wconf 82' lang='grc' dir='ltr'><em>ὁδοὺς</em></span> <span class='ocrx_word' id='word_1_121' title='bbox 1229 1618 1734 1690; x_wconf 73' lang='grc' dir='ltr'><em>προετοιμάζεσθαι</em></span> <span class='ocrx_word' id='word_1_122' title='bbox 1763 1623 2053 1695; x_wconf 78' lang='grc' dir='ltr'><em>διεκήρυτ-</em></span> 
     </span>
    </p>
   </div>
   <div class='ocr_carea' id='block_1_19' title="bbox 461 1709 2047 1787">
    <p class='ocr_par' dir='ltr' id='par_1_19' title="bbox 461 1709 2047 1787">
     <span class='ocr_line' id='line_1_19' title="bbox 461 1709 2047 1787; baseline 0.007 -25"><span class='ocrx_word' id='word_1_123' title='bbox 461 1724 555 1772; x_wconf 84' lang='grc' dir='ltr'><strong>τε,</strong></span> <span class='ocrx_word' id='word_1_124' title='bbox 586 1711 679 1762; x_wconf 65' lang='grc' dir='ltr'><strong>καὶ</strong></span> <span class='ocrx_word' id='word_1_125' title='bbox 712 1709 804 1762; x_wconf 86' lang='grc' dir='ltr'><em>τὸν</em></span> <span class='ocrx_word' id='word_1_126' title='bbox 834 1709 920 1763; x_wconf 78' lang='grc' dir='ltr'><strong>ἐπ’</strong></span> <span class='ocrx_word' id='word_1_127' title='bbox 946 1711 1103 1780; x_wconf 79' lang='grc' dir='ltr'><em>αὐτῷ</em></span> <span class='ocrx_word' id='word_1_128' title='bbox 1127 1713 1470 1783; x_wconf 75' lang='grc' dir='ltr'><em>προεφήτευε</em></span> <span class='ocrx_word' id='word_1_129' title='bbox 1506 1713 1665 1783; x_wconf 68' lang='grc' dir='ltr'><em>λὸγον</em></span> <span class='ocrx_word' id='word_1_130' title='bbox 1695 1715 2047 1787; x_wconf 70' lang='grc' dir='ltr'><strong>ἐπιστρέφων</strong></span> 
     </span>
    </p>
   </div>
   <div class='ocr_carea' id='block_1_20' title="bbox 459 1801 2059 1883">
    <p class='ocr_par' dir='ltr' id='par_1_20' title="bbox 459 1801 2059 1883">
     <span class='ocr_line' id='line_1_20' title="bbox 459 1801 2059 1883; baseline 0.007 -29"><span class='ocrx_word' id='word_1_131' title='bbox 459 1801 537 1865; x_wconf 81' lang='grc' dir='ltr'><em>ὡς</em></span> <span class='ocrx_word' id='word_1_132' title='bbox 571 1802 664 1855; x_wconf 70' lang='grc' dir='ltr'><strong>ἐπὶ</strong></span> <span class='ocrx_word' id='word_1_133' title='bbox 698 1801 870 1869; x_wconf 84' lang='grc' dir='ltr'><em>Θεὸν,</em></span> <span class='ocrx_word' id='word_1_134' title='bbox 899 1802 1146 1856; x_wconf 82' lang='grc' dir='ltr'><strong>δικαιοῦν</strong></span> <span class='ocrx_word' id='word_1_135' title='bbox 1181 1804 1438 1874; x_wconf 78' lang='grc' dir='ltr'><em>ἰσχύοντα</em></span> <span class='ocrx_word' id='word_1_136' title='bbox 1469 1805 1594 1869; x_wconf 76' lang='grc' dir='ltr'><em>τοὺς</em></span> <span class='ocrx_word' id='word_1_137' title='bbox 1627 1810 1685 1859; x_wconf 71' lang='grc' dir='ltr'><em>ἐν</em></span> <span class='ocrx_word' id='word_1_138' title='bbox 1716 1809 2059 1883; x_wconf 26' lang='grc' dir='ltr'><em>ἁμαρτίαις.-</em></span> 
     </span>
    </p>
   </div>
   <div class='ocr_carea' id='block_1_21' title="bbox 465 1887 1362 1963">
    <p class='ocr_par' dir='ltr' id='par_1_21' title="bbox 465 1887 1362 1963">
     <span class='ocr_line' id='line_1_21' title="bbox 465 1887 1362 1963; baseline 0.006 -19"><span class='ocrx_word' id='word_1_139' title='bbox 465 1887 599 1945; x_wconf 77' lang='grc' dir='ltr'><em>Εἶτα</em></span> <span class='ocrx_word' id='word_1_140' title='bbox 627 1892 751 1954; x_wconf 79' lang='grc' dir='ltr'><em>πῶς</em></span> <span class='ocrx_word' id='word_1_141' title='bbox 777 1892 838 1945; x_wconf 84' lang='grc' dir='ltr'><strong>οὐ</strong></span> <span class='ocrx_word' id='word_1_142' title='bbox 871 1891 1007 1956; x_wconf 88' lang='grc' dir='ltr'><em>Θεὸς</em></span> <span class='ocrx_word' id='word_1_143' title='bbox 1036 1895 1065 1946; x_wconf 83' lang='grc' dir='ltr'>ὁ</span> <span class='ocrx_word' id='word_1_144' title='bbox 1089 1894 1325 1963; x_wconf 84' lang='grc' dir='ltr'><em>Χριστός</em></span> <span class='ocrx_word' id='word_1_145' title='bbox 1348 1913 1362 1962; x_wconf 88' lang='grc'><strong>;</strong></span> 
     </span>
    </p>
   </div>
   <div class='ocr_carea' id='block_1_22' title="bbox 549 1982 2048 2061">
    <p class='ocr_par' dir='ltr' id='par_1_22' title="bbox 549 1982 2048 2061">
     <span class='ocr_line' id='line_1_22' title="bbox 549 1982 2048 2061; baseline 0.007 -22"><span class='ocrx_word' id='word_1_146' title='bbox 549 1983 864 2054; x_wconf 76' lang='grc' dir='ltr'><em>Ἑπιγνοὺς</em></span> <span class='ocrx_word' id='word_1_147' title='bbox 892 1982 964 2037; x_wconf 77' lang='grc' dir='ltr'><strong>δὲ</strong></span> <span class='ocrx_word' id='word_1_148' title='bbox 990 1987 1024 2039; x_wconf 82' lang='grc' dir='ltr'><em>ό</em></span> <span class='ocrx_word' id='word_1_149' title='bbox 1052 1984 1286 2054; x_wconf 81' lang='grc' dir='ltr'><em>Ἰησοῦς</em></span> <span class='ocrx_word' id='word_1_150' title='bbox 1313 1987 1451 2053; x_wconf 86' lang='grc' dir='ltr'><em>τοὺς</em></span> <span class='ocrx_word' id='word_1_151' title='bbox 1483 1987 1916 2061; x_wconf 73' lang='grc' dir='ltr'><em>διαλογισμοὺς</em></span> <span class='ocrx_word' id='word_1_152' title='bbox 1943 1996 2048 2049; x_wconf 81' lang='grc' dir='ltr'><strong>αὐ-</strong></span> 
     </span>
    </p>
   </div>
   <div class='ocr_carea' id='block_1_23' title="bbox 454 2072 2048 2153">
    <p class='ocr_par' dir='ltr' id='par_1_23' title="bbox 454 2072 2048 2153">
     <span class='ocr_line' id='line_1_23' title="bbox 454 2072 2048 2153; baseline 0.003 -22"><span class='ocrx_word' id='word_1_153' title='bbox 454 2075 602 2137; x_wconf 81' lang='grc' dir='ltr'><em>τῶν.</em></span> <span class='ocrx_word' id='word_1_154' title='bbox 634 2072 767 2130; x_wconf 77' lang='grc' dir='ltr'><em>εἶπε</em></span> <span class='ocrx_word' id='word_1_155' title='bbox 799 2078 953 2145; x_wconf 83' lang='grc' dir='ltr'><em>πρὸς</em></span> <span class='ocrx_word' id='word_1_156' title='bbox 982 2077 1240 2144; x_wconf 82' lang='grc' dir='ltr'><em>αὐτοὺς,</em></span> <span class='ocrx_word' id='word_1_157' title='bbox 1282 2079 1343 2133; x_wconf 82' lang='grc' dir='ltr'><strong>Τί</strong></span> <span class='ocrx_word' id='word_1_158' title='bbox 1373 2078 1785 2150; x_wconf 68' lang='grc' dir='ltr'><strong>διαλογίζεσθε</strong></span> <span class='ocrx_word' id='word_1_159' title='bbox 1815 2085 1887 2138; x_wconf 78' lang='grc' dir='ltr'><em>ἐν</em></span> <span class='ocrx_word' id='word_1_160' title='bbox 1917 2086 2048 2153; x_wconf 81' lang='grc' dir='ltr'><em>ταῖς</em></span> 
     </span>
    </p>
   </div>
   <div class='ocr_carea' id='block_1_24' title="bbox 461 2171 2045 2249">
    <p class='ocr_par' dir='ltr' id='par_1_24' title="bbox 461 2171 2045 2249">
     <span class='ocr_line' id='line_1_24' title="bbox 461 2171 2045 2249; baseline 0.008 -26"><span class='ocrx_word' id='word_1_161' title='bbox 461 2172 734 2240; x_wconf 83' lang='grc' dir='ltr'><strong>καρδίαις</strong></span> <span class='ocrx_word' id='word_1_162' title='bbox 778 2171 984 2240; x_wconf 82' lang='grc' dir='ltr'><em>ὑμῶν;</em></span> <span class='ocrx_word' id='word_1_163' title='bbox 1035 2173 1095 2228; x_wconf 75' lang='lat' dir='ltr'><strong>Tt</strong></span> <span class='ocrx_word' id='word_1_164' title='bbox 1136 2173 1311 2228; x_wconf 79' lang='grc' dir='ltr'><em>ἐστιν</em></span> <span class='ocrx_word' id='word_1_165' title='bbox 1349 2176 1785 2245; x_wconf 73' lang='grc' dir='ltr'><em>εὐκοπώτερον,</em></span> <span class='ocrx_word' id='word_1_166' title='bbox 1829 2180 2045 2249; x_wconf 76' lang='grc' dir='ltr'><em>εἰπεῖν,</em></span> 
     </span>
    </p>
   </div>
   <div class='ocr_carea' id='block_1_25' title="bbox 474 2264 2044 2340">
    <p class='ocr_par' dir='ltr' id='par_1_25' title="bbox 474 2264 2044 2340">
     <span class='ocr_line' id='line_1_25' title="bbox 474 2264 2044 2340; baseline 0.006 -23"><span class='ocrx_word' id='word_1_167' title='bbox 474 2264 799 2331; x_wconf 68' lang='grc' dir='ltr'><em>Ἀφέωνταί</em></span> <span class='ocrx_word' id='word_1_168' title='bbox 815 2280 915 2318; x_wconf 87' lang='grc' dir='ltr'><strong>σοι</strong></span> <span class='ocrx_word' id='word_1_169' title='bbox 934 2267 994 2319; x_wconf 85' lang='grc' dir='ltr'><strong>αἰ</strong></span> <span class='ocrx_word' id='word_1_170' title='bbox 1011 2264 1290 2333; x_wconf 82' lang='grc' dir='ltr'><strong>ἁμαρτίαι</strong></span> <span class='ocrx_word' id='word_1_171' title='bbox 1306 2281 1450 2331; x_wconf 89' lang='grc' dir='ltr'><em>σου,</em></span> <span class='ocrx_word' id='word_1_172' title='bbox 1468 2268 1507 2337; x_wconf 80' lang='grc' dir='ltr'><em>ἢ</em></span> <span class='ocrx_word' id='word_1_173' title='bbox 1526 2269 1740 2333; x_wconf 78' lang='grc' dir='ltr'><em>εἰπεῖν,</em></span> <span class='ocrx_word' id='word_1_174' title='bbox 1759 2271 2044 2340; x_wconf 79' lang='grc' dir='ltr'><em>Ἕτειραι,</em></span> 
     </span>
    </p>
   </div>
   <div class='ocr_carea' id='block_1_26' title="bbox 456 2355 2046 2434">
    <p class='ocr_par' dir='ltr' id='par_1_26' title="bbox 456 2355 2046 2434">
     <span class='ocr_line' id='line_1_26' title="bbox 456 2355 2046 2434; baseline 0.008 -26"><span class='ocrx_word' id='word_1_175' title='bbox 456 2356 561 2409; x_wconf 81' lang='grc' dir='ltr'><strong>καί</strong></span> <span class='ocrx_word' id='word_1_176' title='bbox 585 2355 895 2425; x_wconf 78' lang='grc' dir='ltr'><em>περιπάτει</em></span> <span class='ocrx_word' id='word_1_177' title='bbox 910 2372 929 2420; x_wconf 88' lang='grc'><strong><em>;</em></strong></span> <span class='ocrx_word' id='word_1_178' title='bbox 947 2358 1082 2415; x_wconf 85' lang='grc' dir='ltr'><em>Ἵνα</em></span> <span class='ocrx_word' id='word_1_179' title='bbox 1103 2356 1174 2412; x_wconf 73' lang='grc' dir='ltr'><em>δὲ</em></span> <span class='ocrx_word' id='word_1_180' title='bbox 1195 2358 1417 2428; x_wconf 77' lang='grc' dir='ltr'><em>εἰδῆτε,</em></span> <span class='ocrx_word' id='word_1_181' title='bbox 1440 2359 1526 2414; x_wconf 70' lang='grc' dir='ltr'><strong>ὅτι</strong></span> <span class='ocrx_word' id='word_1_182' title='bbox 1553 2361 1848 2424; x_wconf 78' lang='grc' dir='ltr'><em>ἐξουσίαν</em></span> <span class='ocrx_word' id='word_1_183' title='bbox 1864 2363 1990 2434; x_wconf 73' lang='grc' dir='ltr'><em>ἔχει</em></span> <span class='ocrx_word' id='word_1_184' title='bbox 2014 2369 2046 2421; x_wconf 86' lang='grc' dir='ltr'><em>ὀ</em></span> 
     </span>
    </p>
   </div>
   <div class='ocr_carea' id='block_1_27' title="bbox 466 2448 2045 2528">
    <p class='ocr_par' dir='ltr' id='par_1_27' title="bbox 466 2448 2045 2528">
     <span class='ocr_line' id='line_1_27' title="bbox 466 2448 2045 2528; baseline 0.006 -27"><span class='ocrx_word' id='word_1_185' title='bbox 466 2448 604 2514; x_wconf 82' lang='grc' dir='ltr'><em>Υίὸς</em></span> <span class='ocrx_word' id='word_1_186' title='bbox 638 2448 747 2503; x_wconf 90' lang='grc' dir='ltr'><strong>τοῦ</strong></span> <span class='ocrx_word' id='word_1_187' title='bbox 785 2449 1104 2518; x_wconf 81' lang='grc' dir='ltr'><em>ἀνθρώπου</em></span> <span class='ocrx_word' id='word_1_188' title='bbox 1142 2450 1243 2505; x_wconf 77' lang='grc' dir='ltr'><strong>ἐπὶ</strong></span> <span class='ocrx_word' id='word_1_189' title='bbox 1278 2450 1392 2521; x_wconf 87' lang='grc' dir='ltr'><em>τῆς</em></span> <span class='ocrx_word' id='word_1_190' title='bbox 1431 2452 1544 2523; x_wconf 76' lang='grc' dir='ltr'><strong>τῆς</strong></span> <span class='ocrx_word' id='word_1_191' title='bbox 1578 2454 1818 2524; x_wconf 74' lang='grc' dir='ltr'><em>ἀφιέναι</em></span> <span class='ocrx_word' id='word_1_192' title='bbox 1859 2457 2045 2528; x_wconf 75' lang='grc' dir='ltr'><em>ἀμαρ-</em></span> 
     </span>
    </p>
   </div>
   <div class='ocr_carea' id='block_1_28' title="bbox 457 2536 2046 2620">
    <p class='ocr_par' dir='ltr' id='par_1_28' title="bbox 457 2536 2046 2620">
     <span class='ocr_line' id='line_1_28' title="bbox 457 2536 2046 2620; baseline 0.007 -25"><span class='ocrx_word' id='word_1_193' title='bbox 457 2542 614 2608; x_wconf 82' lang='grc' dir='ltr'><em>τιάς,</em></span> <span class='ocrx_word' id='word_1_194' title='bbox 641 2536 773 2596; x_wconf 71' lang='grc' dir='ltr'><em>εἷπε</em></span> <span class='ocrx_word' id='word_1_195' title='bbox 796 2541 878 2608; x_wconf 84' lang='grc' dir='ltr'><em>τῷ</em></span> <span class='ocrx_word' id='word_1_196' title='bbox 904 2543 1315 2612; x_wconf 71' lang='grc' dir='ltr'><em>παραλυτικῷ,</em></span> <span class='ocrx_word' id='word_1_197' title='bbox 1342 2545 1445 2601; x_wconf 89' lang='grc' dir='ltr'><strong>Σοί</strong></span> <span class='ocrx_word' id='word_1_198' title='bbox 1468 2547 1648 2617; x_wconf 57' lang='grc' dir='ltr'><em>λέπει,</em></span> <span class='ocrx_word' id='word_1_199' title='bbox 1673 2547 1920 2620; x_wconf 76' lang='grc' dir='ltr'><em>ἔγειραι,</em></span> <span class='ocrx_word' id='word_1_200' title='bbox 1946 2556 2046 2608; x_wconf 73' lang='grc' dir='ltr'><em>καὶ</em></span> 
     </span>
    </p>
   </div>
   <div class='ocr_carea' id='block_1_29' title="bbox 456 2634 2045 2714">
    <p class='ocr_par' dir='ltr' id='par_1_29' title="bbox 456 2634 2045 2714">
     <span class='ocr_line' id='line_1_29' title="bbox 456 2634 2045 2714; baseline 0.009 -27"><span class='ocrx_word' id='word_1_201' title='bbox 456 2634 792 2702; x_wconf 79' lang='grc' dir='ltr'><em>περιπάτει,</em></span> <span class='ocrx_word' id='word_1_202' title='bbox 830 2636 930 2690; x_wconf 82' lang='grc' dir='ltr'><strong>καί</strong></span> <span class='ocrx_word' id='word_1_203' title='bbox 974 2636 1125 2704; x_wconf 79' lang='grc' dir='ltr'><em>ἄρας</em></span> <span class='ocrx_word' id='word_1_204' title='bbox 1163 2637 1232 2692; x_wconf 84' lang='grc' dir='ltr'><em>τὸ</em></span> <span class='ocrx_word' id='word_1_205' title='bbox 1275 2638 1578 2693; x_wconf 69' lang='grc' dir='ltr'><em>κλινίδιόν</em></span> <span class='ocrx_word' id='word_1_206' title='bbox 1617 2655 1737 2697; x_wconf 88' lang='grc' dir='ltr'><strong>σου</strong></span> <span class='ocrx_word' id='word_1_207' title='bbox 1781 2647 2045 2714; x_wconf 75' lang='grc' dir='ltr'><strong>πορεύου</strong></span> 
     </span>
    </p>
   </div>
   <div class='ocr_carea' id='block_1_30' title="bbox 455 2723 2048 2803">
    <p class='ocr_par' dir='ltr' id='par_1_30' title="bbox 455 2723 2048 2803">
     <span class='ocr_line' id='line_1_30' title="bbox 455 2723 2048 2803; baseline 0.009 -24"><span class='ocrx_word' id='word_1_208' title='bbox 455 2728 546 2791; x_wconf 85' lang='grc' dir='ltr'><strong>εἰς</strong></span> <span class='ocrx_word' id='word_1_209' title='bbox 576 2726 683 2780; x_wconf 79' lang='grc' dir='ltr'><em>τὸν</em></span> <span class='ocrx_word' id='word_1_210' title='bbox 710 2723 881 2781; x_wconf 74' lang='grc' dir='ltr'><em>οἶκόν</em></span> <span class='ocrx_word' id='word_1_211' title='bbox 907 2742 1048 2784; x_wconf 91' lang='grc' dir='ltr'><em>σου.</em></span> <span class='ocrx_word' id='word_1_212' title='bbox 1080 2728 1146 2783; x_wconf 86' lang='grc' dir='ltr'><em>Εἰ</em></span> <span class='ocrx_word' id='word_1_213' title='bbox 1177 2729 1341 2799; x_wconf 79' lang='grc' dir='ltr'><em>μόνος</em></span> <span class='ocrx_word' id='word_1_214' title='bbox 1367 2731 1517 2801; x_wconf 79' lang='grc' dir='ltr'><em>ἡμᾶς</em></span> <span class='ocrx_word' id='word_1_215' title='bbox 1548 2733 1576 2786; x_wconf 83' lang='grc' dir='ltr'><strong>ὸ</strong></span> <span class='ocrx_word' id='word_1_216' title='bbox 1604 2732 1716 2789; x_wconf 85' lang='grc' dir='ltr'><em>τῶν</em></span> <span class='ocrx_word' id='word_1_217' title='bbox 1746 2735 1884 2791; x_wconf 81' lang='grc' dir='ltr'><em>ὅλων</em></span> <span class='ocrx_word' id='word_1_218' title='bbox 1914 2737 2048 2803; x_wconf 81' lang='grc' dir='ltr'><em>Θεὸς</em></span> 
     </span>
    </p>
   </div>
   <div class='ocr_carea' id='block_1_31' title="bbox 458 2817 2046 2895">
    <p class='ocr_par' dir='ltr' id='par_1_31' title="bbox 458 2817 2046 2895">
     <span class='ocr_line' id='line_1_31' title="bbox 458 2817 2046 2895; baseline 0.008 -25"><span class='ocrx_word' id='word_1_219' title='bbox 458 2817 793 2872; x_wconf 77' lang='grc' dir='ltr'><strong>ἀπαλλάττει</strong></span> <span class='ocrx_word' id='word_1_220' title='bbox 819 2818 1317 2891; x_wconf 80' lang='grc' dir='ltr'><em>πλημμελημάτων</em></span> <span class='ocrx_word' id='word_1_221' title='bbox 1337 2861 1352 2887; x_wconf 91' lang='grc'><strong>,</strong></span> <span class='ocrx_word' id='word_1_222' title='bbox 1382 2822 1555 2895; x_wconf 81' lang='grc' dir='ltr'><em>ἑτέρῳ</em></span> <span class='ocrx_word' id='word_1_223' title='bbox 1584 2825 1895 2894; x_wconf 73' lang='grc' dir='ltr'><strong>πρέποντος</strong></span> <span class='ocrx_word' id='word_1_224' title='bbox 1918 2831 2046 2883; x_wconf 81' lang='grc' dir='ltr'><em>τού-</em></span> 
     </span>
    </p>
   </div>
   <div class='ocr_carea' id='block_1_32' title="bbox 458 2910 2049 2992">
    <p class='ocr_par' dir='ltr' id='par_1_32' title="bbox 458 2910 2049 2992">
     <span class='ocr_line' id='line_1_32' title="bbox 458 2910 2049 2992; baseline 0.008 -30"><span class='ocrx_word' id='word_1_225' title='bbox 458 2926 555 2963; x_wconf 86' lang='grc' dir='ltr'><em>του</em></span> <span class='ocrx_word' id='word_1_226' title='bbox 604 2910 818 2981; x_wconf 75' lang='grc' dir='ltr'><em>μηδενὶ,</em></span> <span class='ocrx_word' id='word_1_227' title='bbox 865 2912 1154 2983; x_wconf 76' lang='grc' dir='ltr'><em>χαρίζεται</em></span> <span class='ocrx_word' id='word_1_228' title='bbox 1198 2914 1256 2967; x_wconf 80' lang='grc' dir='ltr'><strong>δὲ</strong></span> <span class='ocrx_word' id='word_1_229' title='bbox 1301 2919 1397 2969; x_wconf 62' lang='grc' dir='ltr'><strong>καὶ</strong></span> <span class='ocrx_word' id='word_1_230' title='bbox 1438 2916 1602 2970; x_wconf 90' lang='grc' dir='ltr'><em>τοῦτο</em></span> <span class='ocrx_word' id='word_1_231' title='bbox 1644 2919 1884 2989; x_wconf 80' lang='grc' dir='ltr'><em>Χριστὸς</em></span> <span class='ocrx_word' id='word_1_232' title='bbox 1928 2923 2049 2992; x_wconf 78' lang='grc' dir='ltr'><em>μετ’</em></span> 
     </span>
    </p>
   </div>
   <div class='ocr_carea' id='block_1_33' title="bbox 459 3002 2051 3087">
    <p class='ocr_par' dir='ltr' id='par_1_33' title="bbox 459 3002 2051 3087">
     <span class='ocr_line' id='line_1_33' title="bbox 459 3002 2051 3087; baseline 0.009 -33"><span class='ocrx_word' id='word_1_233' title='bbox 459 3002 711 3066; x_wconf 77' lang='grc' dir='ltr'><em>ἔξουσίας</em></span> <span class='ocrx_word' id='word_1_234' title='bbox 741 3003 1109 3075; x_wconf 79' lang='grc' dir='ltr'><em>θεοπρεποῦς,</em></span> <span class='ocrx_word' id='word_1_235' title='bbox 1142 3006 1263 3070; x_wconf 79' lang='grc' dir='ltr'><em>πῶς</em></span> <span class='ocrx_word' id='word_1_236' title='bbox 1291 3008 1392 3061; x_wconf 83' lang='grc' dir='ltr'><strong>οὐκ</strong></span> <span class='ocrx_word' id='word_1_237' title='bbox 1422 3007 1490 3063; x_wconf 76' lang='grc' dir='ltr'><em>ἂν</em></span> <span class='ocrx_word' id='word_1_238' title='bbox 1520 3009 1607 3080; x_wconf 77' lang='grc' dir='ltr'><em>εἰη</em></span> <span class='ocrx_word' id='word_1_239' title='bbox 1636 3008 1766 3077; x_wconf 82' lang='grc' dir='ltr'><em>Θεός</em></span> <span class='ocrx_word' id='word_1_240' title='bbox 1793 3030 1807 3078; x_wconf 88' lang='grc'><strong>;</strong></span> <span class='ocrx_word' id='word_1_241' title='bbox 1837 3013 2051 3087; x_wconf 78' lang='grc' dir='ltr'><strong>Κέκλη-</strong></span> 
     </span>
    </p>
   </div>
   <div class='ocr_carea' id='block_1_34' title="bbox 2162 517 3755 582">
    <p class='ocr_par' dir='ltr' id='par_1_34' title="bbox 2162 517 3755 582">
     <span class='ocr_line' id='line_1_34' title="bbox 2162 517 3755 582; baseline 0.002 -11"><span class='ocrx_word' id='word_1_242' title='bbox 2162 517 2354 582; x_wconf 78' lang='lat' dir='ltr'><strong>traxlt,</strong></span> <span class='ocrx_word' id='word_1_243' title='bbox 2441 526 2497 575; x_wconf 89' lang='lat' dir='ltr'><strong>et</strong></span> <span class='ocrx_word' id='word_1_244' title='bbox 2550 519 2603 574; x_wconf 91' lang='lat' dir='ltr'><strong>in</strong></span> <span class='ocrx_word' id='word_1_245' title='bbox 2640 518 2728 575; x_wconf 88' lang='lat' dir='ltr'><strong>die</strong></span> <span class='ocrx_word' id='word_1_246' title='bbox 2787 518 3041 575; x_wconf 86' lang='lat' dir='ltr'><strong>tenebras</strong></span> <span class='ocrx_word' id='word_1_247' title='bbox 3087 518 3295 575; x_wconf 73' lang='lat' dir='ltr'><strong>eliutlit.</strong></span> <span class='ocrx_word' id='word_1_248' title='bbox 3348 518 3519 576; x_wconf 82' lang='lat' dir='ltr'><strong>Terra</strong></span> <span class='ocrx_word' id='word_1_249' title='bbox 3579 533 3755 577; x_wconf 86' lang='lat' dir='ltr'><strong>autem</strong></span> 
     </span>
    </p>
   </div>
   <div class='ocr_carea' id='block_1_35' title="bbox 2159 609 3754 681">
    <p class='ocr_par' dir='ltr' id='par_1_35' title="bbox 2159 609 3754 681">
     <span class='ocr_line' id='line_1_35' title="bbox 2159 609 3754 681; baseline 0.001 -16"><span class='ocrx_word' id='word_1_250' title='bbox 2159 622 2318 665; x_wconf 86' lang='lat' dir='ltr'><strong>suum</strong></span> <span class='ocrx_word' id='word_1_251' title='bbox 2380 610 2550 681; x_wconf 81' lang='lat' dir='ltr'><strong>ipsius</strong></span> <span class='ocrx_word' id='word_1_252' title='bbox 2569 612 2858 667; x_wconf 88' lang='lat' dir='ltr'><strong>Dominum</strong></span> <span class='ocrx_word' id='word_1_253' title='bbox 2918 626 3150 667; x_wconf 82' lang='lat' dir='ltr'><strong>cernens</strong></span> <span class='ocrx_word' id='word_1_254' title='bbox 3177 626 3206 666; x_wconf 89' lang='lat' dir='ltr'><strong>a</strong></span> <span class='ocrx_word' id='word_1_255' title='bbox 3242 609 3444 668; x_wconf 69' lang='lat' dir='ltr'><strong>Judazis</strong></span> <span class='ocrx_word' id='word_1_256' title='bbox 3474 624 3754 678; x_wconf 79' lang='lat' dir='ltr'><strong>vexatum,</strong></span> 
     </span>
    </p>
   </div>
   <div class='ocr_carea' id='block_1_36' title="bbox 2159 702 3751 761">
    <p class='ocr_par' dir='ltr' id='par_1_36' title="bbox 2159 702 3751 761">
     <span class='ocr_line' id='line_1_36' title="bbox 2159 702 3751 761; baseline 0.001 -4"><span class='ocrx_word' id='word_1_257' title='bbox 2159 703 2330 760; x_wconf 86' lang='lat' dir='ltr'><strong>scissa</strong></span> <span class='ocrx_word' id='word_1_258' title='bbox 2363 714 2467 760; x_wconf 90' lang='lat' dir='ltr'><strong>est.</strong></span> <span class='ocrx_word' id='word_1_259' title='bbox 2524 702 2860 761; x_wconf 80' lang='lat' dir='ltr'><strong>Etinl‘ernus</strong></span> <span class='ocrx_word' id='word_1_260' title='bbox 2913 714 3226 761; x_wconf 87' lang='lat' dir='ltr'><strong>sanctorum</strong></span> <span class='ocrx_word' id='word_1_261' title='bbox 3263 704 3473 759; x_wconf 86' lang='lat' dir='ltr'><strong>animas</strong></span> <span class='ocrx_word' id='word_1_262' title='bbox 3548 706 3751 760; x_wconf 73' lang='lat' dir='ltr'><strong>emisit.</strong></span> 
     </span>
    </p>
   </div>
   <div class='ocr_carea' id='block_1_37' title="bbox 2159 794 3756 867">
    <p class='ocr_par' dir='ltr' id='par_1_37' title="bbox 2159 794 3756 867">
     <span class='ocr_line' id='line_1_37' title="bbox 2159 794 3756 867; baseline 0 -19"><span class='ocrx_word' id='word_1_263' title='bbox 2159 794 2409 862; x_wconf 85' lang='lat' dir='ltr'><strong>Quonam</strong></span> <span class='ocrx_word' id='word_1_264' title='bbox 2442 796 2559 851; x_wconf 66' lang='lat' dir='ltr'><strong>haec</strong></span> <span class='ocrx_word' id='word_1_265' title='bbox 2587 797 2927 867; x_wconf 81' lang='lat' dir='ltr'><strong>perﬁciente,</strong></span> <span class='ocrx_word' id='word_1_266' title='bbox 2956 795 3063 851; x_wconf 92' lang='lat' dir='ltr'><strong>nisi</strong></span> <span class='ocrx_word' id='word_1_267' title='bbox 3096 797 3207 853; x_wconf 85' lang='lat' dir='ltr'><strong>Deo</strong></span> <span class='ocrx_word' id='word_1_268' title='bbox 3236 796 3260 850; x_wconf 68' lang='grc' dir='ltr'><strong><em>ἲ</em></strong></span> <span class='ocrx_word' id='word_1_269' title='bbox 3291 794 3434 852; x_wconf 84' lang='lat' dir='ltr'><strong>Deus</strong></span> <span class='ocrx_word' id='word_1_270' title='bbox 3463 797 3606 851; x_wconf 84' lang='lat' dir='ltr'><strong>enim</strong></span> <span class='ocrx_word' id='word_1_271' title='bbox 3640 808 3756 851; x_wconf 80' lang='lat' dir='ltr'><strong>erat</strong></span> 
     </span>
    </p>
   </div>
   <div class='ocr_carea' id='block_1_38' title="bbox 2158 885 3736 957">
    <p class='ocr_par' dir='ltr' id='par_1_38' title="bbox 2158 885 3736 957">
     <span class='ocr_line' id='line_1_38' title="bbox 2158 885 3736 957; baseline -0.001 -17"><span class='ocrx_word' id='word_1_272' title='bbox 2158 885 2213 940; x_wconf 91' lang='lat' dir='ltr'><strong>in</strong></span> <span class='ocrx_word' id='word_1_273' title='bbox 2236 901 2401 943; x_wconf 90' lang='lat' dir='ltr'><strong>carne</strong></span> <span class='ocrx_word' id='word_1_274' title='bbox 2433 890 2562 957; x_wconf 89' lang='lat' dir='ltr'><strong>:qui</strong></span> <span class='ocrx_word' id='word_1_275' title='bbox 2597 903 2720 943; x_wconf 92' lang='lat' dir='ltr'><strong>cum</strong></span> <span class='ocrx_word' id='word_1_276' title='bbox 2749 888 3055 944; x_wconf 72' lang='lat' dir='ltr'><strong>abiceretur</strong></span> <span class='ocrx_word' id='word_1_277' title='bbox 3092 887 3446 957; x_wconf 75' lang='lat' dir='ltr'><strong>contumelia,</strong></span> <span class='ocrx_word' id='word_1_278' title='bbox 3472 903 3562 945; x_wconf 86' lang='lat' dir='ltr'><strong>res</strong></span> <span class='ocrx_word' id='word_1_279' title='bbox 3590 890 3736 943; x_wconf 81' lang='lat' dir='ltr'><strong>etiau</strong></span> 
     </span>
    </p>
   </div>
   <div class='ocr_carea' id='block_1_39' title="bbox 2158 980 3002 1050">
    <p class='ocr_par' dir='ltr' id='par_1_39' title="bbox 2158 980 3002 1050">
     <span class='ocr_line' id='line_1_39' title="bbox 2158 980 3002 1050; baseline 0.001 -17"><span class='ocrx_word' id='word_1_280' title='bbox 2158 989 2455 1050; x_wconf 58' lang='lat' dir='ltr'><strong>procreata!</strong></span> <span class='ocrx_word' id='word_1_281' title='bbox 2495 980 3002 1037; x_wconf 73' lang='lat' dir='ltr'><strong>commovebantur.</strong></span> 
     </span>
    </p>
   </div>
   <div class='ocr_carea' id='block_1_40' title="bbox 2228 1155 3750 1228">
    <p class='ocr_par' dir='ltr' id='par_1_40' title="bbox 2228 1155 3750 1228">
     <span class='ocr_line' id='line_1_40' title="bbox 2228 1155 3750 1228; baseline 0.001 -20"><span class='ocrx_word' id='word_1_282' title='bbox 2228 1155 2300 1209; x_wconf 84' lang='lat' dir='ltr'><strong>Et</strong></span> <span class='ocrx_word' id='word_1_283' title='bbox 2324 1164 2403 1221; x_wconf 77' lang='lat' dir='ltr'><strong>tu,</strong></span> <span class='ocrx_word' id='word_1_284' title='bbox 2432 1172 2585 1225; x_wconf 80' lang='lat' dir='ltr'><strong>puer,</strong></span> <span class='ocrx_word' id='word_1_285' title='bbox 2607 1159 2860 1227; x_wconf 77' lang='lat' dir='ltr'><strong>propheta</strong></span> <span class='ocrx_word' id='word_1_286' title='bbox 2883 1157 3147 1214; x_wconf 80' lang='lat' dir='ltr'><strong>Altissimi</strong></span> <span class='ocrx_word' id='word_1_287' title='bbox 3187 1157 3480 1225; x_wconf 75' lang='lat' dir='ltr'><strong>vocaberis,</strong></span> <span class='ocrx_word' id='word_1_288' title='bbox 3536 1158 3750 1228; x_wconf 69' lang='lat' dir='ltr'><strong>prwibie</strong></span> 
     </span>
    </p>
   </div>
   <div class='ocr_carea' id='block_1_41' title="bbox 2153 1249 3751 1318">
    <p class='ocr_par' dir='ltr' id='par_1_41' title="bbox 2153 1249 3751 1318">
     <span class='ocr_line' id='line_1_41' title="bbox 2153 1249 3751 1318; baseline -0.002 -15"><span class='ocrx_word' id='word_1_289' title='bbox 2153 1252 2290 1305; x_wconf 84' lang='lat' dir='ltr'><strong>enim</strong></span> <span class='ocrx_word' id='word_1_290' title='bbox 2320 1260 2440 1305; x_wconf 84' lang='lat' dir='ltr'><strong>ante</strong></span> <span class='ocrx_word' id='word_1_291' title='bbox 2457 1251 2645 1318; x_wconf 79' lang='lat' dir='ltr'><strong>faciem</strong></span> <span class='ocrx_word' id='word_1_292' title='bbox 2673 1250 2884 1305; x_wconf 83' lang='lat' dir='ltr'><strong>Domini</strong></span> <span class='ocrx_word' id='word_1_293' title='bbox 2906 1266 3097 1318; x_wconf 82' lang='lat' dir='ltr'><strong>parare</strong></span> <span class='ocrx_word' id='word_1_294' title='bbox 3112 1250 3221 1305; x_wconf 82' lang='lat' dir='ltr'><strong>vias</strong></span> <span class='ocrx_word' id='word_1_295' title='bbox 3250 1249 3385 1318; x_wconf 82' lang='lat' dir='ltr'><strong>ejus,</strong></span> <span class='ocrx_word' id='word_1_296' title='bbox 3419 1251 3489 1304; x_wconf 79' lang='lat' dir='ltr'><strong>ad</strong></span> <span class='ocrx_word' id='word_1_297' title='bbox 3516 1250 3751 1303; x_wconf 79' lang='lat' dir='ltr'><strong>dandam</strong></span> 
     </span>
    </p>
   </div>
   <div class='ocr_carea' id='block_1_42' title="bbox 2153 1338 3732 1410">
    <p class='ocr_par' dir='ltr' id='par_1_42' title="bbox 2153 1338 3732 1410">
     <span class='ocr_line' id='line_1_42' title="bbox 2153 1338 3732 1410; baseline 0 -19"><span class='ocrx_word' id='word_1_298' title='bbox 2153 1339 2425 1393; x_wconf 71' lang='lat' dir='ltr'><strong>scientiam</strong></span> <span class='ocrx_word' id='word_1_299' title='bbox 2460 1340 2651 1395; x_wconf 83' lang='lat' dir='ltr'><strong>salutis</strong></span> <span class='ocrx_word' id='word_1_300' title='bbox 2680 1338 2873 1410; x_wconf 81' lang='lat' dir='ltr'><strong>populo</strong></span> <span class='ocrx_word' id='word_1_301' title='bbox 2908 1340 3025 1410; x_wconf 83' lang='lat' dir='ltr'><strong>ejus</strong></span> <span class='ocrx_word' id='word_1_302' title='bbox 3080 1341 3136 1394; x_wconf 85' lang='lat' dir='ltr'><strong>in</strong></span> <span class='ocrx_word' id='word_1_303' title='bbox 3157 1341 3519 1395; x_wconf 66' lang='lat' dir='ltr'><strong>remissionem</strong></span> <span class='ocrx_word' id='word_1_304' title='bbox 3565 1357 3732 1410; x_wconf 82' lang='lat' dir='ltr'><strong>pecca-</strong></span> 
     </span>
    </p>
   </div>
   <div class='ocr_carea' id='block_1_43' title="bbox 2155 1430 3750 1502">
    <p class='ocr_par' dir='ltr' id='par_1_43' title="bbox 2155 1430 3750 1502">
     <span class='ocr_line' id='line_1_43' title="bbox 2155 1430 3750 1502; baseline -0.001 -17"><span class='ocrx_word' id='word_1_305' title='bbox 2155 1441 2334 1485; x_wconf 79' lang='lat' dir='ltr'><strong>torum</strong></span> <span class='ocrx_word' id='word_1_306' title='bbox 2398 1432 2636 1502; x_wconf 76' lang='lat' dir='ltr'><strong>ipsorum</strong></span> <span class='ocrx_word' id='word_1_307' title='bbox 2683 1433 2724 1485; x_wconf 85' lang='grc'><strong>¹.</strong></span> <span class='ocrx_word' id='word_1_308' title='bbox 2771 1430 2992 1486; x_wconf 66' lang='lat' dir='ltr'><strong>Praeivit</strong></span> <span class='ocrx_word' id='word_1_309' title='bbox 3035 1431 3182 1486; x_wconf 84' lang='lat' dir='ltr'><strong>enim</strong></span> <span class='ocrx_word' id='word_1_310' title='bbox 3233 1431 3480 1496; x_wconf 80' lang='lat' dir='ltr'><strong>Christo,</strong></span> <span class='ocrx_word' id='word_1_311' title='bbox 3507 1441 3561 1486; x_wconf 90' lang='lat' dir='ltr'><strong>et</strong></span> <span class='ocrx_word' id='word_1_312' title='bbox 3625 1434 3750 1499; x_wconf 59' lang='lat' dir='ltr'><strong>eius</strong></span> 
     </span>
    </p>
   </div>
   <div class='ocr_carea' id='block_1_44' title="bbox 2152 1522 3751 1595">
    <p class='ocr_par' dir='ltr' id='par_1_44' title="bbox 2152 1522 3751 1595">
     <span class='ocr_line' id='line_1_44' title="bbox 2152 1522 3751 1595; baseline 0.001 -17"><span class='ocrx_word' id='word_1_313' title='bbox 2152 1537 2454 1593; x_wconf 63' lang='lat' dir='ltr'><strong>prmcursor</strong></span> <span class='ocrx_word' id='word_1_314' title='bbox 2474 1525 2651 1578; x_wconf 81' lang='lat' dir='ltr'><strong>iactus</strong></span> <span class='ocrx_word' id='word_1_315' title='bbox 2666 1522 2847 1580; x_wconf 87' lang='lat' dir='ltr'><strong>est.Et</strong></span> <span class='ocrx_word' id='word_1_316' title='bbox 2863 1524 3055 1588; x_wconf 81' lang='lat' dir='ltr'><strong>edixit,</strong></span> <span class='ocrx_word' id='word_1_317' title='bbox 3076 1535 3130 1577; x_wconf 93' lang='lat' dir='ltr'><strong>ut</strong></span> <span class='ocrx_word' id='word_1_318' title='bbox 3148 1533 3476 1595; x_wconf 76' lang='lat' dir='ltr'><strong>pararentur</strong></span> <span class='ocrx_word' id='word_1_319' title='bbox 3491 1525 3587 1579; x_wconf 78' lang='lat' dir='ltr'><strong>viae</strong></span> <span class='ocrx_word' id='word_1_320' title='bbox 3612 1526 3751 1594; x_wconf 73' lang='lat' dir='ltr'><strong>ejus.</strong></span> 
     </span>
    </p>
   </div>
   <div class='ocr_carea' id='block_1_45' title="bbox 2152 1616 3753 1686">
    <p class='ocr_par' dir='ltr' id='par_1_45' title="bbox 2152 1616 3753 1686">
     <span class='ocr_line' id='line_1_45' title="bbox 2152 1616 3753 1686; baseline 0.002 -15"><span class='ocrx_word' id='word_1_321' title='bbox 2152 1616 2220 1671; x_wconf 87' lang='lat' dir='ltr'><strong>Et</strong></span> <span class='ocrx_word' id='word_1_322' title='bbox 2267 1618 2492 1673; x_wconf 78' lang='lat' dir='ltr'><strong>verbum</strong></span> <span class='ocrx_word' id='word_1_323' title='bbox 2575 1616 2647 1671; x_wconf 80' lang='lat' dir='ltr'><strong>de</strong></span> <span class='ocrx_word' id='word_1_324' title='bbox 2687 1617 2831 1686; x_wconf 86' lang='lat' dir='ltr'><strong>ipso-</strong></span> <span class='ocrx_word' id='word_1_325' title='bbox 2890 1617 3221 1671; x_wconf 70' lang='lat' dir='ltr'><strong>vaticinatus</strong></span> <span class='ocrx_word' id='word_1_326' title='bbox 3261 1627 3366 1683; x_wconf 88' lang='lat' dir='ltr'><strong>est,</strong></span> <span class='ocrx_word' id='word_1_327' title='bbox 3425 1628 3753 1674; x_wconf 79' lang='lat' dir='ltr'><strong>convertens</strong></span> 
     </span>
    </p>
   </div>
   <div class='ocr_carea' id='block_1_46' title="bbox 2155 1708 3754 1782">
    <p class='ocr_par' dir='ltr' id='par_1_46' title="bbox 2155 1708 3754 1782">
     <span class='ocr_line' id='line_1_46' title="bbox 2155 1708 3754 1782; baseline 0.002 -20"><span class='ocrx_word' id='word_1_328' title='bbox 2155 1726 2416 1782; x_wconf 61' lang='lat' dir='ltr'><strong>umquam</strong></span> <span class='ocrx_word' id='word_1_329' title='bbox 2463 1713 2529 1765; x_wconf 86' lang='lat' dir='ltr'><strong>ad</strong></span> <span class='ocrx_word' id='word_1_330' title='bbox 2570 1712 2760 1777; x_wconf 87' lang='lat' dir='ltr'><strong>Deum,</strong></span> <span class='ocrx_word' id='word_1_331' title='bbox 2827 1711 2919 1782; x_wconf 90' lang='lat' dir='ltr'><strong>qui</strong></span> <span class='ocrx_word' id='word_1_332' title='bbox 2963 1708 3372 1779; x_wconf 73' lang='lat' dir='ltr'><strong>potest‘:justos</strong></span> <span class='ocrx_word' id='word_1_333' title='bbox 3420 1708 3634 1764; x_wconf 78' lang='lat' dir='ltr'><strong>eﬂicere</strong></span> <span class='ocrx_word' id='word_1_334' title='bbox 3657 1726 3754 1765; x_wconf 87' lang='lat' dir='ltr'><strong>eos</strong></span> 
     </span>
    </p>
   </div>
   <div class='ocr_carea' id='block_1_47' title="bbox 2153 1801 3752 1872">
    <p class='ocr_par' dir='ltr' id='par_1_47' title="bbox 2153 1801 3752 1872">
     <span class='ocr_line' id='line_1_47' title="bbox 2153 1801 3752 1872; baseline -0.002 -15"><span class='ocrx_word' id='word_1_335' title='bbox 2153 1804 2312 1872; x_wconf 89' lang='lat' dir='ltr'><strong>quiin</strong></span> <span class='ocrx_word' id='word_1_336' title='bbox 2334 1802 2574 1872; x_wconf 86' lang='lat' dir='ltr'><strong>peccatis</strong></span> <span class='ocrx_word' id='word_1_337' title='bbox 2616 1803 2999 1858; x_wconf 72' lang='lat' dir='ltr'><strong>versabantur.</strong></span> <span class='ocrx_word' id='word_1_338' title='bbox 3046 1801 3330 1868; x_wconf 79' lang='lat' dir='ltr'><strong>Quomodo</strong></span> <span class='ocrx_word' id='word_1_339' title='bbox 3378 1802 3543 1872; x_wconf 78' lang='lat' dir='ltr'><strong>igitur</strong></span> <span class='ocrx_word' id='word_1_340' title='bbox 3593 1802 3752 1857; x_wconf 71' lang='lat' dir='ltr'><strong>Chri-</strong></span> 
     </span>
    </p>
   </div>
   <div class='ocr_carea' id='block_1_48' title="bbox 2152 1887 2760 1953">
    <p class='ocr_par' dir='ltr' id='par_1_48' title="bbox 2152 1887 2760 1953">
     <span class='ocr_line' id='line_1_48' title="bbox 2152 1887 2760 1953; baseline -0.005 -1"><span class='ocrx_word' id='word_1_341' title='bbox 2152 1906 2270 1953; x_wconf 80' lang='lat' dir='ltr'><strong>stus</strong></span> <span class='ocrx_word' id='word_1_342' title='bbox 2300 1887 2407 1950; x_wconf 79' lang='lat' dir='ltr'><strong>non</strong></span> <span class='ocrx_word' id='word_1_343' title='bbox 2463 1903 2548 1951; x_wconf 56' lang='lat' dir='ltr'><strong>est</strong></span> <span class='ocrx_word' id='word_1_344' title='bbox 2573 1895 2760 1950; x_wconf 81' lang='lat' dir='ltr'><strong>Deus?</strong></span> 
     </span>
    </p>
   </div>
   <div class='ocr_carea' id='block_1_49' title="bbox 2219 1988 3750 2060">
    <p class='ocr_par' dir='ltr' id='par_1_49' title="bbox 2219 1988 3750 2060">
     <span class='ocr_line' id='line_1_49' title="bbox 2219 1988 3750 2060; baseline -0.001 -17"><span class='ocrx_word' id='word_1_345' title='bbox 2219 1988 2548 2059; x_wconf 82' lang='lat' dir='ltr'><strong>Cognoscens</strong></span> <span class='ocrx_word' id='word_1_346' title='bbox 2606 1997 2781 2043; x_wconf 84' lang='lat' dir='ltr'><strong>autem</strong></span> <span class='ocrx_word' id='word_1_347' title='bbox 2811 1988 2968 2042; x_wconf 64' lang='lat' dir='ltr'><strong>Iesus</strong></span> <span class='ocrx_word' id='word_1_348' title='bbox 3023 1989 3369 2060; x_wconf 81' lang='lat' dir='ltr'><strong>cogitationes</strong></span> <span class='ocrx_word' id='word_1_349' title='bbox 3399 2003 3607 2052; x_wconf 82' lang='lat' dir='ltr'><strong>eorum,</strong></span> <span class='ocrx_word' id='word_1_350' title='bbox 3667 2002 3750 2042; x_wconf 87' lang='lat' dir='ltr'><strong>re-</strong></span> 
     </span>
    </p>
   </div>
   <div class='ocr_carea' id='block_1_50' title="bbox 2150 2083 3747 2154">
    <p class='ocr_par' dir='ltr' id='par_1_50' title="bbox 2150 2083 3747 2154">
     <span class='ocr_line' id='line_1_50' title="bbox 2150 2083 3747 2154; baseline -0.001 -16"><span class='ocrx_word' id='word_1_351' title='bbox 2150 2084 2361 2151; x_wconf 84' lang='lat' dir='ltr'><strong>spondit</strong></span> <span class='ocrx_word' id='word_1_352' title='bbox 2393 2084 2572 2139; x_wconf 81' lang='lat' dir='ltr'><strong>dicens</strong></span> <span class='ocrx_word' id='word_1_353' title='bbox 2596 2083 2665 2137; x_wconf 83' lang='lat' dir='ltr'><strong>at!</strong></span> <span class='ocrx_word' id='word_1_354' title='bbox 2691 2098 2816 2138; x_wconf 82' lang='lat' dir='ltr'><strong>eos:</strong></span> <span class='ocrx_word' id='word_1_355' title='bbox 2847 2083 2989 2149; x_wconf 83' lang='lat' dir='ltr'><strong>Quid</strong></span> <span class='ocrx_word' id='word_1_356' title='bbox 3037 2094 3113 2139; x_wconf 81' lang='lat' dir='ltr'><strong>est</strong></span> <span class='ocrx_word' id='word_1_357' title='bbox 3135 2085 3345 2154; x_wconf 77' lang='lat' dir='ltr'><strong>facilius</strong></span> <span class='ocrx_word' id='word_1_358' title='bbox 3408 2084 3601 2152; x_wconf 80' lang='lat' dir='ltr'><strong>dicere,</strong></span> <span class='ocrx_word' id='word_1_359' title='bbox 3650 2084 3747 2138; x_wconf 86' lang='lat' dir='ltr'><strong>Di-</strong></span> 
     </span>
    </p>
   </div>
   <div class='ocr_carea' id='block_1_51' title="bbox 2149 2174 3744 2245">
    <p class='ocr_par' dir='ltr' id='par_1_51' title="bbox 2149 2174 3744 2245">
     <span class='ocr_line' id='line_1_51' title="bbox 2149 2174 3744 2245; baseline 0.001 -18"><span class='ocrx_word' id='word_1_360' title='bbox 2149 2175 2433 2228; x_wconf 82' lang='lat' dir='ltr'><strong>mittuntur</strong></span> <span class='ocrx_word' id='word_1_361' title='bbox 2463 2174 2557 2227; x_wconf 87' lang='lat' dir='ltr'><strong>tibi</strong></span> <span class='ocrx_word' id='word_1_362' title='bbox 2590 2184 2805 2243; x_wconf 77' lang='lat' dir='ltr'><strong>peccata</strong></span> <span class='ocrx_word' id='word_1_363' title='bbox 2838 2184 2951 2238; x_wconf 82' lang='lat' dir='ltr'><strong>tua,</strong></span> <span class='ocrx_word' id='word_1_364' title='bbox 2978 2191 3047 2228; x_wconf 86' lang='lat' dir='ltr'><strong>an</strong></span> <span class='ocrx_word' id='word_1_365' title='bbox 3091 2175 3286 2239; x_wconf 86' lang='lat' dir='ltr'><strong>dicere,</strong></span> <span class='ocrx_word' id='word_1_366' title='bbox 3314 2175 3505 2245; x_wconf 84' lang='lat' dir='ltr'><strong>Surge,</strong></span> <span class='ocrx_word' id='word_1_367' title='bbox 3541 2184 3590 2230; x_wconf 89' lang='lat' dir='ltr'><strong>et</strong></span> <span class='ocrx_word' id='word_1_368' title='bbox 3622 2192 3744 2229; x_wconf 84' lang='lat' dir='ltr'><strong>um-</strong></span> 
     </span>
    </p>
   </div>
   <div class='ocr_carea' id='block_1_52' title="bbox 2150 2264 3749 2336">
    <p class='ocr_par' dir='ltr' id='par_1_52' title="bbox 2150 2264 3749 2336">
     <span class='ocr_line' id='line_1_52' title="bbox 2150 2264 3749 2336; baseline 0.001 -16"><span class='ocrx_word' id='word_1_369' title='bbox 2150 2266 2317 2322; x_wconf 77' lang='lat' dir='ltr'><strong>bula?</strong></span> <span class='ocrx_word' id='word_1_370' title='bbox 2350 2265 2416 2320; x_wconf 89' lang='lat' dir='ltr'><strong>Ut</strong></span> <span class='ocrx_word' id='word_1_371' title='bbox 2439 2275 2615 2321; x_wconf 86' lang='lat' dir='ltr'><strong>autem</strong></span> <span class='ocrx_word' id='word_1_372' title='bbox 2646 2269 2855 2329; x_wconf 85' lang='lat' dir='ltr'><strong>sciat&#39;s,</strong></span> <span class='ocrx_word' id='word_1_373' title='bbox 2907 2264 3112 2321; x_wconf 84' lang='lat' dir='ltr'><strong>Filium</strong></span> <span class='ocrx_word' id='word_1_374' title='bbox 3166 2268 3396 2321; x_wconf 85' lang='lat' dir='ltr'><strong>hominis</strong></span> <span class='ocrx_word' id='word_1_375' title='bbox 3432 2266 3622 2322; x_wconf 86' lang='lat' dir='ltr'><strong>habere</strong></span> <span class='ocrx_word' id='word_1_376' title='bbox 3650 2284 3749 2336; x_wconf 83' lang='lat' dir='ltr'><strong>po-</strong></span> 
     </span>
    </p>
   </div>
   <div class='ocr_carea' id='block_1_53' title="bbox 2149 2359 3751 2430">
    <p class='ocr_par' dir='ltr' id='par_1_53' title="bbox 2149 2359 3751 2430">
     <span class='ocr_line' id='line_1_53' title="bbox 2149 2359 3751 2430; baseline 0.001 -20"><span class='ocrx_word' id='word_1_377' title='bbox 2149 2365 2387 2412; x_wconf 88' lang='lat' dir='ltr'><strong>testatem</strong></span> <span class='ocrx_word' id='word_1_378' title='bbox 2427 2359 2483 2412; x_wconf 87' lang='lat' dir='ltr'><strong>in</strong></span> <span class='ocrx_word' id='word_1_379' title='bbox 2526 2367 2669 2411; x_wconf 86' lang='lat' dir='ltr'><strong>terra</strong></span> <span class='ocrx_word' id='word_1_380' title='bbox 2715 2359 3019 2412; x_wconf 81' lang='lat' dir='ltr'><strong>dimittendi</strong></span> <span class='ocrx_word' id='word_1_381' title='bbox 3088 2368 3331 2428; x_wconf 86' lang='lat' dir='ltr'><strong>peccata,</strong></span> <span class='ocrx_word' id='word_1_382' title='bbox 3376 2359 3751 2430; x_wconf 74' lang='lat' dir='ltr'><strong>dixitparaly-</strong></span> 
     </span>
    </p>
   </div>
   <div class='ocr_carea' id='block_1_54' title="bbox 2149 2448 3750 2523">
    <p class='ocr_par' dir='ltr' id='par_1_54' title="bbox 2149 2448 3750 2523">
     <span class='ocr_line' id='line_1_54' title="bbox 2149 2448 3750 2523; baseline 0 -18"><span class='ocrx_word' id='word_1_383' title='bbox 2149 2450 2253 2505; x_wconf 89' lang='lat' dir='ltr'><strong>tico</strong></span> <span class='ocrx_word' id='word_1_384' title='bbox 2286 2466 2306 2504; x_wconf 90' lang='lat'><strong><em>:</em></strong></span> <span class='ocrx_word' id='word_1_385' title='bbox 2339 2448 2456 2504; x_wconf 82' lang='lat' dir='ltr'><strong>Tibi</strong></span> <span class='ocrx_word' id='word_1_386' title='bbox 2489 2450 2634 2517; x_wconf 84' lang='lat' dir='ltr'><strong>dico,</strong></span> <span class='ocrx_word' id='word_1_387' title='bbox 2662 2466 2837 2521; x_wconf 82' lang='lat' dir='ltr'><strong>surge,</strong></span> <span class='ocrx_word' id='word_1_388' title='bbox 2873 2462 2924 2504; x_wconf 86' lang='lat' dir='ltr'><strong>et</strong></span> <span class='ocrx_word' id='word_1_389' title='bbox 2949 2453 3186 2519; x_wconf 87' lang='lat' dir='ltr'><strong>ambula,</strong></span> <span class='ocrx_word' id='word_1_390' title='bbox 3215 2461 3265 2507; x_wconf 86' lang='lat' dir='ltr'><strong>et</strong></span> <span class='ocrx_word' id='word_1_391' title='bbox 3289 2452 3510 2523; x_wconf 80' lang='lat' dir='ltr'><strong>grabato</strong></span> <span class='ocrx_word' id='word_1_392' title='bbox 3544 2453 3750 2505; x_wconf 77' lang='lat' dir='ltr'><strong>sublato</strong></span> 
     </span>
    </p>
   </div>
   <div class='ocr_carea' id='block_1_55' title="bbox 2150 2543 3747 2601">
    <p class='ocr_par' dir='ltr' id='par_1_55' title="bbox 2150 2543 3747 2601">
     <span class='ocr_line' id='line_1_55' title="bbox 2150 2543 3747 2601; baseline -0.003 -1"><span class='ocrx_word' id='word_1_393' title='bbox 2150 2544 2281 2600; x_wconf 77' lang='lat' dir='ltr'><strong>vade</strong></span> <span class='ocrx_word' id='word_1_394' title='bbox 2302 2545 2357 2599; x_wconf 88' lang='lat' dir='ltr'><strong>in</strong></span> <span class='ocrx_word' id='word_1_395' title='bbox 2384 2544 2600 2598; x_wconf 82' lang='lat' dir='ltr'><strong>domum</strong></span> <span class='ocrx_word' id='word_1_396' title='bbox 2644 2552 2789 2598; x_wconf 78' lang='lat' dir='ltr'><strong>tuam</strong></span> <span class='ocrx_word' id='word_1_397' title='bbox 2822 2547 2866 2599; x_wconf 80' lang='grc'><strong>⁸.</strong></span> <span class='ocrx_word' id='word_1_398' title='bbox 2892 2543 2950 2599; x_wconf 91' lang='lat' dir='ltr'><strong>Si</strong></span> <span class='ocrx_word' id='word_1_399' title='bbox 2978 2545 3126 2600; x_wconf 83' lang='lat' dir='ltr'><strong>solus</strong></span> <span class='ocrx_word' id='word_1_400' title='bbox 3144 2560 3243 2601; x_wconf 89' lang='lat' dir='ltr'><strong>nos</strong></span> <span class='ocrx_word' id='word_1_401' title='bbox 3294 2558 3476 2599; x_wconf 88' lang='lat' dir='ltr'><strong>rerum</strong></span> <span class='ocrx_word' id='word_1_402' title='bbox 3504 2543 3747 2599; x_wconf 89' lang='lat' dir='ltr'><strong>omnium</strong></span> 
     </span>
    </p>
   </div>
   <div class='ocr_carea' id='block_1_56' title="bbox 2149 2638 3749 2711">
    <p class='ocr_par' dir='ltr' id='par_1_56' title="bbox 2149 2638 3749 2711">
     <span class='ocr_line' id='line_1_56' title="bbox 2149 2638 3749 2711; baseline -0.002 -15"><span class='ocrx_word' id='word_1_403' title='bbox 2149 2641 2293 2697; x_wconf 88' lang='lat' dir='ltr'><strong>Dens</strong></span> <span class='ocrx_word' id='word_1_404' title='bbox 2322 2640 2518 2696; x_wconf 86' lang='lat' dir='ltr'><strong>liberat</strong></span> <span class='ocrx_word' id='word_1_405' title='bbox 2552 2654 2581 2694; x_wconf 83' lang='lat' dir='ltr'><strong>a</strong></span> <span class='ocrx_word' id='word_1_406' title='bbox 2610 2639 2876 2711; x_wconf 84' lang='lat' dir='ltr'><strong>peccatis,</strong></span> <span class='ocrx_word' id='word_1_407' title='bbox 2903 2641 3044 2710; x_wconf 87' lang='lat' dir='ltr'><strong>quod</strong></span> <span class='ocrx_word' id='word_1_408' title='bbox 3068 2640 3159 2694; x_wconf 87' lang='lat' dir='ltr'><strong>alii</strong></span> <span class='ocrx_word' id='word_1_409' title='bbox 3188 2649 3385 2710; x_wconf 68' lang='lat' dir='ltr'><strong>praeter</strong></span> <span class='ocrx_word' id='word_1_410' title='bbox 3405 2638 3583 2708; x_wconf 87' lang='lat' dir='ltr'><strong>ipsum</strong></span> <span class='ocrx_word' id='word_1_411' title='bbox 3613 2652 3749 2693; x_wconf 86' lang='lat' dir='ltr'><strong>con-</strong></span> 
     </span>
    </p>
   </div>
   <div class='ocr_carea' id='block_1_57' title="bbox 2149 2730 3748 2803">
    <p class='ocr_par' dir='ltr' id='par_1_57' title="bbox 2149 2730 3748 2803">
     <span class='ocr_line' id='line_1_57' title="bbox 2149 2730 3748 2803; baseline -0.003 -16"><span class='ocrx_word' id='word_1_412' title='bbox 2149 2732 2294 2803; x_wconf 69' lang='lat' dir='ltr'><strong>gruit</strong></span> <span class='ocrx_word' id='word_1_413' title='bbox 2316 2730 2546 2799; x_wconf 84' lang='lat' dir='ltr'><strong>nemini,</strong></span> <span class='ocrx_word' id='word_1_414' title='bbox 2577 2732 2684 2789; x_wconf 88' lang='lat' dir='ltr'><strong>hoc</strong></span> <span class='ocrx_word' id='word_1_415' title='bbox 2727 2741 2913 2787; x_wconf 85' lang='lat' dir='ltr'><strong>autem</strong></span> <span class='ocrx_word' id='word_1_416' title='bbox 2931 2731 3193 2802; x_wconf 8' lang='lat' dir='ltr'><strong>elargituqr</strong></span> <span class='ocrx_word' id='word_1_417' title='bbox 3223 2731 3472 2785; x_wconf 78' lang='lat' dir='ltr'><strong>Christus</strong></span> <span class='ocrx_word' id='word_1_418' title='bbox 3502 2744 3626 2785; x_wconf 88' lang='lat' dir='ltr'><strong>cum</strong></span> <span class='ocrx_word' id='word_1_419' title='bbox 3646 2744 3748 2783; x_wconf 85' lang='lat' dir='ltr'><strong>au-</strong></span> 
     </span>
    </p>
   </div>
   <div class='ocr_carea' id='block_1_58' title="bbox 2148 2822 3745 2896">
    <p class='ocr_par' dir='ltr' id='par_1_58' title="bbox 2148 2822 3745 2896">
     <span class='ocr_line' id='line_1_58' title="bbox 2148 2822 3745 2896; baseline -0.003 -15"><span class='ocrx_word' id='word_1_420' title='bbox 2148 2826 2406 2881; x_wconf 90' lang='lat' dir='ltr'><strong>ctoritate</strong></span> <span class='ocrx_word' id='word_1_421' title='bbox 2429 2824 2538 2879; x_wconf 89' lang='lat' dir='ltr'><strong>Deo</strong></span> <span class='ocrx_word' id='word_1_422' title='bbox 2554 2832 2909 2896; x_wconf 77' lang='lat' dir='ltr'><strong>congruente,</strong></span> <span class='ocrx_word' id='word_1_423' title='bbox 2929 2825 3021 2893; x_wconf 83' lang='lat' dir='ltr'><strong>qui</strong></span> <span class='ocrx_word' id='word_1_424' title='bbox 3039 2824 3154 2879; x_wconf 81' lang='lat' dir='ltr'><strong>ﬁeri</strong></span> <span class='ocrx_word' id='word_1_425' title='bbox 3178 2833 3377 2895; x_wconf 81' lang='lat' dir='ltr'><strong>potest,</strong></span> <span class='ocrx_word' id='word_1_426' title='bbox 3399 2830 3457 2877; x_wconf 92' lang='lat' dir='ltr'><strong>ut</strong></span> <span class='ocrx_word' id='word_1_427' title='bbox 3480 2822 3623 2877; x_wconf 79' lang='lat' dir='ltr'><strong>Deus</strong></span> <span class='ocrx_word' id='word_1_428' title='bbox 3638 2836 3745 2877; x_wconf 91' lang='lat' dir='ltr'><strong>non</strong></span> 
     </span>
    </p>
   </div>
   <div class='ocr_carea' id='block_1_59' title="bbox 2149 2915 3752 2989">
    <p class='ocr_par' dir='ltr' id='par_1_59' title="bbox 2149 2915 3752 2989">
     <span class='ocr_line' id='line_1_59' title="bbox 2149 2915 3752 2989; baseline -0.002 -15"><span class='ocrx_word' id='word_1_429' title='bbox 2149 2919 2221 2974; x_wconf 85' lang='lat' dir='ltr'><strong>sit</strong></span> <span class='ocrx_word' id='word_1_430' title='bbox 2249 2917 2275 2972; x_wconf 75' lang='grc'><strong><em>2</em></strong></span> <span class='ocrx_word' id='word_1_431' title='bbox 2334 2916 2574 2973; x_wconf 76' lang='lat' dir='ltr'><strong>Vocatus</strong></span> <span class='ocrx_word' id='word_1_432' title='bbox 2595 2926 2681 2974; x_wconf 82' lang='lat' dir='ltr'><strong>est</strong></span> <span class='ocrx_word' id='word_1_433' title='bbox 2724 2925 2906 2972; x_wconf 88' lang='lat' dir='ltr'><strong>autem</strong></span> <span class='ocrx_word' id='word_1_434' title='bbox 2928 2915 3099 2973; x_wconf 80' lang='lat' dir='ltr'><strong>Filius</strong></span> <span class='ocrx_word' id='word_1_435' title='bbox 3132 2916 3394 2981; x_wconf 84' lang='lat' dir='ltr'><strong>hominis,</strong></span> <span class='ocrx_word' id='word_1_436' title='bbox 3421 2917 3549 2987; x_wconf 90' lang='lat' dir='ltr'><strong>quia</strong></span> <span class='ocrx_word' id='word_1_437' title='bbox 3573 2932 3752 2989; x_wconf 85' lang='lat' dir='ltr'><strong>quau-</strong></span> 
     </span>
    </p>
   </div>
   <div class='ocr_carea' id='block_1_60' title="bbox 2152 3007 3747 3078">
    <p class='ocr_par' dir='ltr' id='par_1_60' title="bbox 2152 3007 3747 3078">
     <span class='ocr_line' id='line_1_60' title="bbox 2152 3007 3747 3078; baseline 0.001 -16"><span class='ocrx_word' id='word_1_438' title='bbox 2152 3018 2264 3063; x_wconf 82' lang='lat' dir='ltr'><strong>tum</strong></span> <span class='ocrx_word' id='word_1_439' title='bbox 2284 3009 2350 3064; x_wconf 80' lang='lat' dir='ltr'><strong>ad</strong></span> <span class='ocrx_word' id='word_1_440' title='bbox 2370 3022 2588 3065; x_wconf 80' lang='lat' dir='ltr'><strong>carnem</strong></span> <span class='ocrx_word' id='word_1_441' title='bbox 2609 3007 2825 3075; x_wconf 82' lang='lat' dir='ltr'><strong>attinet,</strong></span> <span class='ocrx_word' id='word_1_442' title='bbox 2841 3017 3023 3065; x_wconf 86' lang='lat' dir='ltr'><strong>natum</strong></span> <span class='ocrx_word' id='word_1_443' title='bbox 3042 3018 3213 3067; x_wconf 79' lang='lat' dir='ltr'><strong>estex</strong></span> <span class='ocrx_word' id='word_1_444' title='bbox 3233 3010 3463 3067; x_wconf 84' lang='lat' dir='ltr'><strong>muliere</strong></span> <span class='ocrx_word' id='word_1_445' title='bbox 3485 3010 3747 3078; x_wconf 85' lang='lat' dir='ltr'><strong>Verbum,</strong></span> 
     </span>
    </p>
   </div>
   <div class='ocr_carea' id='block_1_61' title="bbox 420 3095 2618 3170">
    <p class='ocr_par' dir='ltr' id='par_1_61' title="bbox 420 3095 2618 3170">
     <span class='ocr_line' id='line_1_61' title="bbox 420 3095 2618 3170; baseline 0.009 -22"><span class='ocrx_word' id='word_1_446' title='bbox 420 3128 425 3131; x_wconf 53' lang='grc' dir='ltr'><strong>λ</strong></span> <span class='ocrx_word' id='word_1_447' title='bbox 458 3111 549 3149; x_wconf 85' lang='grc' dir='ltr'><strong>ται</strong></span> <span class='ocrx_word' id='word_1_448' title='bbox 586 3095 645 3149; x_wconf 85' lang='grc' dir='ltr'><strong>δὲ</strong></span> <span class='ocrx_word' id='word_1_449' title='bbox 686 3096 816 3161; x_wconf 87' lang='grc' dir='ltr'><em>Υἰὸς</em></span> <span class='ocrx_word' id='word_1_450' title='bbox 848 3096 1143 3167; x_wconf 82' lang='grc' dir='ltr'><em>ἀνθρώπου</em></span> <span class='ocrx_word' id='word_1_451' title='bbox 1179 3098 1467 3169; x_wconf 77' lang='grc' dir='ltr'><em>γεννηθεὶς</em></span> <span class='ocrx_word' id='word_1_452' title='bbox 1500 3102 1566 3155; x_wconf 77' lang='grc' dir='ltr'><strong>ὲκ</strong></span> <span class='ocrx_word' id='word_1_453' title='bbox 1600 3104 1863 3170; x_wconf 81' lang='grc' dir='ltr'><em>γυναικὸς</em></span> <span class='ocrx_word' id='word_1_454' title='bbox 1902 3109 2047 3164; x_wconf 78' lang='grc' dir='ltr'><em>κατὰ</em></span> <span class='ocrx_word' id='word_1_455' title='bbox 2075 3109 2117 3166; x_wconf 88' lang='lat' dir='ltr'><strong><em>C</em></strong></span> <span class='ocrx_word' id='word_1_456' title='bbox 2151 3100 2422 3155; x_wconf 60' lang='grc' dir='ltr'><strong>θκθίείθοε</strong></span> <span class='ocrx_word' id='word_1_457' title='bbox 2452 3099 2618 3155; x_wconf 68' lang='grc' dir='ltr'><strong>Βοηθ-</strong></span> 
     </span>
    </p>
   </div>
   <div class='ocr_carea' id='block_1_62' title="bbox 458 3185 1423 3258">
    <p class='ocr_par' dir='ltr' id='par_1_62' title="bbox 458 3185 1423 3258">
     <span class='ocr_line' id='line_1_62' title="bbox 458 3185 1423 3258; baseline 0.009 -20"><span class='ocrx_word' id='word_1_458' title='bbox 458 3185 663 3257; x_wconf 80' lang='grc' dir='ltr'><em>σάρκα,</em></span> <span class='ocrx_word' id='word_1_459' title='bbox 696 3187 876 3241; x_wconf 83' lang='grc' dir='ltr'><em>καίτοι</em></span> <span class='ocrx_word' id='word_1_460' title='bbox 909 3188 1043 3250; x_wconf 85' lang='grc' dir='ltr'><em>Θεὸς</em></span> <span class='ocrx_word' id='word_1_461' title='bbox 1068 3188 1144 3243; x_wconf 83' lang='grc' dir='ltr'><em>ὢν</em></span> <span class='ocrx_word' id='word_1_462' title='bbox 1170 3190 1198 3243; x_wconf 82' lang='grc' dir='ltr'><strong>ὁ</strong></span> <span class='ocrx_word' id='word_1_463' title='bbox 1228 3190 1423 3258; x_wconf 78' lang='grc' dir='ltr'><strong>Λόγος.</strong></span> 
     </span>
    </p>
   </div>
   <div class='ocr_carea' id='block_1_63' title="bbox 519 3278 2046 3348">
    <p class='ocr_par' dir='ltr' id='par_1_63' title="bbox 519 3278 2046 3348">
     <span class='ocr_line' id='line_1_63' title="bbox 519 3278 2046 3348; baseline 0.007 -14"><span class='ocrx_word' id='word_1_464' title='bbox 519 3279 712 3344; x_wconf 82' lang='grc' dir='ltr'><em>Αὐτὸς</em></span> <span class='ocrx_word' id='word_1_465' title='bbox 739 3278 810 3332; x_wconf 78' lang='grc' dir='ltr'><em>δὲ</em></span> <span class='ocrx_word' id='word_1_466' title='bbox 839 3283 872 3334; x_wconf 85' lang='grc' dir='ltr'>ό</span> <span class='ocrx_word' id='word_1_467' title='bbox 908 3279 1152 3348; x_wconf 82' lang='grc' dir='ltr'><em>Ἰησοῦς</em></span> <span class='ocrx_word' id='word_1_468' title='bbox 1185 3282 1296 3335; x_wconf 82' lang='grc' dir='ltr'><strong>οὐκ</strong></span> <span class='ocrx_word' id='word_1_469' title='bbox 1327 3283 1698 3340; x_wconf 80' lang='grc' dir='ltr'><em>ἐπίστευσεν</em></span> <span class='ocrx_word' id='word_1_470' title='bbox 1726 3288 1915 3343; x_wconf 84' lang='grc' dir='ltr'><em>αὐτὸν</em></span> <span class='ocrx_word' id='word_1_471' title='bbox 1939 3294 2046 3345; x_wconf 84' lang='grc' dir='ltr'><strong>αὑ-</strong></span> 
     </span>
    </p>
   </div>
   <div class='ocr_carea' id='block_1_64' title="bbox 454 3369 2046 3441">
    <p class='ocr_par' dir='ltr' id='par_1_64' title="bbox 454 3369 2046 3441">
     <span class='ocr_line' id='line_1_64' title="bbox 454 3369 2046 3441; baseline 0.008 -18"><span class='ocrx_word' id='word_1_472' title='bbox 454 3369 584 3435; x_wconf 83' lang='grc' dir='ltr'><em>τοῖς</em></span> <span class='ocrx_word' id='word_1_473' title='bbox 614 3369 713 3424; x_wconf 81' lang='grc' dir='ltr'><em>διὰ</em></span> <span class='ocrx_word' id='word_1_474' title='bbox 743 3371 812 3425; x_wconf 88' lang='grc' dir='ltr'><em>τὸ</em></span> <span class='ocrx_word' id='word_1_475' title='bbox 845 3370 1037 3425; x_wconf 83' lang='grc' dir='ltr'><em>αὐτὸν</em></span> <span class='ocrx_word' id='word_1_476' title='bbox 1064 3372 1385 3440; x_wconf 76' lang='grc' dir='ltr'><em>γινώσκειν</em></span> <span class='ocrx_word' id='word_1_477' title='bbox 1413 3373 1650 3441; x_wconf 79' lang='grc' dir='ltr'><em>πάντας</em></span> <span class='ocrx_word' id='word_1_478' title='bbox 1668 3417 1682 3441; x_wconf 89' lang='grc'><strong>,</strong></span> <span class='ocrx_word' id='word_1_479' title='bbox 1714 3378 1815 3431; x_wconf 72' lang='grc' dir='ltr'><strong>καὶ</strong></span> <span class='ocrx_word' id='word_1_480' title='bbox 1849 3379 1939 3433; x_wconf 79' lang='grc' dir='ltr'><em>ὅτι</em></span> <span class='ocrx_word' id='word_1_481' title='bbox 1973 3382 2046 3436; x_wconf 87' lang='grc' dir='ltr'><em>οὐ</em></span> 
     </span>
    </p>
   </div>
   <div class='ocr_carea' id='block_1_65' title="bbox 455 3460 2047 3541">
    <p class='ocr_par' dir='ltr' id='par_1_65' title="bbox 455 3460 2047 3541">
     <span class='ocr_line' id='line_1_65' title="bbox 455 3460 2047 3541; baseline 0.006 -24"><span class='ocrx_word' id='word_1_482' title='bbox 455 3465 669 3533; x_wconf 77' lang='grc' dir='ltr'><em>χρείαν</em></span> <span class='ocrx_word' id='word_1_483' title='bbox 690 3460 877 3531; x_wconf 76' lang='grc' dir='ltr'><em>εἶχεν,</em></span> <span class='ocrx_word' id='word_1_484' title='bbox 905 3464 1006 3517; x_wconf 69' lang='grc' dir='ltr'><em>ἵνα</em></span> <span class='ocrx_word' id='word_1_485' title='bbox 1030 3483 1121 3532; x_wconf 91' lang='grc' dir='ltr'><strong>τις</strong></span> <span class='ocrx_word' id='word_1_486' title='bbox 1144 3466 1501 3536; x_wconf 79' lang='grc' dir='ltr'><em>μαρτυρήσῃ</em></span> <span class='ocrx_word' id='word_1_487' title='bbox 1530 3469 1664 3538; x_wconf 79' lang='grc' dir='ltr'><em>περι</em></span> <span class='ocrx_word' id='word_1_488' title='bbox 1692 3470 1800 3524; x_wconf 87' lang='grc' dir='ltr'><strong>τοῦ</strong></span> <span class='ocrx_word' id='word_1_489' title='bbox 1825 3472 2047 3541; x_wconf 80' lang='grc' dir='ltr'><em>ἀνθρώ-</em></span> 
     </span>
    </p>
   </div>
   <div class='ocr_carea' id='block_1_66' title="bbox 453 3554 2040 3630">
    <p class='ocr_par' dir='ltr' id='par_1_66' title="bbox 453 3554 2040 3630">
     <span class='ocr_line' id='line_1_66' title="bbox 453 3554 2040 3630; baseline 0.004 -19"><span class='ocrx_word' id='word_1_490' title='bbox 453 3570 595 3611; x_wconf 75' lang='grc' dir='ltr'><em>που.</em></span> <span class='ocrx_word' id='word_1_491' title='bbox 629 3556 820 3622; x_wconf 84' lang='grc' dir='ltr'><em>Αὐτὸς</em></span> <span class='ocrx_word' id='word_1_492' title='bbox 846 3556 955 3626; x_wconf 80' lang='grc' dir='ltr'><strong>γὰρ</strong></span> <span class='ocrx_word' id='word_1_493' title='bbox 980 3556 1276 3628; x_wconf 79' lang='grc' dir='ltr'><strong>ἐγίνωσκε</strong></span> <span class='ocrx_word' id='word_1_494' title='bbox 1294 3598 1309 3623; x_wconf 90' lang='grc'><strong>,</strong></span> <span class='ocrx_word' id='word_1_495' title='bbox 1339 3557 1395 3611; x_wconf 84' lang='grc' dir='ltr'><strong>τί</strong></span> <span class='ocrx_word' id='word_1_496' title='bbox 1421 3554 1500 3628; x_wconf 81' lang='grc' dir='ltr'><em>ἦν</em></span> <span class='ocrx_word' id='word_1_497' title='bbox 1522 3558 1593 3612; x_wconf 79' lang='grc' dir='ltr'><em>ἐν</em></span> <span class='ocrx_word' id='word_1_498' title='bbox 1622 3559 1702 3626; x_wconf 87' lang='grc' dir='ltr'><em>τῷ</em></span> <span class='ocrx_word' id='word_1_499' title='bbox 1731 3561 2040 3630; x_wconf 81' lang='grc' dir='ltr'><strong>ἀνθρώπῳ.</strong></span> 
     </span>
    </p>
   </div>
   <div class='ocr_carea' id='block_1_67' title="bbox 454 3649 2043 3725">
    <p class='ocr_par' dir='ltr' id='par_1_67' title="bbox 454 3649 2043 3725">
     <span class='ocr_line' id='line_1_67' title="bbox 454 3649 2043 3725; baseline 0.004 -21"><span class='ocrx_word' id='word_1_500' title='bbox 454 3652 594 3720; x_wconf 76' lang='grc' dir='ltr'><em>Περὶ</em></span> <span class='ocrx_word' id='word_1_501' title='bbox 622 3649 756 3702; x_wconf 80' lang='grc' dir='ltr'><em>Θεοῦ</em></span> <span class='ocrx_word' id='word_1_502' title='bbox 787 3650 1126 3720; x_wconf 76' lang='grc' dir='ltr'><em>γέγραπται,</em></span> <span class='ocrx_word' id='word_1_503' title='bbox 1165 3650 1231 3704; x_wconf 89' lang='lat'><strong>&#39;0</strong></span> <span class='ocrx_word' id='word_1_504' title='bbox 1257 3651 1512 3717; x_wconf 76' lang='grc' dir='ltr'><em>πλάσας</em></span> <span class='ocrx_word' id='word_1_505' title='bbox 1539 3653 1693 3707; x_wconf 80' lang='grc' dir='ltr'><em>κατὰ</em></span> <span class='ocrx_word' id='word_1_506' title='bbox 1715 3655 1910 3724; x_wconf 80' lang='grc' dir='ltr'><em>μόνας</em></span> <span class='ocrx_word' id='word_1_507' title='bbox 1934 3656 2043 3725; x_wconf 81' lang='grc' dir='ltr'><strong>τὰς</strong></span> 
     </span>
    </p>
   </div>
   <div class='ocr_carea' id='block_1_68' title="bbox 456 3743 2041 3819">
    <p class='ocr_par' dir='ltr' id='par_1_68' title="bbox 456 3743 2041 3819">
     <span class='ocr_line' id='line_1_68' title="bbox 456 3743 2041 3819; baseline 0.004 -21"><span class='ocrx_word' id='word_1_508' title='bbox 456 3744 707 3814; x_wconf 78' lang='grc' dir='ltr'><em>καρδίας</em></span> <span class='ocrx_word' id='word_1_509' title='bbox 746 3743 969 3798; x_wconf 85' lang='grc' dir='ltr'><em>αὐτῶν.</em></span> <span class='ocrx_word' id='word_1_510' title='bbox 1009 3745 1119 3798; x_wconf 80' lang='grc' dir='ltr'><strong>Καὶ</strong></span> <span class='ocrx_word' id='word_1_511' title='bbox 1162 3744 1324 3808; x_wconf 86' lang='grc' dir='ltr'><em>αὐτὸς</em></span> <span class='ocrx_word' id='word_1_512' title='bbox 1364 3744 1421 3798; x_wconf 82' lang='grc' dir='ltr'><strong>δέ</strong></span> <span class='ocrx_word' id='word_1_513' title='bbox 1461 3745 1564 3798; x_wconf 83' lang='grc' dir='ltr'><strong>πού</strong></span> <span class='ocrx_word' id='word_1_514' title='bbox 1607 3764 1762 3817; x_wconf 78' lang='grc' dir='ltr'><em>φησι,</em></span> <span class='ocrx_word' id='word_1_515' title='bbox 1801 3748 1896 3819; x_wconf 70' lang='grc' dir='ltr'><strong>Μὴ</strong></span> <span class='ocrx_word' id='word_1_516' title='bbox 1938 3750 2041 3804; x_wconf 78' lang='grc' dir='ltr'><strong>ἀπ’</strong></span> 
     </span>
    </p>
   </div>
   <div class='ocr_carea' id='block_1_69' title="bbox 453 3833 2039 3905">
    <p class='ocr_par' dir='ltr' id='par_1_69' title="bbox 453 3833 2039 3905">
     <span class='ocr_line' id='line_1_69' title="bbox 453 3833 2039 3905; baseline 0.003 -18"><span class='ocrx_word' id='word_1_517' title='bbox 453 3835 603 3905; x_wconf 82' lang='grc' dir='ltr'><em>ἐμοῦ</em></span> <span class='ocrx_word' id='word_1_518' title='bbox 632 3834 1000 3903; x_wconf 79' lang='grc' dir='ltr'><em>κρυϐήσεταί</em></span> <span class='ocrx_word' id='word_1_519' title='bbox 1028 3851 1156 3900; x_wconf 83' lang='grc' dir='ltr'><em>τις;</em></span> <span class='ocrx_word' id='word_1_520' title='bbox 1184 3833 1247 3888; x_wconf 82' lang='grc' dir='ltr'><em>Εἰ</em></span> <span class='ocrx_word' id='word_1_521' title='bbox 1276 3835 1332 3889; x_wconf 84' lang='grc' dir='ltr'>δὲ</span> <span class='ocrx_word' id='word_1_522' title='bbox 1360 3835 1570 3899; x_wconf 77' lang='grc' dir='ltr'><em>πάντας</em></span> <span class='ocrx_word' id='word_1_523' title='bbox 1600 3838 1914 3905; x_wconf 81' lang='grc' dir='ltr'><em>ἐπίσταται,</em></span> <span class='ocrx_word' id='word_1_524' title='bbox 1946 3843 2039 3894; x_wconf 68' lang='grc' dir='ltr'><strong>καὶ</strong></span> 
     </span>
    </p>
   </div>
   <div class='ocr_carea' id='block_1_70' title="bbox 453 3922 2040 4000">
    <p class='ocr_par' dir='ltr' id='par_1_70' title="bbox 453 3922 2040 4000">
     <span class='ocr_line' id='line_1_70' title="bbox 453 3922 2040 4000; baseline 0.002 -19"><span class='ocrx_word' id='word_1_525' title='bbox 453 3922 563 3981; x_wconf 76' lang='grc' dir='ltr'><strong>οἶδε</strong></span> <span class='ocrx_word' id='word_1_526' title='bbox 596 3926 665 3979; x_wconf 74' lang='grc' dir='ltr'><em>τὰ</em></span> <span class='ocrx_word' id='word_1_527' title='bbox 700 3928 759 3979; x_wconf 83' lang='grc' dir='ltr'><em>ὲν</em></span> <span class='ocrx_word' id='word_1_528' title='bbox 788 3926 867 3998; x_wconf 80' lang='grc' dir='ltr'><em>τῷ</em></span> <span class='ocrx_word' id='word_1_529' title='bbox 902 3926 1209 3996; x_wconf 79' lang='grc' dir='ltr'><em>ἀνθρώπῳ,</em></span> <span class='ocrx_word' id='word_1_530' title='bbox 1248 3929 1365 3992; x_wconf 82' lang='grc' dir='ltr'><em>πῶς</em></span> <span class='ocrx_word' id='word_1_531' title='bbox 1399 3929 1501 3981; x_wconf 74' lang='grc' dir='ltr'><strong>οὐκ</strong></span> <span class='ocrx_word' id='word_1_532' title='bbox 1538 3928 1605 3982; x_wconf 83' lang='grc' dir='ltr'><em>ἂν</em></span> <span class='ocrx_word' id='word_1_533' title='bbox 1636 3929 1719 4000; x_wconf 72' lang='grc' dir='ltr'><strong>εἴη</strong></span> <span class='ocrx_word' id='word_1_534' title='bbox 1760 3931 1928 3995; x_wconf 85' lang='grc' dir='ltr'><em>Θεὸς,</em></span> <span class='ocrx_word' id='word_1_535' title='bbox 1964 3935 2040 3997; x_wconf 84' lang='grc' dir='ltr'><em>ὡς</em></span> 
     </span>
    </p>
   </div>
   <div class='ocr_carea' id='block_1_71' title="bbox 455 4019 1355 4090">
    <p class='ocr_par' dir='ltr' id='par_1_71' title="bbox 455 4019 1355 4090">
     <span class='ocr_line' id='line_1_71' title="bbox 455 4019 1355 4090; baseline -0.002 -16"><span class='ocrx_word' id='word_1_536' title='bbox 455 4020 688 4086; x_wconf 63' lang='grc' dir='ltr'><em>καρδίας</em></span> <span class='ocrx_word' id='word_1_537' title='bbox 720 4019 927 4084; x_wconf 80' lang='grc' dir='ltr'><em>ὲτάζων</em></span> <span class='ocrx_word' id='word_1_538' title='bbox 957 4020 1051 4073; x_wconf 74' lang='grc' dir='ltr'><strong>καὶ</strong></span> <span class='ocrx_word' id='word_1_539' title='bbox 1082 4019 1355 4090; x_wconf 76' lang='grc' dir='ltr'><em>νεφρούς;</em></span> 
     </span>
    </p>
   </div>
   <div class='ocr_carea' id='block_1_72' title="bbox 538 4110 2035 4183">
    <p class='ocr_par' dir='ltr' id='par_1_72' title="bbox 538 4110 2035 4183">
     <span class='ocr_line' id='line_1_72' title="bbox 538 4110 2035 4183; baseline 0.001 -18"><span class='ocrx_word' id='word_1_540' title='bbox 538 4111 745 4180; x_wconf 79' lang='grc' dir='ltr'><em>Ἀμὴν,</em></span> <span class='ocrx_word' id='word_1_541' title='bbox 780 4110 962 4181; x_wconf 81' lang='grc' dir='ltr'><em>ἀμὴν,</em></span> <span class='ocrx_word' id='word_1_542' title='bbox 995 4112 1151 4180; x_wconf 71' lang='grc' dir='ltr'><em>λέγω</em></span> <span class='ocrx_word' id='word_1_543' title='bbox 1185 4111 1348 4181; x_wconf 83' lang='grc' dir='ltr'><em>ὑμῖν,</em></span> <span class='ocrx_word' id='word_1_544' title='bbox 1384 4113 1418 4166; x_wconf 84' lang='grc' dir='ltr'><em>ὀ</em></span> <span class='ocrx_word' id='word_1_545' title='bbox 1453 4113 1765 4167; x_wconf 85' lang='grc' dir='ltr'><em>πιστεύων</em></span> <span class='ocrx_word' id='word_1_546' title='bbox 1792 4116 1878 4181; x_wconf 78' lang='grc' dir='ltr'><strong>εἰς</strong></span> <span class='ocrx_word' id='word_1_547' title='bbox 1911 4115 2035 4183; x_wconf 69' lang='grc' dir='ltr'><strong>ἐμὲ,</strong></span> 
     </span>
    </p>
   </div>
   <div class='ocr_carea' id='block_1_73' title="bbox 454 4207 2036 4279">
    <p class='ocr_par' dir='ltr' id='par_1_73' title="bbox 454 4207 2036 4279">
     <span class='ocr_line' id='line_1_73' title="bbox 454 4207 2036 4279; baseline 0.002 -18"><span class='ocrx_word' id='word_1_548' title='bbox 454 4208 528 4262; x_wconf 83' lang='grc' dir='ltr'><em>τὰ</em></span> <span class='ocrx_word' id='word_1_549' title='bbox 560 4210 704 4278; x_wconf 76' lang='grc' dir='ltr'><em>ἔργα</em></span> <span class='ocrx_word' id='word_1_550' title='bbox 737 4207 776 4262; x_wconf 80' lang='grc' dir='ltr'><strong><em>ἄ</em></strong></span> <span class='ocrx_word' id='word_1_551' title='bbox 807 4208 921 4279; x_wconf 74' lang='grc' dir='ltr'><strong>ἐγὼ</strong></span> <span class='ocrx_word' id='word_1_552' title='bbox 956 4209 1124 4272; x_wconf 84' lang='grc' dir='ltr'><em>ποιῶ,</em></span> <span class='ocrx_word' id='word_1_553' title='bbox 1161 4208 1441 4275; x_wconf 80' lang='grc' dir='ltr'><em>κάκεῖνος</em></span> <span class='ocrx_word' id='word_1_554' title='bbox 1476 4209 1740 4278; x_wconf 81' lang='grc' dir='ltr'><em>ποιήσει,</em></span> <span class='ocrx_word' id='word_1_555' title='bbox 1777 4212 1873 4264; x_wconf 80' lang='grc' dir='ltr'><strong>καί</strong></span> <span class='ocrx_word' id='word_1_556' title='bbox 1906 4213 2036 4279; x_wconf 81' lang='grc' dir='ltr'><em>μεί-</em></span> 
     </span>
    </p>
   </div>
   <div class='ocr_carea' id='block_1_74' title="bbox 453 4300 2038 4370">
    <p class='ocr_par' dir='ltr' id='par_1_74' title="bbox 453 4300 2038 4370">
     <span class='ocr_line' id='line_1_74' title="bbox 453 4300 2038 4370; baseline 0.001 -16"><span class='ocrx_word' id='word_1_557' title='bbox 453 4300 591 4362; x_wconf 81' lang='grc' dir='ltr'><em>ζονα</em></span> <span class='ocrx_word' id='word_1_558' title='bbox 623 4301 852 4353; x_wconf 84' lang='grc' dir='ltr'><em>τούτων</em></span> <span class='ocrx_word' id='word_1_559' title='bbox 885 4301 1159 4369; x_wconf 80' lang='grc' dir='ltr'><em>ποιήσει,</em></span> <span class='ocrx_word' id='word_1_560' title='bbox 1201 4301 1289 4355; x_wconf 80' lang='grc' dir='ltr'><em>ὅτι</em></span> <span class='ocrx_word' id='word_1_561' title='bbox 1326 4301 1441 4368; x_wconf 78' lang='grc' dir='ltr'><strong>ἐγὼ</strong></span> <span class='ocrx_word' id='word_1_562' title='bbox 1478 4301 1631 4368; x_wconf 83' lang='grc' dir='ltr'><em>πρὸς</em></span> <span class='ocrx_word' id='word_1_563' title='bbox 1663 4301 1771 4355; x_wconf 83' lang='grc' dir='ltr'><em>τὸν</em></span> <span class='ocrx_word' id='word_1_564' title='bbox 1807 4301 2038 4370; x_wconf 78' lang='grc' dir='ltr'><em>Πατέρα</em></span> 
     </span>
    </p>
   </div>
   <div class='ocr_carea' id='block_1_75' title="bbox 448 4391 2036 4463">
    <p class='ocr_par' dir='ltr' id='par_1_75' title="bbox 448 4391 2036 4463">
     <span class='ocr_line' id='line_1_75' title="bbox 448 4391 2036 4463; baseline 0.001 -16"><span class='ocrx_word' id='word_1_565' title='bbox 448 4412 569 4463; x_wconf 80' lang='grc' dir='ltr'><em>μου</em></span> <span class='ocrx_word' id='word_1_566' title='bbox 604 4395 962 4461; x_wconf 69' lang='grc' dir='ltr'><em>πορεύομαι,</em></span> <span class='ocrx_word' id='word_1_567' title='bbox 999 4393 1095 4447; x_wconf 75' lang='grc' dir='ltr'><strong>καί</strong></span> <span class='ocrx_word' id='word_1_568' title='bbox 1121 4393 1153 4445; x_wconf 86' lang='grc' dir='ltr'><strong><em>ὅ</em></strong></span> <span class='ocrx_word' id='word_1_569' title='bbox 1175 4410 1229 4445; x_wconf 89' lang='grc' dir='ltr'><strong>τι</strong></span> <span class='ocrx_word' id='word_1_570' title='bbox 1263 4391 1340 4446; x_wconf 82' lang='grc' dir='ltr'><em>ἂν</em></span> <span class='ocrx_word' id='word_1_571' title='bbox 1374 4393 1667 4460; x_wconf 76' lang='grc' dir='ltr'><em>αἰτήσητε</em></span> <span class='ocrx_word' id='word_1_572' title='bbox 1699 4393 1769 4445; x_wconf 87' lang='grc' dir='ltr'><em>ἐν</em></span> <span class='ocrx_word' id='word_1_573' title='bbox 1801 4393 1881 4459; x_wconf 78' lang='grc' dir='ltr'><em>τῷ</em></span> <span class='ocrx_word' id='word_1_574' title='bbox 1899 4395 2036 4448; x_wconf 83' lang='grc' dir='ltr'><strong>ὀνό-</strong></span> 
     </span>
    </p>
   </div>
   <div class='ocr_carea' id='block_1_76' title="bbox 2220 3279 3747 3356">
    <p class='ocr_par' dir='ltr' id='par_1_76' title="bbox 2220 3279 3747 3356">
     <span class='ocr_line' id='line_1_76' title="bbox 2220 3279 3747 3356; baseline 0.003 -23"><span class='ocrx_word' id='word_1_575' title='bbox 2220 3279 2339 3348; x_wconf 83' lang='lat' dir='ltr'><strong>Ipse</strong></span> <span class='ocrx_word' id='word_1_576' title='bbox 2362 3289 2536 3333; x_wconf 80' lang='lat' dir='ltr'><strong>autem</strong></span> <span class='ocrx_word' id='word_1_577' title='bbox 2557 3280 2714 3334; x_wconf 80' lang='lat' dir='ltr'><strong>Jesus</strong></span> <span class='ocrx_word' id='word_1_578' title='bbox 2746 3296 2851 3335; x_wconf 83' lang='lat' dir='ltr'><strong>non</strong></span> <span class='ocrx_word' id='word_1_579' title='bbox 2901 3280 3147 3335; x_wconf 82' lang='lat' dir='ltr'><strong>credebat</strong></span> <span class='ocrx_word' id='word_1_580' title='bbox 3172 3297 3228 3335; x_wconf 85' lang='lat' dir='ltr'><strong>se</strong></span> <span class='ocrx_word' id='word_1_581' title='bbox 3264 3283 3434 3352; x_wconf 81' lang='lat' dir='ltr'><strong>ipsum</strong></span> <span class='ocrx_word' id='word_1_582' title='bbox 3458 3283 3533 3337; x_wconf 83' lang='lat' dir='ltr'><strong>eis</strong></span> <span class='ocrx_word' id='word_1_583' title='bbox 3554 3324 3568 3349; x_wconf 93' lang='lat'><strong><em>,</em></strong></span> <span class='ocrx_word' id='word_1_584' title='bbox 3617 3285 3747 3356; x_wconf 68' lang='lat' dir='ltr'><strong>quia</strong></span> 
     </span>
    </p>
   </div>
   <div class='ocr_carea' id='block_1_77' title="bbox 2145 3373 3748 3448">
    <p class='ocr_par' dir='ltr' id='par_1_77' title="bbox 2145 3373 3748 3448">
     <span class='ocr_line' id='line_1_77' title="bbox 2145 3373 3748 3448; baseline 0.002 -20"><span class='ocrx_word' id='word_1_585' title='bbox 2145 3373 2487 3444; x_wconf 74' lang='lat' dir='ltr'><strong>cognoscebat</strong></span> <span class='ocrx_word' id='word_1_586' title='bbox 2522 3389 2722 3435; x_wconf 87' lang='lat' dir='ltr'><strong>omnes.</strong></span> <span class='ocrx_word' id='word_1_587' title='bbox 2752 3387 2844 3428; x_wconf 82' lang='lat' dir='ltr'><strong>nec</strong></span> <span class='ocrx_word' id='word_1_588' title='bbox 2901 3388 3032 3443; x_wconf 83' lang='lat' dir='ltr'><strong>opus</strong></span> <span class='ocrx_word' id='word_1_589' title='bbox 3065 3373 3317 3439; x_wconf 77' lang='lat' dir='ltr'><strong>habebat,</strong></span> <span class='ocrx_word' id='word_1_590' title='bbox 3355 3386 3414 3430; x_wconf 83' lang='grc' dir='ltr'><strong>ιιι</strong></span> <span class='ocrx_word' id='word_1_591' title='bbox 3468 3377 3748 3448; x_wconf 70' lang='lat' dir='ltr'><strong>quisquam</strong></span> 
     </span>
    </p>
   </div>
   <div class='ocr_carea' id='block_1_78' title="bbox 2147 3467 3749 3540">
    <p class='ocr_par' dir='ltr' id='par_1_78' title="bbox 2147 3467 3749 3540">
     <span class='ocr_line' id='line_1_78' title="bbox 2147 3467 3749 3540; baseline 0.002 -18"><span class='ocrx_word' id='word_1_592' title='bbox 2147 3469 2503 3522; x_wconf 80' lang='lat' dir='ltr'><strong>testimonium</strong></span> <span class='ocrx_word' id='word_1_593' title='bbox 2538 3467 2623 3521; x_wconf 79' lang='lat' dir='ltr'><strong>itii</strong></span> <span class='ocrx_word' id='word_1_594' title='bbox 2660 3467 2726 3523; x_wconf 82' lang='lat' dir='ltr'><strong>de</strong></span> <span class='ocrx_word' id='word_1_595' title='bbox 2770 3468 2984 3524; x_wconf 75' lang='lat' dir='ltr'><strong>homins</strong></span> <span class='ocrx_word' id='word_1_596' title='bbox 3056 3469 3380 3538; x_wconf 70' lang='lat' dir='ltr'><strong>perhiberet.</strong></span> <span class='ocrx_word' id='word_1_597' title='bbox 3434 3468 3557 3540; x_wconf 76' lang='lat' dir='ltr'><strong>Ipse</strong></span> <span class='ocrx_word' id='word_1_598' title='bbox 3606 3474 3749 3526; x_wconf 76' lang='lat' dir='ltr'><strong>enim</strong></span> 
     </span>
    </p>
   </div>
   <div class='ocr_carea' id='block_1_79' title="bbox 2141 3557 3745 3631">
    <p class='ocr_par' dir='ltr' id='par_1_79' title="bbox 2141 3557 3745 3631">
     <span class='ocr_line' id='line_1_79' title="bbox 2141 3557 3745 3631; baseline 0.002 -18"><span class='ocrx_word' id='word_1_599' title='bbox 2141 3558 2358 3625; x_wconf 82' lang='lat' dir='ltr'><strong>sciebat,</strong></span> <span class='ocrx_word' id='word_1_600' title='bbox 2388 3558 2516 3629; x_wconf 83' lang='lat' dir='ltr'><strong>quid</strong></span> <span class='ocrx_word' id='word_1_601' title='bbox 2548 3570 2680 3613; x_wconf 62' lang='lat' dir='ltr'><strong>esset</strong></span> <span class='ocrx_word' id='word_1_602' title='bbox 2706 3559 2762 3612; x_wconf 88' lang='lat' dir='ltr'><strong>in</strong></span> <span class='ocrx_word' id='word_1_603' title='bbox 2796 3560 3006 3614; x_wconf 74' lang='lat' dir='ltr'><strong>nomine</strong></span> <span class='ocrx_word' id='word_1_604' title='bbox 3029 3557 3074 3613; x_wconf 82' lang='grc'><strong>³.</strong></span> <span class='ocrx_word' id='word_1_605' title='bbox 3151 3560 3229 3615; x_wconf 85' lang='lat' dir='ltr'><strong>De</strong></span> <span class='ocrx_word' id='word_1_606' title='bbox 3288 3561 3400 3616; x_wconf 86' lang='lat' dir='ltr'><strong>Deo</strong></span> <span class='ocrx_word' id='word_1_607' title='bbox 3479 3563 3745 3631; x_wconf 82' lang='lat' dir='ltr'><strong>scriptum</strong></span> 
     </span>
    </p>
   </div>
   <div class='ocr_carea' id='block_1_80' title="bbox 2142 3649 3749 3724">
    <p class='ocr_par' dir='ltr' id='par_1_80' title="bbox 2142 3649 3749 3724">
     <span class='ocr_line' id='line_1_80' title="bbox 2142 3649 3749 3724; baseline 0.002 -20"><span class='ocrx_word' id='word_1_608' title='bbox 2142 3660 2225 3704; x_wconf 92' lang='lat' dir='ltr'><strong>est</strong></span> <span class='ocrx_word' id='word_1_609' title='bbox 2258 3667 2273 3703; x_wconf 89' lang='lat'><strong>:</strong></span> <span class='ocrx_word' id='word_1_610' title='bbox 2316 3650 2422 3715; x_wconf 74' lang='lat' dir='ltr'><strong>Qui</strong></span> <span class='ocrx_word' id='word_1_611' title='bbox 2453 3651 2613 3719; x_wconf 71' lang='lat' dir='ltr'><strong>ﬁiwit</strong></span> <span class='ocrx_word' id='word_1_612' title='bbox 2646 3649 2930 3720; x_wconf 81' lang='lat' dir='ltr'><strong>sigillatim</strong></span> <span class='ocrx_word' id='word_1_613' title='bbox 2959 3650 3122 3704; x_wconf 82' lang='lat' dir='ltr'><strong>corda</strong></span> <span class='ocrx_word' id='word_1_614' title='bbox 3157 3653 3397 3719; x_wconf 73' lang='lat' dir='ltr'><strong>ipsorum</strong></span> <span class='ocrx_word' id='word_1_615' title='bbox 3464 3651 3512 3707; x_wconf 77' lang='grc'><strong>⁸.</strong></span> <span class='ocrx_word' id='word_1_616' title='bbox 3550 3653 3619 3708; x_wconf 80' lang='lat' dir='ltr'><strong>Et</strong></span> <span class='ocrx_word' id='word_1_617' title='bbox 3666 3655 3749 3724; x_wconf 85' lang='lat' dir='ltr'><strong>ip-</strong></span> 
     </span>
    </p>
   </div>
   <div class='ocr_carea' id='block_1_81' title="bbox 2141 3736 3748 3811">
    <p class='ocr_par' dir='ltr' id='par_1_81' title="bbox 2141 3736 3748 3811">
     <span class='ocr_line' id='line_1_81' title="bbox 2141 3736 3748 3811; baseline 0.002 -18"><span class='ocrx_word' id='word_1_618' title='bbox 2141 3752 2201 3793; x_wconf 83' lang='lat' dir='ltr'><strong>se</strong></span> <span class='ocrx_word' id='word_1_619' title='bbox 2230 3739 2462 3808; x_wconf 81' lang='lat' dir='ltr'><strong>quodam</strong></span> <span class='ocrx_word' id='word_1_620' title='bbox 2497 3738 2614 3791; x_wconf 89' lang='lat' dir='ltr'><strong>loco</strong></span> <span class='ocrx_word' id='word_1_621' title='bbox 2652 3755 2665 3791; x_wconf 91' lang='lat'><strong>:</strong></span> <span class='ocrx_word' id='word_1_622' title='bbox 2702 3736 2869 3805; x_wconf 81' lang='lat' dir='ltr'><strong>Nam,</strong></span> <span class='ocrx_word' id='word_1_623' title='bbox 2905 3739 3103 3808; x_wconf 84' lang='lat' dir='ltr'><strong>inquit,</strong></span> <span class='ocrx_word' id='word_1_624' title='bbox 3128 3755 3160 3792; x_wconf 89' lang='lat' dir='ltr'><strong>a</strong></span> <span class='ocrx_word' id='word_1_625' title='bbox 3183 3755 3265 3794; x_wconf 85' lang='lat' dir='ltr'><strong>me</strong></span> <span class='ocrx_word' id='word_1_626' title='bbox 3301 3742 3586 3811; x_wconf 68' lang='lat' dir='ltr'><strong>quisquam</strong></span> <span class='ocrx_word' id='word_1_627' title='bbox 3621 3744 3748 3798; x_wconf 69' lang='lat' dir='ltr'><strong>abs-</strong></span> 
     </span>
    </p>
   </div>
   <div class='ocr_carea' id='block_1_82' title="bbox 2145 3826 3749 3900">
    <p class='ocr_par' dir='ltr' id='par_1_82' title="bbox 2145 3826 3749 3900">
     <span class='ocr_line' id='line_1_82' title="bbox 2145 3826 3749 3900; baseline 0.004 -19"><span class='ocrx_word' id='word_1_628' title='bbox 2145 3828 2399 3883; x_wconf 84' lang='lat' dir='ltr'><strong>conditur</strong></span> <span class='ocrx_word' id='word_1_629' title='bbox 2430 3832 2450 3863; x_wconf 81' lang='grc'>⁸</span> <span class='ocrx_word' id='word_1_630' title='bbox 2490 3828 2513 3881; x_wconf 88' lang='lat'><strong>?</strong></span> <span class='ocrx_word' id='word_1_631' title='bbox 2563 3826 2715 3895; x_wconf 77' lang='lat' dir='ltr'><strong>Quod</strong></span> <span class='ocrx_word' id='word_1_632' title='bbox 2766 3829 2810 3881; x_wconf 86' lang='lat' dir='ltr'><strong>si</strong></span> <span class='ocrx_word' id='word_1_633' title='bbox 2839 3844 3032 3883; x_wconf 89' lang='lat' dir='ltr'><strong>omnes</strong></span> <span class='ocrx_word' id='word_1_634' title='bbox 3064 3828 3225 3883; x_wconf 84' lang='lat' dir='ltr'><strong>habet</strong></span> <span class='ocrx_word' id='word_1_635' title='bbox 3256 3832 3524 3900; x_wconf 79' lang='lat' dir='ltr'><strong>cognitos,</strong></span> <span class='ocrx_word' id='word_1_636' title='bbox 3567 3844 3621 3887; x_wconf 85' lang='lat' dir='ltr'><strong>et</strong></span> <span class='ocrx_word' id='word_1_637' title='bbox 3651 3847 3749 3887; x_wconf 79' lang='lat' dir='ltr'><strong>no-</strong></span> 
     </span>
    </p>
   </div>
   <div class='ocr_carea' id='block_1_83' title="bbox 2145 3920 3745 3992">
    <p class='ocr_par' dir='ltr' id='par_1_83' title="bbox 2145 3920 3745 3992">
     <span class='ocr_line' id='line_1_83' title="bbox 2145 3920 3745 3992; baseline 0.004 -18"><span class='ocrx_word' id='word_1_638' title='bbox 2145 3922 2222 3974; x_wconf 88' lang='lat' dir='ltr'><strong>vit</strong></span> <span class='ocrx_word' id='word_1_639' title='bbox 2255 3937 2377 3991; x_wconf 66' lang='lat' dir='ltr'><strong>qum</strong></span> <span class='ocrx_word' id='word_1_640' title='bbox 2409 3930 2535 3976; x_wconf 89' lang='lat' dir='ltr'><strong>sunt</strong></span> <span class='ocrx_word' id='word_1_641' title='bbox 2561 3920 2614 3974; x_wconf 90' lang='lat' dir='ltr'><strong>in</strong></span> <span class='ocrx_word' id='word_1_642' title='bbox 2640 3921 2882 3986; x_wconf 82' lang='lat' dir='ltr'><strong>nomine,</strong></span> <span class='ocrx_word' id='word_1_643' title='bbox 2919 3935 3099 3977; x_wconf 89' lang='lat' dir='ltr'><strong>nonne</strong></span> <span class='ocrx_word' id='word_1_644' title='bbox 3124 3921 3263 3977; x_wconf 82' lang='lat' dir='ltr'><strong>Deus</strong></span> <span class='ocrx_word' id='word_1_645' title='bbox 3291 3929 3395 3991; x_wconf 88' lang='lat' dir='ltr'><strong>est,</strong></span> <span class='ocrx_word' id='word_1_646' title='bbox 3432 3923 3523 3992; x_wconf 89' lang='lat' dir='ltr'><strong>qui</strong></span> <span class='ocrx_word' id='word_1_647' title='bbox 3577 3925 3745 3981; x_wconf 88' lang='lat' dir='ltr'><strong>corda</strong></span> 
     </span>
    </p>
   </div>
   <div class='ocr_carea' id='block_1_84' title="bbox 2140 4012 2764 4069">
    <p class='ocr_par' dir='ltr' id='par_1_84' title="bbox 2140 4012 2764 4069">
     <span class='ocr_line' id='line_1_84' title="bbox 2140 4012 2764 4069; baseline -0.006 0"><span class='ocrx_word' id='word_1_648' title='bbox 2140 4024 2421 4069; x_wconf 84' lang='lat' dir='ltr'><strong>scrutatur</strong></span> <span class='ocrx_word' id='word_1_649' title='bbox 2468 4023 2523 4067; x_wconf 90' lang='lat' dir='ltr'><strong>et</strong></span> <span class='ocrx_word' id='word_1_650' title='bbox 2564 4012 2764 4066; x_wconf 88' lang='lat' dir='ltr'><strong>renes?</strong></span> 
     </span>
    </p>
   </div>
   <div class='ocr_carea' id='block_1_85' title="bbox 2209 4105 3745 4182">
    <p class='ocr_par' dir='ltr' id='par_1_85' title="bbox 2209 4105 3745 4182">
     <span class='ocr_line' id='line_1_85' title="bbox 2209 4105 3745 4182; baseline 0.008 -25"><span class='ocrx_word' id='word_1_651' title='bbox 2209 4106 2402 4167; x_wconf 78' lang='lat' dir='ltr'><strong>Amen,</strong></span> <span class='ocrx_word' id='word_1_652' title='bbox 2434 4121 2590 4158; x_wconf 81' lang='lat' dir='ltr'><strong>amen</strong></span> <span class='ocrx_word' id='word_1_653' title='bbox 2616 4105 2739 4159; x_wconf 86' lang='lat' dir='ltr'><strong>dico</strong></span> <span class='ocrx_word' id='word_1_654' title='bbox 2775 4105 2947 4168; x_wconf 83' lang='lat' dir='ltr'><strong>vobis,</strong></span> <span class='ocrx_word' id='word_1_655' title='bbox 2997 4110 3093 4176; x_wconf 83' lang='lat' dir='ltr'><strong>qui</strong></span> <span class='ocrx_word' id='word_1_656' title='bbox 3144 4110 3314 4162; x_wconf 85' lang='lat' dir='ltr'><strong>credit</strong></span> <span class='ocrx_word' id='word_1_657' title='bbox 3339 4112 3394 4165; x_wconf 85' lang='lat' dir='ltr'><strong>in</strong></span> <span class='ocrx_word' id='word_1_658' title='bbox 3427 4129 3529 4175; x_wconf 86' lang='lat' dir='ltr'><strong>me,</strong></span> <span class='ocrx_word' id='word_1_659' title='bbox 3562 4130 3745 4182; x_wconf 88' lang='lat' dir='ltr'><strong>opera,</strong></span> 
     </span>
    </p>
   </div>
   <div class='ocr_carea' id='block_1_86' title="bbox 2137 4196 3747 4276">
    <p class='ocr_par' dir='ltr' id='par_1_86' title="bbox 2137 4196 3747 4276">
     <span class='ocr_line' id='line_1_86' title="bbox 2137 4196 3747 4276; baseline 0.007 -26"><span class='ocrx_word' id='word_1_660' title='bbox 2137 4215 2253 4268; x_wconf 74' lang='lat' dir='ltr'><strong>qua:</strong></span> <span class='ocrx_word' id='word_1_661' title='bbox 2276 4212 2367 4266; x_wconf 79' lang='lat' dir='ltr'><strong>ego</strong></span> <span class='ocrx_word' id='word_1_662' title='bbox 2400 4196 2558 4265; x_wconf 78' lang='lat' dir='ltr'><strong>facio,</strong></span> <span class='ocrx_word' id='word_1_663' title='bbox 2630 4210 2677 4250; x_wconf 89' lang='lat' dir='ltr'><strong>et</strong></span> <span class='ocrx_word' id='word_1_664' title='bbox 2735 4198 2845 4267; x_wconf 85' lang='lat' dir='ltr'><strong>ipse</strong></span> <span class='ocrx_word' id='word_1_665' title='bbox 2861 4199 3039 4267; x_wconf 80' lang='lat' dir='ltr'><strong>faciet,</strong></span> <span class='ocrx_word' id='word_1_666' title='bbox 3093 4209 3139 4254; x_wconf 85' lang='lat' dir='ltr'><strong>et</strong></span> <span class='ocrx_word' id='word_1_667' title='bbox 3189 4202 3397 4267; x_wconf 85' lang='lat' dir='ltr'><strong>majora</strong></span> <span class='ocrx_word' id='word_1_668' title='bbox 3444 4205 3526 4259; x_wconf 83' lang='lat' dir='ltr'><strong>his</strong></span> <span class='ocrx_word' id='word_1_669' title='bbox 3564 4206 3747 4276; x_wconf 69' lang='lat' dir='ltr'><strong>faciet,</strong></span> 
     </span>
    </p>
   </div>
   <div class='ocr_carea' id='block_1_87' title="bbox 2140 4288 3747 4369">
    <p class='ocr_par' dir='ltr' id='par_1_87' title="bbox 2140 4288 3747 4369">
     <span class='ocr_line' id='line_1_87' title="bbox 2140 4288 3747 4369; baseline 0.007 -27"><span class='ocrx_word' id='word_1_670' title='bbox 2140 4288 2403 4354; x_wconf 81' lang='lat' dir='ltr'><strong>Quoniam</strong></span> <span class='ocrx_word' id='word_1_671' title='bbox 2430 4307 2521 4360; x_wconf 86' lang='lat' dir='ltr'><strong>ego</strong></span> <span class='ocrx_word' id='word_1_672' title='bbox 2560 4289 2629 4343; x_wconf 85' lang='lat' dir='ltr'><strong>ad</strong></span> <span class='ocrx_word' id='word_1_673' title='bbox 2664 4290 2880 4345; x_wconf 80' lang='lat' dir='ltr'><strong>Patrem</strong></span> <span class='ocrx_word' id='word_1_674' title='bbox 2917 4292 3073 4357; x_wconf 71' lang='lat' dir='ltr'><strong>vado,</strong></span> <span class='ocrx_word' id='word_1_675' title='bbox 3104 4292 3160 4348; x_wconf 83' lang='lat' dir='ltr'><strong>et</strong></span> <span class='ocrx_word' id='word_1_676' title='bbox 3182 4295 3529 4367; x_wconf 79' lang='lat' dir='ltr'><strong>quodcunque</strong></span> <span class='ocrx_word' id='word_1_677' title='bbox 3582 4308 3747 4369; x_wconf 76' lang='lat' dir='ltr'><strong>petie-</strong></span> 
     </span>
    </p>
   </div>
   <div class='ocr_carea' id='block_1_88' title="bbox 2141 4384 3749 4454">
    <p class='ocr_par' dir='ltr' id='par_1_88' title="bbox 2141 4384 3749 4454">
     <span class='ocr_line' id='line_1_88' title="bbox 2141 4384 3749 4454; baseline 0.008 -19"><span class='ocrx_word' id='word_1_678' title='bbox 2141 4384 2256 4436; x_wconf 85' lang='lat' dir='ltr'><strong>ritis</strong></span> <span class='ocrx_word' id='word_1_679' title='bbox 2296 4384 2351 4435; x_wconf 83' lang='lat' dir='ltr'><strong>in</strong></span> <span class='ocrx_word' id='word_1_680' title='bbox 2381 4386 2589 4437; x_wconf 78' lang='lat' dir='ltr'><strong>nomine</strong></span> <span class='ocrx_word' id='word_1_681' title='bbox 2637 4400 2774 4451; x_wconf 76' lang='lat' dir='ltr'><strong>meo,</strong></span> <span class='ocrx_word' id='word_1_682' title='bbox 2806 4384 3008 4454; x_wconf 78' lang='lat' dir='ltr'><strong>faciam</strong></span> <span class='ocrx_word' id='word_1_683' title='bbox 3049 4386 3194 4440; x_wconf 72' lang='lat' dir='ltr'><strong>vobis</strong></span> <span class='ocrx_word' id='word_1_684' title='bbox 3252 4388 3296 4442; x_wconf 84' lang='grc'><strong>⁸.</strong></span> <span class='ocrx_word' id='word_1_685' title='bbox 3358 4389 3639 4447; x_wconf 81' lang='lat' dir='ltr'><strong>Proﬁcisci</strong></span> <span class='ocrx_word' id='word_1_686' title='bbox 3688 4410 3749 4447; x_wconf 80' lang='lat' dir='ltr'><strong>se</strong></span> 
     </span>
    </p>
   </div>
   <div class='ocr_carea' id='block_1_89' title="bbox 448 4466 2046 4555">
    <p class='ocr_par' dir='ltr' id='par_1_89' title="bbox 448 4484 2035 4555">
     <span class='ocr_line' id='line_1_89' title="bbox 448 4484 2035 4555; baseline -0.002 -16"><span class='ocrx_word' id='word_1_687' title='bbox 448 4487 595 4555; x_wconf 83' lang='grc' dir='ltr'><em>ματί</em></span> <span class='ocrx_word' id='word_1_688' title='bbox 633 4504 774 4555; x_wconf 84' lang='grc' dir='ltr'><em>μου,</em></span> <span class='ocrx_word' id='word_1_689' title='bbox 817 4485 995 4539; x_wconf 83' lang='grc' dir='ltr'><em>τοῦτο</em></span> <span class='ocrx_word' id='word_1_690' title='bbox 1040 4488 1294 4552; x_wconf 79' lang='grc' dir='ltr'><em>ποιήσω.</em></span> <span class='ocrx_word' id='word_1_691' title='bbox 1336 4486 1676 4555; x_wconf 80' lang='grc' dir='ltr'><em>Πορεύεσθαί</em></span> <span class='ocrx_word' id='word_1_692' title='bbox 1720 4503 1851 4555; x_wconf 82' lang='grc' dir='ltr'><em>φησι</em></span> <span class='ocrx_word' id='word_1_693' title='bbox 1894 4484 2035 4554; x_wconf 81' lang='grc' dir='ltr'><em>πρὸς</em></span> 
     </span>
    </p>
   </div>
   <div class='ocr_carea' id='block_1_90' title="bbox 2152 4466 3749 4555">
    <p class='ocr_par' dir='ltr' id='par_1_90' title="bbox 2152 4476 3749 4554">
     <span class='ocr_line' id='line_1_90' title="bbox 2152 4476 3749 4554; baseline 0.007 -23"><span class='ocrx_word' id='word_1_694' title='bbox 2152 4477 2265 4531; x_wconf 84' lang='lat' dir='ltr'><strong>iicit</strong></span> <span class='ocrx_word' id='word_1_695' title='bbox 2304 4478 2369 4530; x_wconf 87' lang='lat' dir='ltr'><strong>ad</strong></span> <span class='ocrx_word' id='word_1_696' title='bbox 2403 4476 2617 4532; x_wconf 82' lang='lat' dir='ltr'><strong>Patrem</strong></span> <span class='ocrx_word' id='word_1_697' title='bbox 2646 4477 2832 4534; x_wconf 86' lang='lat' dir='ltr'><strong>Filius.</strong></span> <span class='ocrx_word' id='word_1_698' title='bbox 2867 4478 3055 4549; x_wconf 79' lang='lat' dir='ltr'><strong>Atqui,</strong></span> <span class='ocrx_word' id='word_1_699' title='bbox 3084 4490 3144 4535; x_wconf 89' lang='lat' dir='ltr'><strong>ut</strong></span> <span class='ocrx_word' id='word_1_700' title='bbox 3175 4481 3332 4549; x_wconf 85' lang='lat' dir='ltr'><strong>Deus,</strong></span> <span class='ocrx_word' id='word_1_701' title='bbox 3371 4484 3559 4554; x_wconf 83' lang='lat' dir='ltr'><strong>implet</strong></span> <span class='ocrx_word' id='word_1_702' title='bbox 3630 4503 3749 4541; x_wconf 84' lang='lat' dir='ltr'><strong>Olli-</strong></span> 
     </span>
    </p>
   </div>
   <div class='ocr_carea' id='block_1_91' title="bbox 452 4568 2046 4648">
    <p class='ocr_par' dir='ltr' id='par_1_91' title="bbox 452 4576 2036 4648">
     <span class='ocr_line' id='line_1_91' title="bbox 452 4576 2036 4648; baseline -0.001 -16"><span class='ocrx_word' id='word_1_703' title='bbox 452 4580 544 4632; x_wconf 88' lang='grc' dir='ltr'><em>τὸν</em></span> <span class='ocrx_word' id='word_1_704' title='bbox 581 4579 820 4648; x_wconf 85' lang='grc' dir='ltr'><em>Πατέρα,</em></span> <span class='ocrx_word' id='word_1_705' title='bbox 851 4578 1030 4631; x_wconf 85' lang='grc' dir='ltr'><em>καίτοι</em></span> <span class='ocrx_word' id='word_1_706' title='bbox 1058 4578 1218 4646; x_wconf 77' lang='grc' dir='ltr'><em>φύσει</em></span> <span class='ocrx_word' id='word_1_707' title='bbox 1245 4577 1378 4640; x_wconf 79' lang='grc' dir='ltr'><em>Θεὸς</em></span> <span class='ocrx_word' id='word_1_708' title='bbox 1409 4576 1674 4647; x_wconf 83' lang='grc' dir='ltr'><em>ὑπάρχων</em></span> <span class='ocrx_word' id='word_1_709' title='bbox 1702 4579 1731 4630; x_wconf 86' lang='grc' dir='ltr'>ὁ</span> <span class='ocrx_word' id='word_1_710' title='bbox 1762 4577 1915 4641; x_wconf 83' lang='grc' dir='ltr'><em>Υἰὸς,</em></span> <span class='ocrx_word' id='word_1_711' title='bbox 1940 4578 2036 4630; x_wconf 76' lang='grc' dir='ltr'><strong>καὶ</strong></span> 
     </span>
    </p>
   </div>
   <div class='ocr_carea' id='block_1_92' title="bbox 2152 4568 3749 4648">
    <p class='ocr_par' dir='ltr' id='par_1_92' title="bbox 2152 4568 3749 4648">
     <span class='ocr_line' id='line_1_92' title="bbox 2152 4568 3749 4648; baseline 0.007 -25"><span class='ocrx_word' id='word_1_712' title='bbox 2152 4570 2248 4624; x_wconf 66' lang='lat' dir='ltr'><strong>aia.</strong></span> <span class='ocrx_word' id='word_1_713' title='bbox 2281 4568 2469 4637; x_wconf 84' lang='lat' dir='ltr'><strong>itaque</strong></span> <span class='ocrx_word' id='word_1_714' title='bbox 2502 4570 2867 4640; x_wconf 66' lang='lat' dir='ltr'><strong>proﬁciscitur</strong></span> <span class='ocrx_word' id='word_1_715' title='bbox 2897 4581 3154 4641; x_wconf 83' lang='lat' dir='ltr'><strong>tanquam</strong></span> <span class='ocrx_word' id='word_1_716' title='bbox 3210 4575 3393 4631; x_wconf 85' lang='lat' dir='ltr'><strong>homo.</strong></span> <span class='ocrx_word' id='word_1_717' title='bbox 3423 4578 3749 4648; x_wconf 79' lang='lat' dir='ltr'><strong>Assumptus</strong></span> 
     </span>
    </p>
   </div>
   <div class='ocr_carea' id='block_1_93' title="bbox 450 4666 2035 4739">
    <p class='ocr_par' dir='ltr' id='par_1_93' title="bbox 450 4666 2035 4739">
     <span class='ocr_line' id='line_1_93' title="bbox 450 4666 2035 4739; baseline -0.001 -18"><span class='ocrx_word' id='word_1_718' title='bbox 450 4668 615 4730; x_wconf 74' lang='grc' dir='ltr'><em>αὐτὸς</em></span> <span class='ocrx_word' id='word_1_719' title='bbox 644 4671 671 4721; x_wconf 87' lang='grc' dir='ltr'>ὁ</span> <span class='ocrx_word' id='word_1_720' title='bbox 695 4668 765 4723; x_wconf 87' lang='grc' dir='ltr'><em>τὰ</em></span> <span class='ocrx_word' id='word_1_721' title='bbox 794 4670 978 4722; x_wconf 78' lang='grc' dir='ltr'><em>πάντα</em></span> <span class='ocrx_word' id='word_1_722' title='bbox 1008 4666 1254 4739; x_wconf 84' lang='grc' dir='ltr'><em>πληρῶν.</em></span> <span class='ocrx_word' id='word_1_723' title='bbox 1292 4666 1593 4737; x_wconf 84' lang='grc' dir='ltr'><em>Πορεύεται</em></span> <span class='ocrx_word' id='word_1_724' title='bbox 1618 4668 1800 4720; x_wconf 86' lang='grc' dir='ltr'><em>τοίνυν</em></span> <span class='ocrx_word' id='word_1_725' title='bbox 1825 4666 2035 4738; x_wconf 75' lang='grc' dir='ltr'><em>ἀνθρω-</em></span> 
     </span>
    </p>
   </div>
   <div class='ocr_carea' id='block_1_94' title="bbox 2133 4661 3751 4741">
    <p class='ocr_par' dir='ltr' id='par_1_94' title="bbox 2133 4661 3751 4741">
     <span class='ocr_line' id='line_1_94' title="bbox 2133 4661 3751 4741; baseline 0.005 -25"><span class='ocrx_word' id='word_1_726' title='bbox 2133 4663 2278 4717; x_wconf 84' lang='lat' dir='ltr'><strong>enim</strong></span> <span class='ocrx_word' id='word_1_727' title='bbox 2310 4671 2393 4716; x_wconf 83' lang='lat' dir='ltr'><strong>est</strong></span> <span class='ocrx_word' id='word_1_728' title='bbox 2422 4662 2476 4716; x_wconf 92' lang='lat' dir='ltr'><strong>in</strong></span> <span class='ocrx_word' id='word_1_729' title='bbox 2509 4664 2729 4719; x_wconf 58' lang='lat' dir='ltr'><strong>caelum.</strong></span> <span class='ocrx_word' id='word_1_730' title='bbox 2764 4661 2966 4718; x_wconf 84' lang='lat' dir='ltr'><strong>Verum</strong></span> <span class='ocrx_word' id='word_1_731' title='bbox 3012 4675 3073 4718; x_wconf 90' lang='lat' dir='ltr'><strong>ut</strong></span> <span class='ocrx_word' id='word_1_732' title='bbox 3140 4666 3282 4722; x_wconf 88' lang='lat' dir='ltr'><strong>Deus</strong></span> <span class='ocrx_word' id='word_1_733' title='bbox 3314 4668 3598 4741; x_wconf 79' lang='lat' dir='ltr'><strong>pollicetur</strong></span> <span class='ocrx_word' id='word_1_734' title='bbox 3649 4673 3751 4726; x_wconf 86' lang='lat' dir='ltr'><strong>im-</strong></span> 
     </span>
    </p>
   </div>
   <div class='ocr_carea' id='block_1_95' title="bbox 450 4756 2046 4831">
    <p class='ocr_par' dir='ltr' id='par_1_95' title="bbox 450 4759 2036 4831">
     <span class='ocr_line' id='line_1_95' title="bbox 450 4759 2036 4831; baseline 0.001 -19"><span class='ocrx_word' id='word_1_735' title='bbox 450 4763 648 4825; x_wconf 80' lang='grc' dir='ltr'><em>πίνως.</em></span> <span class='ocrx_word' id='word_1_736' title='bbox 676 4760 979 4831; x_wconf 81' lang='grc' dir='ltr'><strong>Ἀνελήφθη</strong></span> <span class='ocrx_word' id='word_1_737' title='bbox 1000 4759 1110 4829; x_wconf 86' lang='grc' dir='ltr'><strong>γὰρ</strong></span> <span class='ocrx_word' id='word_1_738' title='bbox 1136 4760 1214 4823; x_wconf 86' lang='grc' dir='ltr'><strong>εἰς</strong></span> <span class='ocrx_word' id='word_1_739' title='bbox 1236 4760 1328 4813; x_wconf 87' lang='grc' dir='ltr'><em>τὸν</em></span> <span class='ocrx_word' id='word_1_740' title='bbox 1349 4760 1601 4829; x_wconf 85' lang='grc' dir='ltr'><em>οὐρανόν.</em></span> <span class='ocrx_word' id='word_1_741' title='bbox 1631 4759 1774 4814; x_wconf 82' lang='grc' dir='ltr'><em>Ἀλλ’</em></span> <span class='ocrx_word' id='word_1_742' title='bbox 1798 4760 1873 4825; x_wconf 80' lang='grc' dir='ltr'><em>ὡς</em></span> <span class='ocrx_word' id='word_1_743' title='bbox 1898 4760 2036 4824; x_wconf 85' lang='grc' dir='ltr'><em>Θεὸς</em></span> 
     </span>
    </p>
   </div>
   <div class='ocr_carea' id='block_1_96' title="bbox 2152 4756 3751 4831">
    <p class='ocr_par' dir='ltr' id='par_1_96' title="bbox 2152 4756 3751 4827">
     <span class='ocr_line' id='line_1_96' title="bbox 2152 4756 3751 4827; baseline 0.006 -17"><span class='ocrx_word' id='word_1_744' title='bbox 2152 4756 2404 4810; x_wconf 72' lang='lat' dir='ltr'><strong>ﬂeturum</strong></span> <span class='ocrx_word' id='word_1_745' title='bbox 2434 4771 2495 4812; x_wconf 91' lang='lat' dir='ltr'><strong>se</strong></span> <span class='ocrx_word' id='word_1_746' title='bbox 2524 4758 2859 4826; x_wconf 82' lang='lat' dir='ltr'><strong>precantium</strong></span> <span class='ocrx_word' id='word_1_747' title='bbox 2887 4758 3176 4827; x_wconf 81' lang='lat' dir='ltr'><strong>postulata,</strong></span> <span class='ocrx_word' id='word_1_748' title='bbox 3208 4760 3253 4815; x_wconf 86' lang='lat' dir='ltr'><strong>si</strong></span> <span class='ocrx_word' id='word_1_749' title='bbox 3310 4760 3361 4815; x_wconf 92' lang='lat' dir='ltr'><strong>in</strong></span> <span class='ocrx_word' id='word_1_750' title='bbox 3404 4762 3624 4818; x_wconf 85' lang='lat' dir='ltr'><strong>nomine</strong></span> <span class='ocrx_word' id='word_1_751' title='bbox 3647 4779 3751 4819; x_wconf 86' lang='lat' dir='ltr'><strong>suo</strong></span> 
     </span>
    </p>
   </div>
   <div class='ocr_carea' id='block_1_97' title="bbox 449 4853 2035 4925">
    <p class='ocr_par' dir='ltr' id='par_1_97' title="bbox 449 4853 2035 4925">
     <span class='ocr_line' id='line_1_97' title="bbox 449 4853 2035 4925; baseline -0.001 -18"><span class='ocrx_word' id='word_1_752' title='bbox 449 4853 856 4922; x_wconf 72' lang='grc' dir='ltr'><em>ἐπαγγέλλεται.</em></span> <span class='ocrx_word' id='word_1_753' title='bbox 893 4853 1139 4924; x_wconf 81' lang='grc' dir='ltr'><em>πληροῦν</em></span> <span class='ocrx_word' id='word_1_754' title='bbox 1170 4854 1239 4907; x_wconf 80' lang='grc' dir='ltr'><em>τὰ</em></span> <span class='ocrx_word' id='word_1_755' title='bbox 1270 4855 1552 4925; x_wconf 78' lang='grc' dir='ltr'><em>αἰτήματα</em></span> <span class='ocrx_word' id='word_1_756' title='bbox 1582 4853 1694 4907; x_wconf 84' lang='grc' dir='ltr'><em>τῶν</em></span> <span class='ocrx_word' id='word_1_757' title='bbox 1723 4870 2035 4925; x_wconf 84' lang='grc' dir='ltr'><em>προσερχο-</em></span> 
     </span>
    </p>
   </div>
   <div class='ocr_carea' id='block_1_98' title="bbox 452 4944 2033 5016">
    <p class='ocr_par' dir='ltr' id='par_1_98' title="bbox 452 4944 2033 5016">
     <span class='ocr_line' id='line_1_98' title="bbox 452 4944 2033 5016; baseline -0.001 -17"><span class='ocrx_word' id='word_1_758' title='bbox 452 4949 633 5015; x_wconf 80' lang='grc' dir='ltr'><em>μένων</em></span> <span class='ocrx_word' id='word_1_759' title='bbox 654 4986 670 5010; x_wconf 92' lang='grc'><strong>,</strong></span> <span class='ocrx_word' id='word_1_760' title='bbox 704 4949 753 4999; x_wconf 84' lang='grc' dir='ltr'><strong>εἰ</strong></span> <span class='ocrx_word' id='word_1_761' title='bbox 788 4949 846 4999; x_wconf 76' lang='grc' dir='ltr'><em>ὲν</em></span> <span class='ocrx_word' id='word_1_762' title='bbox 874 4944 956 5016; x_wconf 85' lang='grc' dir='ltr'><em>τῷ</em></span> <span class='ocrx_word' id='word_1_763' title='bbox 988 4945 1215 5016; x_wconf 86' lang='grc' dir='ltr'><em>ὀνόματι</em></span> <span class='ocrx_word' id='word_1_764' title='bbox 1248 4946 1418 4998; x_wconf 83' lang='grc' dir='ltr'><em>αὐτοῦ</em></span> <span class='ocrx_word' id='word_1_765' title='bbox 1453 4947 1695 4999; x_wconf 78' lang='grc' dir='ltr'><em>ποιοῖντο</em></span> <span class='ocrx_word' id='word_1_766' title='bbox 1725 4946 1825 5008; x_wconf 79' lang='grc' dir='ltr'><em>τὰς</em></span> <span class='ocrx_word' id='word_1_767' title='bbox 1856 4944 2033 5007; x_wconf 78' lang='grc' dir='ltr'><em>λιτάς.</em></span> 
     </span>
    </p>
   </div>
   <div class='ocr_carea' id='block_1_99' title="bbox 452 5035 2046 5109">
    <p class='ocr_par' dir='ltr' id='par_1_99' title="bbox 452 5035 2046 5109">
     <span class='ocr_line' id='line_1_99' title="bbox 452 5035 2046 5109; baseline -0.001 -19"><span class='ocrx_word' id='word_1_768' title='bbox 452 5036 585 5090; x_wconf 77' lang='grc' dir='ltr'><em>Εἶτα</em></span> <span class='ocrx_word' id='word_1_769' title='bbox 617 5040 724 5091; x_wconf 84' lang='grc' dir='ltr'><em>τίνι</em></span> <span class='ocrx_word' id='word_1_770' title='bbox 765 5038 832 5092; x_wconf 83' lang='grc' dir='ltr'><em>ἂν</em></span> <span class='ocrx_word' id='word_1_771' title='bbox 870 5039 1070 5109; x_wconf 80' lang='grc' dir='ltr'><em>πρέποι</em></span> <span class='ocrx_word' id='word_1_772' title='bbox 1107 5037 1167 5090; x_wconf 89' lang='grc' dir='ltr'><em>τὸ</em></span> <span class='ocrx_word' id='word_1_773' title='bbox 1208 5035 1455 5107; x_wconf 86' lang='grc' dir='ltr'><em>πληροῦν</em></span> <span class='ocrx_word' id='word_1_774' title='bbox 1489 5037 1657 5106; x_wconf 81' lang='grc' dir='ltr'><em>εὐχὰς</em></span> <span class='ocrx_word' id='word_1_775' title='bbox 1695 5037 1907 5105; x_wconf 82' lang='grc' dir='ltr'><em>ἁγίων,</em></span> <span class='ocrx_word' id='word_1_776' title='bbox 1946 5035 2046 5089; x_wconf 78' lang='grc' dir='ltr'><strong>καὶ</strong></span> 
     </span>
    </p>
   </div>
   <div class='ocr_carea' id='block_1_100' title="bbox 448 5125 2044 5201">
    <p class='ocr_par' dir='ltr' id='par_1_100' title="bbox 448 5125 2044 5201">
     <span class='ocr_line' id='line_1_100' title="bbox 448 5125 2044 5201; baseline -0.001 -18"><span class='ocrx_word' id='word_1_777' title='bbox 448 5130 777 5201; x_wconf 76' lang='grc' dir='ltr'><em>χαρίζεσθαι</em></span> <span class='ocrx_word' id='word_1_778' title='bbox 816 5129 884 5183; x_wconf 83' lang='grc' dir='ltr'><em>τὰ</em></span> <span class='ocrx_word' id='word_1_779' title='bbox 926 5131 1244 5199; x_wconf 85' lang='grc' dir='ltr'><em>αἰτήματα,</em></span> <span class='ocrx_word' id='word_1_780' title='bbox 1286 5127 1431 5199; x_wconf 78' lang='grc' dir='ltr'><em>πλὴν</em></span> <span class='ocrx_word' id='word_1_781' title='bbox 1467 5129 1551 5181; x_wconf 83' lang='grc' dir='ltr'><em>ὅτι</em></span> <span class='ocrx_word' id='word_1_782' title='bbox 1594 5128 1742 5198; x_wconf 81' lang='grc' dir='ltr'><em>μόνῳ</em></span> <span class='ocrx_word' id='word_1_783' title='bbox 1777 5127 1857 5199; x_wconf 85' lang='grc' dir='ltr'><em>τῷ</em></span> <span class='ocrx_word' id='word_1_784' title='bbox 1900 5125 2044 5181; x_wconf 81' lang='grc' dir='ltr'><em>κατὰ</em></span> 
     </span>
    </p>
   </div>
   <div class='ocr_carea' id='block_1_101' title="bbox 448 5220 1299 5294">
    <p class='ocr_par' dir='ltr' id='par_1_101' title="bbox 448 5220 1299 5294">
     <span class='ocr_line' id='line_1_101' title="bbox 448 5220 1299 5294; baseline 0.019 -23"><span class='ocrx_word' id='word_1_785' title='bbox 448 5225 613 5294; x_wconf 76' lang='grc' dir='ltr'><em>φύσιν</em></span> <span class='ocrx_word' id='word_1_786' title='bbox 643 5225 738 5277; x_wconf 75' lang='grc' dir='ltr'><strong>καὶ</strong></span> <span class='ocrx_word' id='word_1_787' title='bbox 765 5222 963 5290; x_wconf 77' lang='grc' dir='ltr'><em>ἀληθεί</em></span> <span class='ocrx_word' id='word_1_788' title='bbox 992 5221 1106 5274; x_wconf 77' lang='grc' dir='ltr'><em>ὄντι</em></span> <span class='ocrx_word' id='word_1_789' title='bbox 1140 5220 1299 5292; x_wconf 67' lang='lat' dir='ltr'><strong>sui»;</strong></span> 
     </span>
    </p>
   </div>
   <div class='ocr_carea' id='block_1_102' title="bbox 514 5312 2044 5383">
    <p class='ocr_par' dir='ltr' id='par_1_102' title="bbox 514 5312 2044 5383">
     <span class='ocr_line' id='line_1_102' title="bbox 514 5312 2044 5383; baseline -0.003 -13"><span class='ocrx_word' id='word_1_790' title='bbox 514 5316 679 5383; x_wconf 77' lang='grc' dir='ltr'><strong>Αὕτη</strong></span> <span class='ocrx_word' id='word_1_791' title='bbox 714 5315 783 5370; x_wconf 80' lang='grc' dir='ltr'><em>δέ</em></span> <span class='ocrx_word' id='word_1_792' title='bbox 818 5317 992 5369; x_wconf 84' lang='grc' dir='ltr'><em>ἐστιν</em></span> <span class='ocrx_word' id='word_1_793' title='bbox 1026 5313 1064 5381; x_wconf 75' lang='grc' dir='ltr'>ἡ</span> <span class='ocrx_word' id='word_1_794' title='bbox 1102 5312 1341 5379; x_wconf 83' lang='grc' dir='ltr'><em>αἰώνιος</em></span> <span class='ocrx_word' id='word_1_795' title='bbox 1377 5312 1489 5379; x_wconf 81' lang='grc' dir='ltr'><strong>ζωὴ</strong></span> <span class='ocrx_word' id='word_1_796' title='bbox 1510 5353 1524 5374; x_wconf 86' lang='grc'><strong>,</strong></span> <span class='ocrx_word' id='word_1_797' title='bbox 1560 5313 1662 5365; x_wconf 79' lang='grc' dir='ltr'><em>ἵνα</em></span> <span class='ocrx_word' id='word_1_798' title='bbox 1696 5312 2044 5381; x_wconf 75' lang='grc' dir='ltr'><em>γινώσκωσι</em></span> 
     </span>
    </p>
   </div>
   <div class='ocr_carea' id='block_1_103' title="bbox 2136 4846 3751 4917">
    <p class='ocr_par' dir='ltr' id='par_1_103' title="bbox 2136 4846 3751 4917">
     <span class='ocr_line' id='line_1_103' title="bbox 2136 4846 3751 4917; baseline 0.007 -18"><span class='ocrx_word' id='word_1_799' title='bbox 2136 4860 2333 4917; x_wconf 83' lang='lat' dir='ltr'><strong>preces</strong></span> <span class='ocrx_word' id='word_1_800' title='bbox 2359 4846 2667 4902; x_wconf 70' lang='lat' dir='ltr'><strong>eﬂ&#39;utlerint.</strong></span> <span class='ocrx_word' id='word_1_801' title='bbox 2707 4846 2807 4902; x_wconf 91' lang='lat' dir='ltr'><strong>Cui</strong></span> <span class='ocrx_word' id='word_1_802' title='bbox 2835 4859 3019 4904; x_wconf 89' lang='lat' dir='ltr'><strong>autem</strong></span> <span class='ocrx_word' id='word_1_803' title='bbox 3043 4851 3303 4907; x_wconf 86' lang='lat' dir='ltr'><strong>convenit</strong></span> <span class='ocrx_word' id='word_1_804' title='bbox 3351 4860 3475 4909; x_wconf 81' lang='lat' dir='ltr'><strong>vota</strong></span> <span class='ocrx_word' id='word_1_805' title='bbox 3531 4866 3751 4911; x_wconf 83' lang='lat' dir='ltr'><strong>sancto-</strong></span> 
     </span>
    </p>
   </div>
   <div class='ocr_carea' id='block_1_104' title="bbox 2144 4938 3747 5013">
    <p class='ocr_par' dir='ltr' id='par_1_104' title="bbox 2144 4938 3747 5013">
     <span class='ocr_line' id='line_1_104' title="bbox 2144 4938 3747 5013; baseline 0.003 -23"><span class='ocrx_word' id='word_1_806' title='bbox 2144 4952 2266 4991; x_wconf 90' lang='lat' dir='ltr'><strong>rum</strong></span> <span class='ocrx_word' id='word_1_807' title='bbox 2299 4938 2549 5006; x_wconf 77' lang='lat' dir='ltr'><strong>explere,</strong></span> <span class='ocrx_word' id='word_1_808' title='bbox 2579 4948 2634 4993; x_wconf 88' lang='lat' dir='ltr'><strong>et</strong></span> <span class='ocrx_word' id='word_1_809' title='bbox 2677 4954 2801 5009; x_wconf 64' lang='lat' dir='ltr'><strong>quae</strong></span> <span class='ocrx_word' id='word_1_810' title='bbox 2870 4940 3238 5010; x_wconf 85' lang='lat' dir='ltr'><strong>postulantur,</strong></span> <span class='ocrx_word' id='word_1_811' title='bbox 3268 4940 3519 5013; x_wconf 69' lang='lat' dir='ltr'><strong>elargiri,</strong></span> <span class='ocrx_word' id='word_1_812' title='bbox 3549 4947 3653 5000; x_wconf 84' lang='lat' dir='ltr'><strong>nisi</strong></span> <span class='ocrx_word' id='word_1_813' title='bbox 3697 4943 3747 5002; x_wconf 77' lang='lat' dir='ltr'><strong>ei</strong></span> 
     </span>
    </p>
   </div>
   <div class='ocr_carea' id='block_1_105' title="bbox 2141 5028 3393 5100">
    <p class='ocr_par' dir='ltr' id='par_1_105' title="bbox 2141 5028 3393 5100">
     <span class='ocr_line' id='line_1_105' title="bbox 2141 5028 3393 5100; baseline 0.006 -18"><span class='ocrx_word' id='word_1_814' title='bbox 2141 5029 2233 5100; x_wconf 92' lang='lat' dir='ltr'><strong>qui</strong></span> <span class='ocrx_word' id='word_1_815' title='bbox 2266 5028 2418 5085; x_wconf 83' lang='lat' dir='ltr'><strong>solus</strong></span> <span class='ocrx_word' id='word_1_816' title='bbox 2438 5040 2702 5085; x_wconf 88' lang='lat' dir='ltr'><strong>etnatura</strong></span> <span class='ocrx_word' id='word_1_817' title='bbox 2738 5039 2795 5085; x_wconf 89' lang='lat' dir='ltr'><strong>et</strong></span> <span class='ocrx_word' id='word_1_818' title='bbox 2836 5033 3068 5090; x_wconf 84' lang='lat' dir='ltr'><strong>veritate</strong></span> <span class='ocrx_word' id='word_1_819' title='bbox 3088 5042 3176 5090; x_wconf 87' lang='lat' dir='ltr'><strong>est</strong></span> <span class='ocrx_word' id='word_1_820' title='bbox 3200 5033 3346 5092; x_wconf 87' lang='lat' dir='ltr'><strong>Deus</strong></span> <span class='ocrx_word' id='word_1_821' title='bbox 3366 5034 3393 5090; x_wconf 69' lang='grc' dir='ltr'><strong>τ</strong></span> 
     </span>
    </p>
   </div>
   <div class='ocr_carea' id='block_1_106' title="bbox 2230 5310 3747 5389">
    <p class='ocr_par' dir='ltr' id='par_1_106' title="bbox 2230 5310 3747 5389">
     <span class='ocr_line' id='line_1_106' title="bbox 2230 5310 3747 5389; baseline 0.007 -25"><span class='ocrx_word' id='word_1_822' title='bbox 2230 5310 2359 5364; x_wconf 78' lang='lat' dir='ltr'><strong>Htec</strong></span> <span class='ocrx_word' id='word_1_823' title='bbox 2383 5322 2560 5365; x_wconf 83' lang='lat' dir='ltr'><strong>autem</strong></span> <span class='ocrx_word' id='word_1_824' title='bbox 2586 5322 2665 5367; x_wconf 87' lang='lat' dir='ltr'><strong>est</strong></span> <span class='ocrx_word' id='word_1_825' title='bbox 2697 5315 2802 5368; x_wconf 74' lang='lat' dir='ltr'><strong>vita</strong></span> <span class='ocrx_word' id='word_1_826' title='bbox 2828 5328 3049 5379; x_wconf 66' lang='lat' dir='ltr'><strong>aeterna.</strong></span> <span class='ocrx_word' id='word_1_827' title='bbox 3080 5327 3137 5371; x_wconf 80' lang='grc' dir='ltr'><strong>ιιι</strong></span> <span class='ocrx_word' id='word_1_828' title='bbox 3163 5330 3484 5389; x_wconf 82' lang='lat' dir='ltr'><strong>cognoscant</strong></span> <span class='ocrx_word' id='word_1_829' title='bbox 3505 5330 3554 5374; x_wconf 88' lang='lat' dir='ltr'><strong>te</strong></span> <span class='ocrx_word' id='word_1_830' title='bbox 3576 5320 3747 5375; x_wconf 78' lang='lat' dir='ltr'><strong>solum</strong></span> 
     </span>
    </p>
   </div>
   <div class='ocr_carea' id='block_1_107' title="bbox 445 5401 2046 5477">
    <p class='ocr_par' dir='ltr' id='par_1_107' title="bbox 445 5402 2039 5477">
     <span class='ocr_line' id='line_1_107' title="bbox 445 5402 2039 5477; baseline -0.003 -16"><span class='ocrx_word' id='word_1_831' title='bbox 445 5421 522 5461; x_wconf 89' lang='grc' dir='ltr'><strong>σε</strong></span> <span class='ocrx_word' id='word_1_832' title='bbox 549 5411 657 5461; x_wconf 85' lang='grc' dir='ltr'><em>τὸν</em></span> <span class='ocrx_word' id='word_1_833' title='bbox 682 5409 876 5477; x_wconf 84' lang='grc' dir='ltr'><em>μόνον</em></span> <span class='ocrx_word' id='word_1_834' title='bbox 902 5404 1197 5473; x_wconf 74' lang='grc' dir='ltr'><em>ἀληθινὸν</em></span> <span class='ocrx_word' id='word_1_835' title='bbox 1227 5403 1399 5470; x_wconf 85' lang='grc' dir='ltr'><em>Θεὸν,</em></span> <span class='ocrx_word' id='word_1_836' title='bbox 1434 5404 1532 5457; x_wconf 81' lang='grc' dir='ltr'><strong>καί</strong></span> <span class='ocrx_word' id='word_1_837' title='bbox 1567 5402 1642 5457; x_wconf 83' lang='grc' dir='ltr'><em>ὃν</em></span> <span class='ocrx_word' id='word_1_838' title='bbox 1667 5404 2039 5471; x_wconf 74' lang='grc' dir='ltr'><em>ἀπέστειλας</em></span> 
     </span>
    </p>
   </div>
   <div class='ocr_carea' id='block_1_108' title="bbox 2152 5401 3748 5477">
    <p class='ocr_par' dir='ltr' id='par_1_108' title="bbox 2152 5401 3748 5473">
     <span class='ocr_line' id='line_1_108' title="bbox 2152 5401 3748 5473; baseline 0.006 -17"><span class='ocrx_word' id='word_1_839' title='bbox 2152 5419 2321 5456; x_wconf 77' lang='lat' dir='ltr'><strong>rerum</strong></span> <span class='ocrx_word' id='word_1_840' title='bbox 2354 5401 2539 5468; x_wconf 87' lang='lat' dir='ltr'><strong>Deum,</strong></span> <span class='ocrx_word' id='word_1_841' title='bbox 2567 5412 2615 5457; x_wconf 86' lang='lat' dir='ltr'><strong>et</strong></span> <span class='ocrx_word' id='word_1_842' title='bbox 2643 5421 2796 5473; x_wconf 86' lang='lat' dir='ltr'><strong>quem</strong></span> <span class='ocrx_word' id='word_1_843' title='bbox 2843 5408 3041 5463; x_wconf 82' lang='lat' dir='ltr'><strong>misisti</strong></span> <span class='ocrx_word' id='word_1_844' title='bbox 3065 5446 3083 5471; x_wconf 88' lang='lat'><strong>,</strong></span> <span class='ocrx_word' id='word_1_845' title='bbox 3138 5410 3320 5464; x_wconf 73' lang='lat' dir='ltr'><strong>Iesum</strong></span> <span class='ocrx_word' id='word_1_846' title='bbox 3375 5410 3649 5465; x_wconf 73' lang='lat' dir='ltr'><strong>Christum</strong></span> <span class='ocrx_word' id='word_1_847' title='bbox 3702 5418 3748 5470; x_wconf 78' lang='grc' dir='ltr'><strong>τ.</strong></span> 
     </span>
    </p>
   </div>
   <div class='ocr_carea' id='block_1_109' title="bbox 460 5495 2046 5569">
    <p class='ocr_par' dir='ltr' id='par_1_109' title="bbox 460 5495 2032 5568">
     <span class='ocr_line' id='line_1_109' title="bbox 460 5495 2032 5568; baseline -0.004 -14"><span class='ocrx_word' id='word_1_848' title='bbox 460 5500 709 5568; x_wconf 83' lang='grc' dir='ltr'><em>Ἰησοῦν</em></span> <span class='ocrx_word' id='word_1_849' title='bbox 737 5500 1018 5567; x_wconf 84' lang='grc' dir='ltr'><em>Χριστόν.</em></span> <span class='ocrx_word' id='word_1_850' title='bbox 1048 5498 1110 5550; x_wconf 88' lang='grc' dir='ltr'><em>Εἰ</em></span> <span class='ocrx_word' id='word_1_851' title='bbox 1140 5499 1207 5568; x_wconf 83' lang='grc' dir='ltr'><em>τῇ</em></span> <span class='ocrx_word' id='word_1_852' title='bbox 1241 5496 1539 5564; x_wconf 71' lang='grc' dir='ltr'><em>ἐπιγνώσει</em></span> <span class='ocrx_word' id='word_1_853' title='bbox 1569 5495 1662 5549; x_wconf 89' lang='grc' dir='ltr'><strong>τοῦ</strong></span> <span class='ocrx_word' id='word_1_854' title='bbox 1697 5496 1862 5566; x_wconf 86' lang='grc' dir='ltr'><em>μόνου</em></span> <span class='ocrx_word' id='word_1_855' title='bbox 1894 5496 2032 5549; x_wconf 89' lang='grc' dir='ltr'><em>Θεοῦ</em></span> 
     </span>
    </p>
   </div>
   <div class='ocr_carea' id='block_1_110' title="bbox 2152 5495 3745 5569">
    <p class='ocr_par' dir='ltr' id='par_1_110' title="bbox 2152 5496 3745 5569">
     <span class='ocr_line' id='line_1_110' title="bbox 2152 5496 3745 5569; baseline 0.006 -19"><span class='ocrx_word' id='word_1_856' title='bbox 2152 5498 2200 5550; x_wconf 80' lang='lat' dir='ltr'><strong>Si</strong></span> <span class='ocrx_word' id='word_1_857' title='bbox 2243 5496 2407 5565; x_wconf 73' lang='lat' dir='ltr'><strong>igitur</strong></span> <span class='ocrx_word' id='word_1_858' title='bbox 2449 5496 2621 5551; x_wconf 84' lang='lat' dir='ltr'><strong>solius</strong></span> <span class='ocrx_word' id='word_1_859' title='bbox 2672 5497 2763 5552; x_wconf 86' lang='lat' dir='ltr'><strong>Dei</strong></span> <span class='ocrx_word' id='word_1_860' title='bbox 2822 5503 3186 5569; x_wconf 75' lang='lat' dir='ltr'><strong>cngnitionem</strong></span> <span class='ocrx_word' id='word_1_861' title='bbox 3238 5504 3367 5555; x_wconf 79' lang='lat' dir='ltr'><strong>Jesu</strong></span> <span class='ocrx_word' id='word_1_862' title='bbox 3399 5504 3597 5558; x_wconf 86' lang='lat' dir='ltr'><strong>Christi</strong></span> <span class='ocrx_word' id='word_1_863' title='bbox 3651 5522 3745 5558; x_wconf 86' lang='lat' dir='ltr'><strong>co-</strong></span> 
     </span>
    </p>
   </div>
   <div class='ocr_carea' id='block_1_111' title="bbox 446 5584 2046 5663">
    <p class='ocr_par' dir='ltr' id='par_1_111' title="bbox 446 5584 2033 5659">
     <span class='ocr_line' id='line_1_111' title="bbox 446 5584 2033 5659; baseline 0 -21"><span class='ocrx_word' id='word_1_864' title='bbox 446 5585 807 5659; x_wconf 78' lang='grc' dir='ltr'><em>συνεζεῦχθαί</em></span> <span class='ocrx_word' id='word_1_865' title='bbox 836 5603 897 5638; x_wconf 90' lang='grc' dir='ltr'><strong>τε</strong></span> <span class='ocrx_word' id='word_1_866' title='bbox 948 5587 1043 5640; x_wconf 77' lang='grc' dir='ltr'><strong>καὶ</strong></span> <span class='ocrx_word' id='word_1_867' title='bbox 1098 5584 1499 5638; x_wconf 73' lang='grc' dir='ltr'><em>συνεισῆαἰνειν</em></span> <span class='ocrx_word' id='word_1_868' title='bbox 1532 5585 1749 5656; x_wconf 77' lang='grc' dir='ltr'><strong>ἀνάγκη</strong></span> <span class='ocrx_word' id='word_1_869' title='bbox 1780 5584 1879 5655; x_wconf 83' lang='grc' dir='ltr'><em>τὴν</em></span> <span class='ocrx_word' id='word_1_870' title='bbox 1909 5586 2033 5638; x_wconf 80' lang='grc' dir='ltr'><em>ἐπί-</em></span> 
     </span>
    </p>
   </div>
   <div class='ocr_carea' id='block_1_112' title="bbox 2152 5584 3751 5663">
    <p class='ocr_par' dir='ltr' id='par_1_112' title="bbox 2152 5588 3751 5663">
     <span class='ocr_line' id='line_1_112' title="bbox 2152 5588 3751 5663; baseline 0.007 -22"><span class='ocrx_word' id='word_1_871' title='bbox 2152 5588 2314 5655; x_wconf 81' lang='lat' dir='ltr'><strong>gnitio</strong></span> <span class='ocrx_word' id='word_1_872' title='bbox 2354 5588 2599 5654; x_wconf 85' lang='lat' dir='ltr'><strong>sequitur</strong></span> <span class='ocrx_word' id='word_1_873' title='bbox 2632 5591 2965 5663; x_wconf 83' lang='lat' dir='ltr'><strong>necessario,</strong></span> <span class='ocrx_word' id='word_1_874' title='bbox 3000 5592 3158 5658; x_wconf 84' lang='lat' dir='ltr'><strong>eique</strong></span> <span class='ocrx_word' id='word_1_875' title='bbox 3184 5593 3476 5661; x_wconf 76' lang='lat' dir='ltr'><strong>conjuncta</strong></span> <span class='ocrx_word' id='word_1_876' title='bbox 3528 5606 3635 5661; x_wconf 85' lang='lat' dir='ltr'><strong>est,</strong></span> <span class='ocrx_word' id='word_1_877' title='bbox 3693 5606 3751 5651; x_wconf 86' lang='lat' dir='ltr'><strong>et</strong></span> 
     </span>
    </p>
   </div>
   <div class='ocr_carea' id='block_1_113' title="bbox 521 5724 2337 5794">
    <p class='ocr_par' dir='ltr' id='par_1_113' title="bbox 521 5724 2337 5794">
     <span class='ocr_line' id='line_1_113' title="bbox 521 5724 2337 5794; baseline -0.002 -15"><span class='ocrx_word' id='word_1_878' title='bbox 521 5728 536 5759; x_wconf 74' lang='grc'><strong>⁸</strong></span> <span class='ocrx_word' id='word_1_879' title='bbox 570 5726 704 5785; x_wconf 85' lang='lat' dir='ltr'><strong>Luc.</strong></span> <span class='ocrx_word' id='word_1_880' title='bbox 735 5744 773 5793; x_wconf 85' lang='grc' dir='ltr'><strong>ι,</strong></span> <span class='ocrx_word' id='word_1_881' title='bbox 807 5729 895 5794; x_wconf 84' lang='grc'><strong>76,</strong></span> <span class='ocrx_word' id='word_1_882' title='bbox 933 5728 1023 5781; x_wconf 84' lang='grc'><strong>77.</strong></span> <span class='ocrx_word' id='word_1_883' title='bbox 1151 5729 1171 5757; x_wconf 82' lang='grc'>¹</span> <span class='ocrx_word' id='word_1_884' title='bbox 1202 5727 1388 5779; x_wconf 80' lang='lat' dir='ltr'><strong>Matth.</strong></span> <span class='ocrx_word' id='word_1_885' title='bbox 1420 5743 1495 5786; x_wconf 75' lang='lat' dir='ltr'><strong>Ix,</strong></span> <span class='ocrx_word' id='word_1_886' title='bbox 1529 5726 1636 5779; x_wconf 75' lang='grc'><strong>46.</strong></span> <span class='ocrx_word' id='word_1_887' title='bbox 1778 5727 1797 5757; x_wconf 86' lang='grc'><em>³</em></span> <span class='ocrx_word' id='word_1_888' title='bbox 1824 5724 1981 5783; x_wconf 84' lang='lat' dir='ltr'><strong>Joan.</strong></span> <span class='ocrx_word' id='word_1_889' title='bbox 2014 5742 2073 5790; x_wconf 90' lang='lat' dir='ltr'><strong>Il,</strong></span> <span class='ocrx_word' id='word_1_890' title='bbox 2127 5725 2218 5789; x_wconf 58' lang='lat'><strong>‘21,</strong></span> <span class='ocrx_word' id='word_1_891' title='bbox 2246 5725 2337 5777; x_wconf 70' lang='lat'><strong>9.3.</strong></span> 
     </span>
    </p>
   </div>
   <div class='ocr_carea' id='block_1_114' title="bbox 447 5795 1654 5862">
    <p class='ocr_par' dir='ltr' id='par_1_114' title="bbox 447 5795 1654 5862">
     <span class='ocr_line' id='line_1_114' title="bbox 447 5795 1654 5862; baseline 0 -10"><span class='ocrx_word' id='word_1_892' title='bbox 447 5795 468 5829; x_wconf 84' lang='grc'><strong>⁸</strong></span> <span class='ocrx_word' id='word_1_893' title='bbox 524 5796 680 5853; x_wconf 80' lang='lat' dir='ltr'><strong>JOan.</strong></span> <span class='ocrx_word' id='word_1_894' title='bbox 732 5816 845 5858; x_wconf 77' lang='lat' dir='ltr'><strong>xw.</strong></span> <span class='ocrx_word' id='word_1_895' title='bbox 901 5799 989 5862; x_wconf 76' lang='grc'><strong>12,</strong></span> <span class='ocrx_word' id='word_1_896' title='bbox 1030 5799 1114 5852; x_wconf 77' lang='grc'><strong>15.</strong></span> <span class='ocrx_word' id='word_1_897' title='bbox 1194 5796 1398 5851; x_wconf 79' lang='grc' dir='ltr'><strong>⁷.Ι‹›;ιιι.</strong></span> <span class='ocrx_word' id='word_1_898' title='bbox 1440 5813 1573 5860; x_wconf 78' lang='lat' dir='ltr'><strong>xm,</strong></span> <span class='ocrx_word' id='word_1_899' title='bbox 1601 5798 1654 5852; x_wconf 83' lang='grc'><strong>’5.</strong></span> 
     </span>
    </p>
   </div>
   <div class='ocr_carea' id='block_1_115' title="bbox 730 5890 2046 5957">
    <p class='ocr_par' dir='ltr' id='par_1_115' title="bbox 730 5890 1419 5955">
     <span class='ocr_line' id='line_1_115' title="bbox 730 5890 1419 5955; baseline -0.009 0"><span class='ocrx_word' id='word_1_900' title='bbox 730 5896 998 5955; x_wconf 67' lang='grc' dir='ltr'><em>Ριτιιιιι..</em></span> <span class='ocrx_word' id='word_1_901' title='bbox 1032 5896 1146 5952; x_wconf 80' lang='lat' dir='ltr'><strong>Gn.</strong></span> <span class='ocrx_word' id='word_1_902' title='bbox 1179 5890 1419 5951; x_wconf 72' lang='lat' dir='ltr'><strong>CXXX.</strong></span> 
     </span>
    </p>
   </div>
   <div class='ocr_carea' id='block_1_116' title="bbox 2152 5890 3349 5957">
    <p class='ocr_par' dir='ltr' id='par_1_116' title="bbox 3274 5897 3349 5957">
     <span class='ocr_line' id='line_1_116' title="bbox 3274 5897 3349 5957; baseline -0.04 0"><span class='ocrx_word' id='word_1_903' title='bbox 3274 5897 3349 5957; x_wconf 79' lang='lat'><strong>30</strong></span> 
     </span>
    </p>
   </div>
   <div class='ocr_carea' id='block_1_117' title="bbox 2454 5723 3744 5796">
    <p class='ocr_par' dir='ltr' id='par_1_117' title="bbox 2454 5723 3744 5796">
     <span class='ocr_line' id='line_1_117' title="bbox 2454 5723 3744 5796; baseline 0.009 -20"><span class='ocrx_word' id='word_1_904' title='bbox 2454 5723 2473 5753; x_wconf 75' lang='grc'>⁸</span> <span class='ocrx_word' id='word_1_905' title='bbox 2518 5724 2863 5791; x_wconf 78' lang='lat' dir='ltr'><strong>Psal.xxm,</strong></span> <span class='ocrx_word' id='word_1_906' title='bbox 2917 5730 3005 5782; x_wconf 73' lang='lat' dir='ltr'><strong>i5.</strong></span> <span class='ocrx_word' id='word_1_907' title='bbox 3127 5728 3148 5761; x_wconf 83' lang='grc'><strong>⁸</strong></span> <span class='ocrx_word' id='word_1_908' title='bbox 3184 5728 3348 5784; x_wconf 74' lang='grc' dir='ltr'><strong>Εςι-Ιῖ.</strong></span> <span class='ocrx_word' id='word_1_909' title='bbox 3408 5745 3598 5796; x_wconf 73' lang='lat' dir='ltr'><strong>um,</strong></span> <span class='ocrx_word' id='word_1_910' title='bbox 3652 5732 3744 5789; x_wconf 73' lang='grc'><strong>24.</strong></span> 
     </span>
    </p>
   </div>
  </div>
