4082 6418
357 387 457 450 951

1590 389 1977 452 ΕΗΤΗΥΜΠ
2019 386 2388 449 ZlGABENl

3528 380 3632 445 952

349 506 578 560 muliere
622 512 783 560 natus
837 513 943 571 est.
1003 520 1182 561 nonne
1220 506 1512 577 perspicue
1569 508 1774 573 dicent,
1806 524 1930 563 enim

2044 519 2096 555 re
2127 501 2220 557 καὶ
2263 500 2369 555 ἀνὰ
2400 499 2590 573 μέρος,
2623 501 2717 556 nul.
2744 501 2869 559 καθ’
2916 502 3111 556 ἑαυτὸν
3143 500 3463 570 νοουμένου,
3498 504 3619 569 πῶς

350 594 501 649 mimi
557 594 766 650 ratione
794 596 1049 667 omnique
1088 598 1247 651 modo
1276 612 1398 653 cum
1431 596 1592 653 Patre
1629 609 1683 654 et
1726 599 1930 669 Spiritu

352 695 543 743 sancto
574 689 921 759 conjunctutn
968 701 1115 755 esse,
1155 689 1381 760 expulso
1410 691 1573 745 etiam
1608 690 1839 746 fortasse
1863 706 1929 746 ex

352 776 466 832 veri
489 776 609 835 Filii
636 777 779 843 loco,
806 776 980 834 Verbo
1009 792 1077 835 ex
1106 778 1219 835 Deo
1245 781 1463 849 genito?
1484 781 1590 836 Sed
1624 780 1745 836 vide
1775 781 1935 851 plane

355 880 433 936 ιιι,
465 869 558 939 qui
610 878 847 926 mentem
880 869 1048 927 habes
1081 872 1401 937 excitatam,
1437 874 1725 931 labsurdas
1752 874 1935 930 homi-

355 975 480 1018 num
509 962 889 1034 cogitationes.
920 962 1301 1021 Necessarium
1341 965 1507 1035 igitur
1556 974 1664 1032 est,
1690 977 1751 1024 ut
1777 969 1935 1023 intel-

354 1054 601 1126 ligamus,
638 1053 730 1109 Dei
767 1053 999 1111 Verbum
1050 1065 1108 1111 ut
1156 1070 1278 1124 nos,
1308 1066 1520 1123 natum,
1568 1068 1763 1129 sponte
1809 1075 1935 1130 pas-

353 1159 473 1201 sum
502 1158 630 1201 esse
658 1159 846 1201 carne.
878 1145 972 1202 Sic
1002 1147 1149 1202 enim
1182 1148 1235 1203 in
1258 1156 1491 1203 mortem
1534 1149 1705 1218 ipsius
1758 1149 1935 1221 bapti-

354 1237 462 1293 zati
505 1252 716 1301 sumus.
767 1248 826 1293 ut
878 1239 970 1311 qui
1014 1254 1156 1295 unus
1206 1238 1277 1296 sit
1324 1238 1520 1304 Filius.
1573 1252 1836 1313 quantum
1867 1245 1933 1299 ad

356 1330 656 1388 divinitatis
684 1340 938 1387 naturam
967 1333 1224 1403 pertinet,
1277 1333 1619 1406 impatibilis,
1671 1346 1934 1405 quantum

354 1435 537 1479 autem
567 1424 635 1481 ad
666 1438 908 1488 carnem,
943 1424 1204 1493 patibilis.

426 1516 687 1586 Apparuit
718 1518 894 1589 gratia
920 1516 1014 1572 Dei
1059 1517 1148 1573 illa
1179 1519 1435 1575 salutaris
1486 1522 1729 1576 omnibus
1768 1524 1936 1577 homi-

359 1609 535 1673 nibus,
579 1608 823 1662 erudiens
875 1626 990 1676 nos,
1038 1618 1095 1663 ut
1148 1612 1462 1680 abnegantes
1504 1612 1844 1682 impietatem,
1889 1627 1937 1671 et

359 1700 645 1753 swcularia
693 1702 979 1767 desideria,
1006 1701 1201 1768 sobrie,
1231 1713 1277 1755 et
1310 1704 1472 1771 juste,
1502 1715 1551 1758 et
1580 1704 1666 1769 pie
1702 1707 1937 1761 vivamus

358 1791 412 1842 in
436 1789 533 1844 hoc
556 1792 767 1856 sa'culo,
788 1802 1145 1862 exspectantes
1175 1792 1383 1848 beatam
1407 1810 1547 1858 spem
1578 1804 1626 1850 et
1654 1797 1933 1853 adventum

2034 594 2135 649 οὐκ
2170 595 2351 649 ἐκεῖνό
2383 610 2552 664 φασιν
2581 595 2914 667 ἀναφανδὸν,
2950 595 3034 650 ὅτι
3066 594 3245 665 πάντη
3278 612 3336 648 τε
3366 595 3463 648 καὶ
3491 597 3625 648 πάν-

2034 705 2141 751 τως
2173 688 2333 752 αὐτὸς
2358 689 2443 761 είη
2478 688 2545 743 ἂν
2573 688 2601 741 ὁ
2631 689 3064 759 συντεταγμένος
3089 688 3166 758 τῷ
3194 687 3369 757 ῙΙατρὶ
3425 690 3518 743 καὶ
3544 688 3623 760 τῷ

2036 779 2178 852 ἁγίῳ
2206 780 2483 849 Πνεῦματι
2510 798 2524 848 ;
2554 782 2696 852 τάχα
2726 798 2830 835 που
2870 782 2964 835 καὶ
2995 780 3325 846 ὲξωσθέντος
3358 780 3460 851 τῆς
3493 781 3630 852 ἁλη-

2037 870 2163 933 θοῦς
2189 872 2435 942 υἰότητος
2457 870 2551 925 τοῦ
2573 874 2639 927 ὲκ
2674 871 2811 926 Θεοῦ
2846 871 3045 943 φύντος
3083 873 3281 941 Λόγου.
3356 874 3498 927 Ἀλλ’
3525 875 3628 945 ὅρα

2039 980 2142 1017 που
2158 963 2445 1029 πάντως,6
2471 963 2599 1020 νοῦν
2622 964 2762 1034 ἔχων
2783 964 3235 1035 διεγηγερμένον,
3271 965 3372 1037 τὴν
3400 964 3511 1018 τῶν
3537 968 3627 1019 ὲν·-

2037 1057 2201 1111 νοιῶν
2235 1058 2490 1113 ἀτοπίαν.
2534 1057 2746 1112 Οὐκοῦν
2792 1059 3008 1128 ἀνάγκη
3065 1060 3228 1121 νοεῖν,
3270 1059 3355 1112 ὅτι
3385 1058 3629 1127 γεγονὼς

2040 1147 2164 1201 καθ’
2195 1151 2344 1221 ἡμᾶς
2370 1152 2400 1205 ὁ
2422 1150 2517 1204 τοῦ
2546 1149 2684 1203 Θεοῦ
2715 1150 2910 1218 Λόγος,
2945 1152 3109 1221 σαρκὶ
3144 1151 3413 1204 πέπονθεν
3460 1151 3628 1206 ἑκών.

2039 1237 2469 1310 Βεσαπτίσμεθα
2502 1238 2611 1310 γὰρ
2635 1237 2807 1302 οὕτως
2829 1241 2908 1304 είς
2938 1241 3033 1293 τὸν
3056 1240 3221 1294 αὐτοῦ
3247 1241 3502 1306 θάνατον,
3548 1241 3627 1304 ὡς

2039 1330 2159 1395 ἐνὸς
2207 1331 2359 1395 ὄντος
2389 1331 2543 1393 Υίοῦ,
2580 1333 2724 1386 κατὰ
2757 1331 2859 1403 μὲν
2907 1332 3007 1405 τὴν
3043 1333 3140 1401 τῆς
3176 1333 3430 1404 θεότητος
3466 1334 3631 1402 φύσιν

2038 1420 2312 1486 ἀπαθοῦς,
2340 1419 2591 1492 παθητοῦ
2622 1422 2678 1476 δὲ
2704 1423 2844 1476 κατὰ
2877 1422 3079 1493 σάρκα.

2120 1512 2423 1582 Ἐπεφάνη
2442 1514 2480 1582 ἡ
2500 1513 2671 1582 χάρις
2690 1514 2794 1569 τοῦ
2819 1514 3016 1584 Θεοῦὴ
3038 1516 3306 1587 σωτήριος
3325 1516 3516 1573 πᾶσιν
3530 1535 3633 1573 αν-

2039 1602 2313 1673 θρώποις,
2344 1604 2722 1660 παιδεύουσα
2755 1606 2934 1676 ἡμᾶς,
2963 1607 3065 1660 ἵνα
3082 1607 3489 1678 ἀρνησάμενοι
3514 1611 3631 1678 τὴν

2038 1696 2316 1751 ἀσέϐειαν
2344 1696 2439 1750 καί
2465 1697 2571 1762 τὰς
2593 1699 2887 1766 κοσμικὰς
2902 1698 3223 1769 ἐπιθυμίας
3240 1740 3254 1764 ,
3275 1705 3627 1771 σωφρόνως,

2039 1784 2137 1837 καὶ
2166 1784 2450 1851 δικαίως,
2507 1787 2604 1841 καὶ
2633 1788 2902 1853 εὐσεόως
2948 1785 3224 1859 ζήσωμεν
3276 1791 3345 1845 ἐν
3394 1792 3473 1857 τῷ
3515 1795 3632 1848 νῦν

358 1882 541 1952 gloria:
569 1886 747 1954 magni
782 1860 897 1949 Dei,
929 1896 977 1939 et
1020 1885 1313 1941 Saluatoris
1352 1888 1521 1942 nostri
1548 1888 1676 1943 Jesu
1711 1889 1933 1956 Christi,

2044 1874 2225 1940 αίῶνι,
2242 1877 2711 1948 προσδεχόμενοι
2734 1895 2759 1930 r
2771 1881 2845 1950 ὴν
2854 1902 2887 1948 ιι
2900 1897 2938 1934 α
2956 1916 2957 1919 η
2977 1882 3151 1950 αρίαν
3161 1881 3377 1955 ἐλπίδα
3392 1902 3429 1938 κ
3453 1887 3484 1935 ιὶ
3506 1886 3633 1939 emo

358 1975 447 2044 qui
488 1977 629 2030 dedit
670 1978 1004 2046 semetipsum
1042 1988 1097 2032 ut
1130 1995 1222 2033 nos
1254 1980 1525 2036 redimeret
1557 1983 1621 2035 ab
1646 1984 1789 2039 omni
1833 1984 1939 2038 ini-

360 2068 579 2138 quitate,
651 2078 701 2125 et
756 2074 1038 2124 mandaret
1089 2071 1190 2126 sibi
1247 2073 1499 2142 populum
1545 2077 1939 2145 acceptabilem,

360 2170 671 2219 sectatorem
717 2164 972 2218 bonorum
1034 2180 1250 2235 operum
1278 2168 1319 2223 ί.
1377 2167 1637 2235 Quaenam
1688 2181 1783 2245 est,
1828 2175 1942 2229 haec

361 2255 555 2324 gratia,
602 2262 657 2312 et
688 2253 843 2325 cujus
871 2254 986 2318 Dei,
1016 2269 1135 2325 qua:
1158 2256 1313 2312 nobis
1350 2260 1622 2329 apparuit,
1650 2270 1705 2315 et
1736 2261 1941 2317 saluta-

367 2344 443 2400 ris
493 2360 613 2400 esse
638 2344 837 2402 dicitur
867 2345 1120 2401 omnibus
1167 2346 1518 2403 hominibus?
1558 2347 1747 2407 Nonne
1799 2349 1943 2408 Deus

362 2445 417 2491 et
448 2434 732 2503 Dominus,
793 2445 852 2493 ut
880 2452 944 2491 ex
980 2436 1121 2493 beati
1165 2436 1385 2495 Davidis
1423 2440 1605 2497 verbis
1657 2443 1944 2514 perspicue

363 2536 529 2593 patet,
579 2527 833 2598 apparuit
883 2527 1061 2593 nobis,
1110 2536 1165 2581 et
1213 2526 1329 2595 ejus
1378 2542 1409 2585 e
1459 2528 1615 2585 oculis
1643 2530 1934 2586 adventum

361 2618 720 2687 suscepiums,
770 2627 823 2672 et
875 2617 989 2685 ipse
1033 2626 1121 2673 est
1178 2616 1321 2673 Deus
1361 2626 1417 2674 et
1450 2612 1710 2673 Servator
1737 2628 1940 2685 noster,

363 2708 519 2766 Jesus
548 2709 819 2772 Christus,
855 2709 948 2779 qui
983 2707 1135 2765 dedit
1164 2708 1512 2779 semetipsum
1544 2723 1643 2779 pro
1670 2709 1862 2775 nobis,
1887 2718 1946 2764 ut

365 2818 464 2860 nos
495 2804 563 2857 ab
594 2804 738 2857 omni
768 2812 987 2874 peccato
1022 2799 1279 2857 liberatos
1304 2814 1463 2858 veros
1488 2800 1591 2857 sibi
1632 2801 1946 2857 adoratores

367 2894 686 2951 adhiberet?
744 2894 877 2961 Quis
907 2894 1071 2964 igitur
1111 2892 1279 2949 Deum
1308 2907 1498 2948 verum
1532 2891 1942 2948 Emmanuelem

364 3001 486 3043 esse
540 2996 734 3057 neget,
808 3001 929 3041 cum
988 2984 1178 3041 beatus
1239 2982 1439 3039 Paulus
1504 2997 1627 3038 eum
1693 2998 1945 3054 magnum

368 3079 535 3134 Deum
586 3088 643 3134 et
720 3078 1055 3134 Salvatorem
1128 3084 1372 3132 nostrum
1429 3073 1613 3132 Jesum
1665 3073 1944 3131 Christum

363 3170 599 3242 appellet
618 3169 641 3224 ί
1038 3170 1047 3180 ’

435 3351 502 3407 Ει
534 3351 652 3406 sine
683 3350 1054 3406 controversia
1084 3364 1335 3420 magnum
1360 3358 1442 3405 cst
1468 3348 1686 3421 pietatis
1741 3355 1944 3420 myste-

365 3446 529 3500 rium.
564 3443 703 3498 Deus
763 3440 1142 3497 manifestatus
1176 3439 1341 3496 estin
1377 3453 1560 3504 carne.
1617 3438 1943 3507 justltlcatus

365 3549 449 3594 est
483 3539 532 3592 in
572 3536 810 3606 Spiritu,
847 3536 995 3591 visus
1029 3544 1112 3591 est
1141 3536 1209 3589 ab
1248 3533 1476 3604 angelis,
1512 3534 1833 3603 praedicatus
1861 3543 1945 3589 est

367 3633 417 3684 in
448 3630 715 3697 gentibus,
770 3627 1009 3683 creditus
1039 3634 1122 3681 est
1149 3626 1201 3681 in
1257 3626 1481 3689 mundo,
1515 3635 1828 3695 assumptus
1859 3633 1946 3681 est

364 3727 416 3777 i'n
440 3722 633 3793 gloria.
665 3720 863 3789 Ecquis
896 3716 1271 3773 manifestatus
1327 3725 1415 3773 est
1440 3716 1494 3771 in
1531 3714 1734 3771 carne?
1766 3728 1945 3771 nonne

365 3815 522 3887 plane
541 3824 700 3883 atque
728 3812 951 3868 omnino
975 3809 1208 3866 Verbum
1231 3825 1297 3863 ex
1327 3809 1435 3863 Deo
1456 3805 1651 3862 Patre?
1680 3805 1771 3862 Sic
1798 3806 1944 3863 enim

364 3909 468 3963 erit
506 3921 757 3978 magnum
790 3904 1009 3975 pietatis
1046 3903 1389 3974 mysterium.
1442 3901 1599 3957 Visus
1646 3910 1826 3955 autem
1860 3908 1975 3955 est'

363 4002 434 4057 ab
462 3999 668 4070 angelis
692 3998 747 4054 in
792 3997 990 4053 celum
1021 3996 1356 4062 ascendens;
1404 3994 1729 4064 prmdicatus
1766 4003 1850 4047 est
1888 3992 1945 4048 in

364 4091 616 4164 gentibus
664 4103 760 4158 per
833 4094 1054 4144 sanctos
1108 4082 1405 4156 apostolos,
1463 4081 1700 4137 creditus
1754 4088 1838 4137 est
1888 4077 1944 4133 in

367 4184 590 4241 mundo.
642 4181 708 4237 Et
736 4179 882 4236 nullo
916 4178 1074 4234 modo
1104 4175 1334 4245 amplius
1383 4172 1635 4239 dicimus,
1664 4187 1787 4228 eum
1823 4184 1948 4228 esse

365 4274 683 4345 simpliciter
718 4270 1014 4332 hominem,
1050 4264 1238 4337 quales
1265 4279 1365 4323 nos
1392 4278 1603 4331 sumus,
1629 4264 1723 4319 sed
1750 4263 1944 4327 Deum,

367 4372 457 4443 qui
479 4369 531 4423 in
561 4380 753 4434 carne,
778 4363 851 4417 uti
886 4374 1005 4429 nos,
1027 4370 1188 4415 natus
1205 4367 1305 4425 est,
1332 4358 1639 4428 assumptus
1664 4365 1842 4413 autem
1864 4365 1949 4413 est

370 4466 421 4519 iu
479 4460 673 4533 gloria,
729 4468 786 4511 ut
831 4457 997 4511 Deum
1046 4465 1101 4510 et
1146 4454 1360 4508 Patrem
1410 4454 1593 4507 audiat
1621 4451 1942 4506 dicentem:

2041 1967 2300 2049 φάνειαν
2316 1969 2427 2039 τῆς
2444 1971 2627 2040 δόξης
2643 1971 2751 2025 τοῦ
2769 1973 3038 2042 μεγάλου
3066 1975 3215 2030 Θεοῦ
3232 1978 3327 2030 καὶ
3356 1978 3631 2046 Σωτῆρος

2042 2058 2215 2128 ἡμῶν
2245 2061 2447 2129 Ἰησοῦ
2492 2063 2775 2131 Χριστοῦ,
2814 2065 2882 2130 ὃς
2913 2065 3178 2119 δέδωκεν
3224 2066 3443 2122 ἑαυτὸν
3477 2071 3631 2139 ὑπὲρ

2043 2151 2234 2220 ἡμῶν,
2253 2153 2354 2208 ἵνα
2379 2153 2763 2223 λυτρώσηται
2796 2154 2957 2225 ἡμᾶς
2980 2156 3098 2211 ἀπὸ
3121 2157 3325 2226 πάσης
3347 2161 3627 2229 ἀνομίας,

2043 2247 2140 2301 καὶ
2163 2249 2464 2317 καθαρίσῃ
2481 2246 2672 2302 ἐαυτῶ
2687 2249 2843 2301 λαὸν
2860 2248 3228 2317 περιούσιον,
3248 2248 3518 2319 ζηλωτὴν
3530 2270 3634 2307 κα-

2043 2338 2170 2393 λῶν
2190 2338 2397 2408 ἔργων.
2422 2339 2559 2394 Ποία
2576 2342 2735 2411 χάρις
2754 2340 3027 2411 ἐπ’έφανεν
3048 2343 3203 2412 ἡμῖν,
3223 2343 3256 2412 ἦ
3277 2343 3432 2396 ποίου
3468 2344 3628 2411 Θεοῦ,

2044 2432 2227 2486 καίτοι
2247 2450 2310 2501 γε
2333 2432 2602 2503 λεγομένη
2628 2432 2897 2504 σωτήριος
2923 2429 3063 2489 εἶναι
3086 2435 3254 2487 πᾶσιν
3271 2435 3583 2506 ἀνθρώποις
3606 2455 3626 2502 ;

2059 2524 2199 2579 Ἀλλ’
2224 2525 2342 2579 ἔστι
2360 2525 2543 2593 δῆλον,
2559 2524 2642 2578 ὃτι
2664 2524 2796 2589 Θεὸς
2815 2524 2889 2578 ὢν
2911 2527 2936 2579 ὁ
2950 2524 3156 2598 Κύριος
3179 2529 3449 2596 ὲπέφανεν
3470 2532 3631 2600 ἡμῖν,

2048 2617 2193 2671 κατὰ
2207 2618 2299 2672 τὸν
2332 2618 2605 2690 μακάριον
2630 2617 2816 2683 Δαὸὶδ,
2842 2618 2939 2672 καὶ
2967 2617 3132 2673 αὐτοῦ
3169 2620 3269 2692 τὴν
3295 2618 3353 2686 ἐξ
3380 2620 3627 2692 οὐρανῶν

2047 2708 2146 2776 τῆς
2165 2706 2323 2778 δόξης
2353 2708 2683 2778 ἐπιφάνειαν
2703 2710 3140 2780 προσδεχόμεθα,
3164 2712 3259 2765 καὶ
3284 2712 3446 2776 αὐτός
3479 2715 3628 2767 ἐστιν

2047 2799 2223 2862 biiab;
2251 2801 2345 2855 καὶ
2378 2800 2574 2871 Σωτὴρ
2600 2800 2759 2871 ἡμῶν
2790 2802 2999 2871 Ἰησοῦς
3017 2802 3277 2873 Χριστὸς,
3304 2803 3364 2867 ὃς
3394 2805 3629 2859 δέδωκεν

2047 2888 2241 2943 ἑαυτὸν
2270 2889 2409 2961 ὑπὲρ
2440 2889 2620 2963 ἡμῶν,
2648 2889 2733 2943 ἵνα
2767 2890 2949 2960 πάσης
2975 2891 3252 2962 ἁμαρτίας
3279 2894 3428 2962 ἡμᾶς
3455 2895 3631 2950 ἀπαλ-

2047 2979 2215 3047 λάξας
2274 2981 2451 3051 ἑαυτῷ
2506 2980 2839 3054 παραστήσῃ
2895 2982 3153 3052 γνησίους
3213 2987 3624 3056 προσκυνητάς.

2051 3068 2184 3127 Εἶτα
2227 3071 2311 3134 τίς
2358 3072 2387 3124 ὁ
2417 3071 2591 3141 λέγων
2621 3072 2721 3126 οὐκ
2754 3069 2893 3126 εἶναι
2928 3073 3062 3127 Θεὸν
3092 3075 3272 3147 ἀληθῆ
3304 3076 3394 3130 τὸν
3416 3080 3629 3149 Ἐμμα-

2049 3159 2239 3232 νουὴλ,
2273 3159 2366 3213 τοῦ
2410 3162 2687 3231 μακαρίου
2730 3160 2947 3214 Παύλου
2987 3164 3118 3233 περὶ
3152 3162 3321 3217 αὑτοῦ
3353 3165 3629 3235 λέγιντος,

2045 3252 2141 3309 τοῦ
2166 3252 2402 3322 μεγάλου
2420 3251 2556 3307 Θεοῦ
2572 3254 2665 3307 καὶ
2683 3252 2935 3323 Σωτῆρος
2954 3253 3111 3325 ἡμῶν
3135 3256 3311 3326 Ἰησοῦ
3338 3257 3582 3327 Χριστοῦ
3609 3302 3628 3327 ,

2120 3346 2229 3400 Καὶ
2257 3345 2708 3415 ὁμολογουμένως
2752 3344 2897 3414 μέγα
2928 3347 3049 3399 ἐστὶ
3091 3346 3153 3399 τὸ
3185 3349 3285 3417 τῆς
3343 3350 3629 3415 εὐσεϐείας

2048 3438 2367 3509 μυστήριον.
2402 3435 2534 3499 Θεδς
2560 3438 2881 3509 ἐφανερώθη
2914 3439 2972 3491 ὲν
3009 3439 3195 3504 σαρκὶ,
3230 3440 3525 3510 ἐδικαιώθη
3564 3446 3623 3497 ὲν

2047 3531 2347 3601 Πνεύματι,
2386 3529 2542 3600 ὤφθη
2604 3531 2880 3599 ἀγγέλοις,
2940 3532 3223 3604 ἐκηρύχθη
3270 3536 3328 3587 ἐν
3391 3535 3625 3602 ἔθνεσιν,

2045 3622 2339 3693 ἐπιστεύθη
2397 3623 2456 3675 ὲν
2484 3623 2697 3692 κόσμῳ,
2728 3623 3007 3695 ἀνελήφθη
3067 3625 3126 3677 ὲν
3175 3625 3327 3694 δόξῃ.
3363 3627 3459 3690 Τίς
3500 3631 3528 3681 ό
3566 3630 3628 3681 ἐν

2046 3713 2216 3784 σαρκὶ
2244 3713 2607 3785 φανερωθείςς
2640 3713 2672 3784 ἢ
2701 3713 2877 3785 δῆλον,
2898 3717 2980 3768 ὅτι
3006 3715 3183 3786 πάντη
3208 3733 3265 3768 τε
3292 3718 3384 3769 καὶ
3405 3720 3627 3783 πάντως

2046 3804 2076 3859 ὁ
2112 3805 2176 3858 ὲκ
2204 3805 2337 3859 Θεοῦ
2375 3805 2590 3878 Πατρδς
2624 3805 2797 3873 Λόγος
2824 3821 2839 3872 ;
2872 3805 3029 3859 Οθτω
3062 3808 3171 3878 γὰρ
3205 3807 3358 3861 ἔσται
3394 3810 3537 3879 μέγα
3564 3814 3628 3865 τὸ

2046 3894 2145 3965 τῆς
2163 3894 2447 3959 εὐσεϐείας
2471 3893 2793 3968 μυστήριον.
2827 3895 3004 3967 Ὠφθη
3026 3896 3082 3950 δὲ
3115 3898 3369 3965 ἀγγέλοις
3395 3886 3625 3969 ἀναϐαί-

2045 4001 2153 4039 νων
2186 3986 2269 4049 είς
2296 3986 2582 4059 οὐρανοὺς,
2601 3986 2881 4058 ἐκηρύχθη
2911 3988 2968 4040 ἐν
2990 3987 3168 4041 ἔθνεσι
3196 3988 3282 4043 διὰ
3311 3990 3421 4045 τῶν
3448 3993 3623 4062 ἁγίων

2044 4080 2381 4147 ἀποστόλων,
2396 4078 2690 4150 ἐπιστεύθη
2715 4080 2773 4133 δὲ
2800 4085 2895 4135 καὶ
2930 4082 2987 4135 ἐν
3019 4082 3229 4154 κόσμῳ,
3259 4085 3352 4138 καὶ
3380 4086 3497 4139 οθτι
3524 4086 3627 4141 πού

2048 4188 2252 4243 φαμεν,
2285 4172 2367 4226 ὅτι
2404 4173 2531 4227 καθ’
2562 4173 2712 4243 ἡμᾶς
2751 4170 3037 4243 ἄνθρωπος
3076 4174 3283 4238 ἁπλῶς.
3322 4176 3458 4230 ἀλλὰ
3492 4179 3627 4243 Θεὸς

2046 4263 2106 4315 ἐν
2155 4264 2325 4333 σαρκὶ
2363 4263 2457 4317 καὶ
2485 4264 2608 4316 καθ’
2638 4263 2789 4333 ἡμᾶς
2818 4262 3081 4332 γεγονὼς,
3110 4266 3389 4337 ἀνελήφθη
3434 4267 3492 4321 δὲ
3528 4270 3628 4324 καὶ

2048 4357 2105 4409 ὲν
2132 4354 2287 4428 δόξῃ,
2336 4355 2425 4409 ἵνα
2458 4355 2707 4424 λέγοντος
2734 4356 2942 4428 ἀκούσῃ
2974 4356 3070 4410 τοῦ
3096 4356 3233 4411 Θεοῦ
3264 4360 3359 4412 καὶ
3386 4360 3625 4432 Πατρδς,

2048 4448 2247 4504 Κάθου
2293 4449 2364 4505 ἐκ
2397 4448 2614 4518 δεξιῶν
2649 4466 2790 4520 μου,
2818 4450 2927 4516 ἕως
2957 4449 3035 4505 ἂν
3079 4450 3163 4506 θῶ
3203 4451 3345 4521 τοὺς
3373 4452 3627 4523 ἐχθρούς

368 4555 499 4611 Sede
554 4569 587 4606 ιι
640 4553 840 4606 dextris
883 4550 1034 4612 meis,
1084 4546 1249 4601 donec
1289 4561 1479 4615 ponam
1528 4544 1772 4598 inimicos
1824 4551 1942 4596 tuos

2049 4556 2166 4597 σου
2192 4541 2525 4598 ὑποπόδιον
2553 4541 2671 4597 τῶν
2699 4542 2904 4597 ποδῶν
2935 4555 3072 4597 σου.

368 4646 652 4707 scabetlum
678 4645 866 4713 pedum
906 4651 1119 4696 tuorum
1156 4640 1178 4671 ⁸

762 4732 848 4787 Ea:
893 4730 1137 4801 Epistula
1173 4729 1243 4783 ad
1281 4727 1566 4783 Romanos.

445 4825 510 4880 Ei
562 4834 758 4888 autem,
799 4823 889 4893 qui
932 4828 1102 4892 potest
1148 4833 1245 4873 nos
1295 4816 1609 4884 conﬁrmare
1659 4816 1947 4869 secundum

374 4914 715 4985 Evangelium
764 4929 958 4978 meum,
1011 4921 1063 4966 et
1107 4910 1533 4980 praedicationem
1580 4907 1712 4961 Jesu
1751 4905 1951 4961 (hristi

2279 4723 2377 4777 Ἐκ
2404 4721 2514 4789 τῆς
2533 4723 2685 4790 πρὸς
2717 4722 3046 4792 Ῥωμαίους
3067 4722 3418 4792 ἐπιστολῆς.

2122 4814 2206 4879 Τῷ
2217 4813 2286 4868 δὲ
2306 4812 2619 4882 δυναμένῳ
2646 4813 2801 4884 ὑμᾶς
2820 4816 3099 4882 στηρίξαι
3112 4818 3263 4870 κατὰ
3280 4816 3345 4870 τὸ
3368 4817 3628 4887 Εὐαγγέ-

2046 4906 2184 4959 λιόν
2223 4921 2365 4975 μου,
2398 4906 2497 4959 καί
2530 4906 2594 4959 τὸ
2628 4906 2902 4978 κήρυγμα
2921 4906 3129 4975 Ἰησοῦ
3160 4909 3441 4977 Χριστοῦ,
3474 4909 3627 4965 κατὰ

372 5008 660 5067 secundum
693 5002 1055 5057 revelationens
1090 5000 1346 5070 mysterii,
1378 4996 1698 5067 temporibus
1733 4999 1942 5052 arternis

2044 4993 2438 5063 ἀποκάλυψιν
2462 5000 2803 5065 μυστηρίου
2830 4999 3071 5065 χρόνοις
3090 4999 3349 5063 ιιίωνίοις
3377 5014 3623 5069 σεσιγη-

371 5100 538 5163 taciti,
592 5095 922 5163 manifestati
970 5101 1148 5149 autem
1185 5107 1320 5146 nunc
1349 5107 1442 5161 per
1471 5089 1776 5158 Scripturas
1820 5106 1946 5158 pro-

370 5194 649 5263 phetarum
680 5189 968 5241 secundum
1002 5185 1312 5240 mandatum
1344 5185 1528 5239 teterni
1570 5182 1667 5237 Dei
1721 5183 1792 5235 ad
1824 5180 1946 5236 obe-

2038 5085 2250 5155 μένου,
2282 5087 2733 5154 φανερωθέντος
2757 5088 2825 5140 δὲ
2846 5089 2964 5142 νῦν
2984 5089 3082 5142 διά
3115 5105 3177 5142 τε
3200 5089 3460 5157 Γραφῶν
3476 5108 3534 5155 π,
3560 5109 3623 5144 o-

2045 5177 2330 5247 φητικῶν,
2345 5178 2472 5232 κατ’
2484 5179 2777 5249 ἐπιταγὴν
2794 5180 2900 5233 τοῦ
2917 5182 3164 5234 αίωνίου
3188 5183 3457 5248 Θεοῦ,εΙς
3474 5184 3625 5238 ὐπα-

372 5284 627 5339 dientiam
659 5278 801 5345 fidei.
829 5277 881 5330 in
911 5292 1087 5331 omnes
1129 5285 1306 5345 gentes
1335 5274 1551 5344 cogniti,
1584 5273 1686 5328 soli
1716 5273 1942 5341 sapienti

2044 5270 2198 5336 κοήν
2228 5271 2510 5334 πίστεως,
2550 5272 2639 5335 εις
2676 5270 2876 5325 πάντα
2899 5271 2969 5324 τὰ
3004 5273 3149 5333 ἔθνη
3182 5277 3624 5341 γνωρισθέντος

374 5375 504 5441 Deo,
548 5389 639 5442 per
664 5373 848 5425 Jesum
902 5367 1188 5431 Christum,
1230 5366 1313 5419 cui
1349 5366 1519 5436 gloria
1578 5373 1628 5419 et
1672 5364 1942 5434 imperium

2044 5356 2204 5427 μόνῳ
2215 5356 2387 5425 σοφῷ
2406 5357 2527 5423 Θεῷ
2550 5358 2652 5412 διὰ
2672 5358 2880 5426 Ἰησοῦ
2901 5359 3183 5426 Χριστοῦ,
3202 5355 3249 5427 ᾧ
3274 5363 3311 5429 ἡ
3342 5362 3494 5427 δόξα
3522 5365 3621 5417 καὶ

373 5469 428 5521 in
465 5467 662 5521 sarcula
711 5463 1044 5520 saeculorum.
1109 5460 1275 5513 Amen
1300 5460 1339 5511 ³.
1395 5458 1534 5514 Ecce
1584 5457 1758 5527 palam
1816 5455 1951 5511 dicit

373 5560 741 5629 Evangelium,
775 5569 829 5612 et
854 5554 1285 5627 praedicationem
1323 5570 1443 5609 esse
1473 5553 1601 5607 Jesu
1632 5550 1857 5612 Christi,
1892 5557 1947 5603 et

375 5654 694 5709 occultatum
747 5666 812 5707 ac
866 5651 1087 5706 tacitum
1132 5647 1299 5705 fuisse
1354 5646 1669 5717 mysterium
1709 5645 1776 5697 de
1828 5644 1945 5712 ipso

450 5815 465 5851 ⁸
503 5812 610 5873 Tit.
658 5829 716 5881 It,
766 5817 949 5872 H-H.
1028 5818 1047 5847 ²
1091 5815 1230 5871 Psal.
1260 5829 1373 5879 (ιιι,
1410 5812 1457 5866 ι.

2049 5450 2118 5502 τὸ
2134 5448 2350 5517 κράτος
2359 5451 2445 5515 εἰς
2462 5449 2831 5516 τοὺςαίώνας
2847 5451 2964 5503 τῶν
2983 5454 3234 5505 αἰώνων.
3263 5454 3467 5521 Ἀμήν.
3488 5456 3620 5510 Ἰδοὺ

2049 5542 2112 5611 δὴ
2142 5542 2324 5610 σαῖεῶέ
2367 5543 2429 5596 τὸ
2484 5541 2843 5611 Εὑαγγέλιον,
2896 5545 2993 5596 καὶ
3029 5543 3090 5596 τὸ
3143 5545 3404 5614 κήρυγμα
3442 5546 3620 5617 Ἰησοῦ

2052 5636 2285 5709 Χριστοῦ
2316 5654 2479 5707 φησιν
2505 5632 2666 5703 εῖναι,
2703 5636 2798 5691 καὶ
2824 5636 3131 5708 κεκρύφθαι
3159 5640 3257 5711 μὲν
3277 5640 3338 5693 τὸ
3366 5640 3622 5713 ὲπάὺτῷ

1571 5813 1592 5845 ³
1634 5812 1796 5869 Rom.
1850 5826 1964 5879 ιγι,
1989 5809 2179 5866 25-27.

3446 6378 3476 6382 j
3580 6375 3608 6380 θ
3696 6372 3720 6376 ἡ
3800 6370 3814 6374 ἢ
3906 6371 3940 6378 ‘—
