4082 6386
388 308 499 375 955
1632 309 2024 371 EUTHY’MH
2066 311 2433 375 ZlGABENI

711 419 796 476 Ea:
824 424 1065 477 oratione
1098 421 1168 476 ad
1204 423 1414 492 reginas
1444 421 1655 481 .Itabita.

458 514 780 584 Cognoscite
838 516 982 570 enim
1032 516 1261 585 gratiam
1344 514 1555 569 Domini
1610 512 1783 569 nostri
1847 509 1979 567 Jesu

3557 326 3664 387 956

2013 430 2054 483 Α
2158 427 2257 481 Ἕκ
2293 427 2401 482 τοῦ
2422 430 2573 497 πρὸς
2589 430 2696 499 τὰς
2720 433 3051 502 βασιλίδας
3092 447 3615 513 προσφωνητικοῦ.

2153 519 2459 576 Γινώσκετε
2490 524 2600 595 γὰρ
2622 524 2716 595 τὴν
2744 527 2909 597 χάριν
2937 530 3031 583 τοῦ
3062 532 3266 604 Κυρίου
3299 535 3458 605 ἡμῶν
3486 534 3661 607 Ἰησοῦ

396 608 623 673 Christi,
656 608 778 675 quia
814 616 1035 676 prepter
1068 622 1168 660 nos
1200 620 1405 677 panper
1435 606 1612 661 i'nctns
1642 616 1748 671 est,
1785 614 1845 659 ut
1872 618 1972 659 nos

2090 608 2340 680 Χριστοῦ,
2369 615 2452 667 ὅτι
2498 615 2570 669 δι’
2613 618 2760 689 ὑμᾶς
2793 621 3109 693 ἐπτώχευσε
3146 626 3398 689 πλούσιος
3443 606 3662 693 ὣν,γῖνα

395 701 541 756 illius
587 709 909 768 paupertate
950 699 1156 752 divites
1206 698 1525 753 etiiciamur.
1576 696 1713 753 Vide
1770 699 1828 752 in
1888 697 1977 752 his

2090 702 2244 772 ὑμεῖς
2289 708 2355 795 τῇ
2406 708 2614 763 ἐκείνου
2649 715 2896 793 πτωχεέᾳ
2935 717 3299 789 πλουτήσητε.
3358 722 3549 793 Ἀθρει
3597 725 3660 795 δή

396 788 548 849 mihi,
612 799 668 841 et
741 786 896 841 valde
960 788 1269 856 perspicue,
1331 796 1445 849 tum
1502 799 1711 853 natura
1782 789 1980 843 divinat

2090 810 2178 863 μοι
2214 798 2310 851 καὶ
2346 792 2510 867 ’μάλα
2541 801 2729 870 σαφῶς
2783 788 2840 856 ἐν
2891 822 2956 873 γε
2994 786 3236 861 τουτοισὶ
3266 811 3361 863 καὶ
3389 786 3489 881 τῆς
3515 786 3663 875 θείας

395 890 555 948 atque
625 879 948 937 immortalis
1025 880 1436 943 excellentiam,
1510 889 1622 937 tum
1705 880 1976 949 abiectam

2090 887 2177 939 καὶ
2222 889 2500 959 ἀκηράτου
2551 893 2765 961 φύσεως
2817 895 2917 965 τὴν
2951 898 3248 971 ὑπεροχὴν,
3286 902 3379 954 καὶ
3429 879 3536 956 τῶν
3567 904 3665 974 τῆς

395 980 556 1038 atque
612 970 876 1023 humilem
941 970 1296 1025 humanitatis
1348 985 1685 1036 mensuram,
1750 978 1808 1025 et
1852 984 1978 1024 cum

2090 974 2502 1047 ἅνθρωπότητος
2540 982 2757 1053 μέτρων
2805 986 2864 1038 τὸ
2916 970 3235 1057 ὑφειμένον,
3288 992 3383 1044 καὶ
3439 970 3664 1063 προσέτι

396 1060 498 1115 hac
535 1062 971 1130 coniunctionem
1001 1072 1168 1131 atque
1195 1077 1571 1131 congressum,
1602 1064 1671 1116 ad
1705 1076 1826 1116 eum
1858 1075 1983 1115 sese

2090 1069 2258 1140 τούτῳ
2283 1071 2384 1142 τὴν
2409 1074 2466 1126 ὲν
2507 1074 2720 1146 ἑνότητι
2754 1077 3029 1149 σύμϐασιν
3062 1080 3252 1136 ἑαυτὸν
3282 1060 3543 1142 καθέντος
3584 1087 3668 1149 εἰς

396 1149 694 1221 Unigenito
748 1151 1090 1207 demittente.
1165 1151 1324 1207 Nulla
1376 1155 1521 1207 enim
1583 1154 1759 1207 oratio
1812 1160 1981 1222 queat

2090 1161 2243 1215 τοῦτο
2276 1164 2371 1217 τοῦ
2408 1167 2769 1234 Μονογενοῦς.
2821 1170 3010 1235 Οὐδεὶς
3047 1173 3145 1244 μὲν
3177 1174 3283 1245 γὰρ
3312 1174 3471 1243 λόγος
3516 1177 3665 1245 διερ-

396 1244 705 1301 divinitatis
741 1245 961 1301 divitias
990 1246 1281 1313 explicant,
1331 1258 1521 1302 contra
1562 1263 1694 1302 vero
1726 1248 1980 1301 humani-

395 1346 480 1399 tas
510 1352 715 1407 pauper
740 1338 1030 1394 admodum
1068 1347 1173 1406 est,
1206 1339 1291 1393 cui
1321 1339 1503 1392 omnia
1535 1347 1664 1394 sunt
1707 1339 1892 1393 divino
1922 1346 1979 1391 et

394 1429 604 1483 scelesti
648 1444 872 1484 munere
911 1430 1059 1497 data,
1094 1431 1261 1485 etiam
1293 1430 1422 1484 illud
1458 1431 1655 1498 ipsum,
1689 1429 1836 1498 quod
1872 1438 1978 1483 est.

394 1517 597 1574 Vocula
654 1521 805 1576 enim
861 1531 945 1576 est
1014 1536 1045 1575 a
1110 1520 1242 1586 Deo,
1314 1533 1375 1576 ut
1434 1530 1605 1586 esset,
1683 1535 1810 1573 cum
1876 1519 1980 1573 aii-

392 1614 616 1680 quando
666 1627 777 1666 uon
838 1622 1006 1668 esset.
1062 1614 1134 1668 At
1196 1615 1312 1684 ipse
1373 1614 1545 1679 dives,
1598 1622 1786 1681 utpote
1817 1612 1978 1674 Deus,

2086 1254 2405 1325 μηνεύσειεν
2450 1260 2517 1313 ἂν
2550 1261 2644 1315 τὸν
2676 1260 2779 1332 τῆς
2812 1262 3069 1335 θεότητος
3094 1266 3344 1320 πλοῦτον.
3378 1268 3575 1339 Πτωχὴ
3604 1269 3661 1321 δὲ

2081 1342 2203 1400 λίαν
2233 1349 2265 1417 ἠ
2300 1350 2680 1424 ἀνθρωπότης,
2733 1350 2768 1430 ᾗ
2802 1358 2982 1413 πάντα
3014 1360 3135 1413 ἐστὶ
3166 1360 3419 1417 θεόσδοτα
3454 1379 3509 1427 τε
3573 1363 3666 1414 καὶ

2082 1440 2314 1507 ἀνωθεν,
2344 1442 2438 1497 καὶ
2466 1446 2600 1500 αὐτὸ
2630 1448 2685 1500 δὲ
2717 1450 2823 1521 πρὸ
2851 1452 3074 1506 πάντων
3107 1454 3166 1507 τὸ
3200 1452 3358 1510 εἶναι.
3386 1454 3667 1525 Κέκληται

2018 1592 2025 1599 ,.
2082 1530 2193 1601 γὰρ
2245 1533 2399 1605 παρὰ
2427 1536 2522 1588 τοῦ
2571 1537 2708 1591 Θεοῦ
2760 1542 2898 1611 πρὸς
2930 1544 3167 1614 ὕπαρξιν
3201 1546 3276 1617 μὴ
3326 1545 3459 1599 οὖσά
3513 1562 3669 1601 ποτε.

2084 1622 2226 1677 Ἀλλ’
2255 1626 2285 1677 ό
2314 1625 2571 1693 πλούσιος
2599 1630 2676 1694 ὡς
2717 1632 2853 1696 Θεὸς
2869 1635 3155 1708 ἐθελοντὴς
3198 1635 3538 1707 ὲπτώχευσε,
3575 1636 3669 1688 καὶ

393 1702 584 1756 volens
638 1704 814 1757 evasit
886 1718 1113 1772 pauper,
1180 1714 1236 1758 et
1298 1703 1474 1759 factus
1529 1714 1617 1758 est
1677 1703 1862 1768 homo,
1919 1714 1981 1756 ut

2090 1713 2277 1781 γέγονε
2305 1716 2429 1768 καθ’
2478 1720 2649 1789 ἡμᾶς,
2685 1722 2771 1775 ἴνα
2800 1722 2990 1779 λοιπὸν
3036 1727 3067 1795 ἡ
3099 1702 3392 1796 ἀνθρώποῦ
3421 1726 3585 1794 φύσις
3615 1726 3672 1776 ἐν

397 1793 636 1847 hominis
695 1802 891 1859 natura
940 1795 1207 1864 deinceps
1278 1797 1331 1847 in
1387 1794 1586 1849 divinae
1652 1795 1983 1863 praestantia:

2090 1807 2199 1868 τοῖς
2223 1808 2323 1875 τῆς
2355 1810 2506 1874 θείας
2539 1814 2813 1885 ὑπεροχῆς
2849 1773 3140 1889 aeoliam»,
3172 1773 3231 1870 ιδ
3256 1773 3483 1888 ΧριστΞῇ
3516 1835 3671 1887 γενο-

396 1884 848 1947 subliutitatibus,
915 1883 971 1936 in
1019 1885 1244 1939 Christo
1291 1886 1583 1949 essistens,
1645 1886 1984 1953 paupertatis

398 1976 789 2043 turpitudinem
853 1983 1103 2029 exueret.
1162 1976 1273 2029 Nos
1329 1977 1476 2029 enim
1540 1974 1684 2031 Deus
1713 1987 1771 2031 et
1825 1976 1987 2031 Pater

397 2069 453 2123 in
536 2066 757 2123 Christo
840 2069 1151 2132 suscitavit,
1231 2079 1289 2123 et
1373 2070 1675 2123 consedere
1728 2069 1861 2124 fecit
1932 2070 1983 2122 in

397 2158 734 2225 cmiestibus,
806 2169 865 2213 ut
917 2161 1180 2228 scriptum
1242 2167 1346 2215 est.
1426 2159 1486 2213 lu
1545 2163 1739 2229 quibus
1800 2159 1985 2229 profe-

397 2260 487 2305 cto
515 2263 787 2319 nunquam
824 2249 1118 2305 fuissemus
1151 2250 1461 2317 constituti,
1493 2250 1597 2306 nisi
1632 2262 1825 2305 natura
1873 2250 1988 2319 ipse

398 2341 574 2403 dives,
605 2347 788 2408 utpote
820 2337 987 2403 Deus,
1040 2354 1335 2408 pauperem
1370 2338 1657 2393 induisset.
1698 2338 1988 2402 Quomodo

396 2432 543 2486 enim
577 2447 788 2502 pauper
814 2432 934 2487 ﬁeri
1000 2433 1269 2506 potuisset
1308 2433 1492 2497 homo,
1523 2431 1615 2502 qui
1648 2432 1865 2502 propria
1890 2448 1988 2485 na-

398 2533 521 2578 tura
595 2540 800 2595 egenus
872 2534 930 2579 et
1003 2540 1211 2594 panper
1284 2524 1680 2593 est‘iASquius
1753 2540 1883 2594 ergo
1934 2525 1988 2580 id

400 2612 625 2686 pertulit
677 2631 803 2671 vere
857 2618 1031 2684 dives,
1119 2618 1223 2672 hoc
1272 2628 1373 2680 est,
1455 2615 1709 2671 Verbum
1750 2633 1815 2669 ex
1874 2617 1989 2671 Deo

400 2710 565 2765 Patre
624 2708 891 2780 genitura,
947 2711 1168 2779 quando
1218 2720 1303 2765 est
1360 2712 1522 2764 homo
1579 2708 1807 2763 laetum.

905 2864 992 2931 Ex
1018 2865 1202 2923 eadem
1232 2866 1496 2920 oratione.

474 2955 547 3012 At
578 2961 633 3021 lu
669 2955 811 3025 ipso,
849 2955 1048 3025 inquit,
1082 2955 1347 3009 habitavit
1402 2953 1574 3011 omnis
1603 2955 1878 3023 plenitudo
1908 2957 1995 3015 di-

2089 1900 2228 1969 μένη
2272 1902 2333 1953 τὸ
2366 1904 2464 1971 τῆς
2491 1909 2763 1975 πτωχείας
2808 1904 2995 1979 αἶσχος
3027 1912 3503 1983 ἀποτκευάσηται.
3537 1914 3672 1966 Συνυ

2087 1993 2277 2062 ήγειρε
2308 1996 2416 2063 γὰρ
2446 1997 2590 2066 ἡμᾶς
2624 2001 2651 2052 ό
2677 1999 2810 2063 Θεὸς
2841 2002 2936 2055 καὶ
2970 2003 3159 2073 Πατὴρ
3188 2006 3243 2056 ὲν
3273 2006 3517 2077 Χριστῷ,
3578 2009 3673 2062 καὶ

2089 2086 2445 2141 συνεκάθισεν
2476 2090 2535 2141 ὲν
2585 2092 2697 2156 τοῖς
2730 2094 3096 2165 ἐπουρανίοις,
3139 2098 3283 2152 καθὰ
3316 2101 3628 2170 γέγραπται
3656 2119 3669 2133 ·

2088 2177 2207 2232 ἀλλ’
2241 2180 2342 2232 οὐκ
2368 2179 2434 2235 ἂν
2464 2182 2777 2256 γεγόναμεν
2806 2188 2864 2241 ὲν
2916 2189 3148 2254 τούτοις,
3202 2193 3249 2246 εἰ
3287 2194 3363 2264 μὴ
3392 2194 3494 2265 τὴν
3528 2214 3673 2249 πτω-

2089 2271 2367 2340 χεύσασαν
2396 2276 2718 2347 ἠμπέσχετο
2745 2280 2907 2349 φύσιν
2936 2283 2963 2335 ὁ
2995 2283 3252 2350 πλούσιος
3287 2286 3364 2354 ὡς
3403 2286 3558 2353 Θεός.
3595 2290 3670 2343 Οὐ

2090 2368 2198 2438 γάρ
2236 2386 2336 2423 που
2397 2373 2767 2442 πτωχεύσειεν
2813 2375 2879 2429 ἂν
2911 2378 2939 2429 ό
2968 2382 3109 2432 κατὰ
3162 2382 3326 2453 φύσιν
3355 2383 3493 2437 ἰδίαν
3525 2402 3673 2440 πτω·

2090 2460 2268 2530 χεύων
2307 2464 2616 2535 ἅνθρωπος.
2654 2468 2822 2522 Πάθοι
2849 2469 2896 2522 δ’
2928 2472 2993 2525 ἂν
3023 2473 3184 2529 τοῦτο
3220 2479 3673 2551 πρεπωδέστερον

2090 2556 2118 2606 ὁ
2152 2555 2405 2620 πλούσιος
2438 2560 2677 2629 ἀληθῶς,
2702 2563 2979 2617 τουτέστιν
3006 2566 3034 2619 ό
3061 2567 3124 2620 ἐκ
3162 2568 3297 2622 Θεοῦ
3324 2572 3539 2643 Πατρὸς
3567 2575 3671 2627 Λό-

2092 2666 2209 2715 γος,
2242 2650 2329 2702 ὅτε
2360 2652 2552 2721 γέγονε
2595 2654 2719 2708 καθ’
2769 2658 2940 2730 ἡμᾶς.
2979 2655 3073 2723 Εἷς
3122 2655 3217 2715 οῦν
3246 2663 3355 2734 ἄρα
3384 2666 3504 2718 ἐστὶ
3535 2666 3672 2735 λρι-

2095 2743 2219 2804 στὸς
2254 2744 2347 2797 καὶ
2380 2744 2531 2810 Υἱός.

2548 2838 2651 2894 Ἐκ
2681 2842 2786 2897 τοῦ
2812 2844 3001 2901 αὐτοῦ
3021 2849 3229 2917 λόγου.

2161 2924 2301 2983 Ἀλλ’
2318 2927 2451 2999 ἰδοὺ,
2484 2934 2669 3003 φησὶν,
2689 2935 2759 2988 ἐν
2786 2938 2945 3008 αὑτῷ
2975 2939 3286 3009 κατῴκησε
3310 2941 3433 3000 πᾶν
3448 2944 3512 2998 τὸ
3528 2949 3679 3018 πλή-

402 3048 643 3113 uinitatis
688 3022 1064 3117 corporaliter
1116 3046 1155 3102 ⁸.
1214 3045 1355 3101 Ecce
1383 3022 1669 3116 perspicue
1712 3046 1991 3111 Christum

2091 3034 2255 3117 ρωιία
2277 3022 2380 3117 τῆς
2394 3025 2672 3093 θεότητος
2686 3029 3059 3097 σωματικῶς.
3078 3033 3208 3088 Ἰδοὺ
3231 3036 3419 3105 σαφῶς
3438 3037 3680 3108 Χριστὸν

405 3141 560 3197 novit
620 3139 856 3194 alterum
916 3137 1238 3208 separatim,
1298 3152 1497 3207 nempe
1549 3137 1828 3201 hominem
1890 3156 1991 3195 na-

2097 3114 2283 3185 ἓτερον
2313 3111 2452 3168 οἶδεν
2491 3118 2672 3182 tame;
2700 3121 2792 3173 τὸν
2821 3123 2885 3174 ἐκ
2916 3126 3177 3191 γυναικὸς
3210 3127 3520 3199 ἄνθρωπον,
3548 3134 3605 3185 ὲν
3633 3126 3679 3200 ᾦ

407 3239 524 3287 tum
594 3243 664 3287 ex
739 3228 988 3294 muliere,
1055 3229 1109 3283 in
1173 3243 1282 3299 quo
1342 3226 1582 3287 Verbum
1657 3233 1723 3285 ab
1777 3246 1842 3284 eo
1919 3231 1998 3285 di—

405 3338 647 3390 versum,
704 3322 757 3376 id
810 3332 916 3387 est,
972 3322 1153 3376 omnis
1210 3320 1488 3391 plenitudo
1553 3321 1852 3377 divinitatis
1899 3323 1997 3377 ha-

405 3416 601 3477 bitavit
624 3414 1010 3487 corporaliter.
1043 3417 1124 3469 Ad
1157 3414 1273 3471 haec
1308 3413 1725 3483 respondemus,
1759 3414 1989 3469 Paulum

406 3507 591 3563 divino
642 3506 878 3563 aﬂlatum
940 3506 1145 3576 Spiritu
1200 3508 1339 3562 duos
1399 3508 1651 3563 Christus
1680 3524 1786 3563 non
1832 3523 2001 3580 agno-

410 3613 588 3663 scere,
645 3599 741 3652 sed
808 3613 973 3651 unum
1030 3595 1354 3665 praedicare,
1430 3595 1887 3667 quemadmodum
1946 3610 1999 3651 et

410 3691 627 3746 Patrem
680 3704 847 3755 unum
886 3678 931 3744 :7
965 3687 1136 3744 Nobis
1184 3690 1343 3756 enim,
1405 3689 1599 3758 inquit,
1668 3705 1803 3745 unus
1856 3689 1997 3742 Deus

410 3794 461 3838 et
500 3780 683 3846 Pater,
721 3798 753 3835 α
774 3798 877 3851 quo
909 3782 1111 3844 omnia,
1166 3791 1211 3835 rt
1242 3796 1336 3834 nos
1364 3780 1417 3834 in
1449 3781 1641 3848 ipsum,
1660 3789 1709 3834 et
1735 3798 1868 3835 unus
1888 3780 1999 3835 Do-

415 3872 588 3924 minus
612 3865 768 3923 Jews
810 3869 1078 3935 Christus,
1123 3883 1213 3938 per
1242 3885 1395 3938 quem
1429 3871 1635 3935 omnia,
1679 3880 1729 3925 et
1762 3887 1857 3924 nos
1908 3864 2002 3938 per

412 3963 585 4031 ipsum
611 3962 656 4015 ¹.
716 3961 776 4016 In
813 3976 922 4031 quo
962 3962 1131 4031 igitur
1188 3961 1454 4015 habitavit
1496 3962 1673 4017 omnis
1722 3963 2001 4030 plenitudo

414 4050 713 4106 divinitatis
748 4051 1147 4121 corporaliter?
1205 4049 1262 4104 Si
1319 4050 1572 4119 privatim
1628 4060 1687 4106 et
1727 4051 1999 4124 sigillatim

414 4143 469 4197 in
502 4140 599 4196 Dei
640 4138 802 4196 Verbi
836 4151 1029 4195 natura
1056 4141 1107 4194 id
1143 4140 1348 4194 factum
1403 4140 1627 4205 dixeris,
1666 4155 1773 4195 non
1822 4143 2001 4196 minus

412 4231 580 4287 stulte
601 4232 830 4299 senties,
873 4245 1034 4299 quam
1073 4232 1121 4286 si
1172 4232 1349 4300 ipsum
1419 4228 1767 4302 Unigenitum
1800 4232 1854 4285 in
1888 4234 1999 4287 sei-

415 4338 515 4394 pso
566 4323 841 4377 habitasse
888 4322 1270 4378 contenderes.
1363 4323 1467 4391 Qui
1532 4332 1713 4377 autem
1763 4321 2001 4379 Verbum

416 4431 635 4472 carnem
687 4414 894 4470 factum
954 4416 1027 4470 ita
1087 4416 1340 4483 credunt,
1375 4426 1435 4472 ut
1486 4432 1595 4473 non
1652 4418 1994 4471 immutatum

422 4524 864 4580 conversumque
895 4511 985 4575 sit,
1006 4508 1101 4565 sed
1132 4520 1191 4565 ut
1218 4511 1273 4564 in
1307 4511 1467 4569 nobis
1492 4510 1750 4565 habitarit
1779 4521 1855 4578 ,et
1878 4526 2002 4581 pro-

418 4604 594 4673 prium
618 4602 719 4658 sibi
751 4604 1011 4672 templum
1044 4602 1260 4670 fecerit,
1297 4617 1497 4671 corpus
1520 4603 1755 4665 animum
1786 4606 1994 4659 ratione

420 4694 701 4765 praeditam
738 4695 968 4759 habens,
999 4693 1142 4764 quod
1169 4693 1273 4749 sibi
1308 4709 1437 4749 vere
1460 4693 1765 4765 conjunxit,
1800 4695 1886 4763 pie
1912 4695 1996 4747 di-

418 4796 545 4841 cent
604 4786 1025 4852 ,admirabilem
1090 4785 1340 4852 Paulum,
1381 4800 1505 4840 cum
1549 4787 1709 4841 vellet
1764 4786 2004 4840 indicare

420 4877 587 4935 Verbi
619 4880 1007 4934 habitationem
1043 4880 1099 4933 in
1149 4893 1335 4945 carne,
1372 4893 1467 4933 seu
1500 4894 1684 4933 veram
1733 4878 1999 4947 conjunc-

423 4972 645 5035 tionem,
680 4969 906 5037 dixisse,
934 4970 989 5024 in
1017 4971 1133 5039 ipso
1168 4970 1415 5025 habitare
1457 4984 1674 5024 omnem
1704 4968 1998 5039 plenitudi-

418 5078 543 5120 nem
586 5061 906 5128 divinitatis,
960 5077 1069 5118 non
1125 5048 1299 5132 magis
1354 5062 1496 5131 quod
1544 5060 1663 5129 ejus
1698 5070 1848 5113 esset
1876 5075 1999 5129 par-

422 5156 614 5225 ticeps,
643 5160 738 5207 aut
772 5153 958 5207 habitu
993 5161 1046 5207 et
1099 5155 1291 5223 gratia:
1322 5166 1549 5206 munere
1580 5166 1701 5205 eam
1746 5151 1995 5218 haberet,

420 5262 583 5319 quam
642 5245 1017 5316 corporaliter,
1077 5244 1133 5298 id
1192 5254 1276 5299 est
1355 5258 1451 5315 per
1499 5246 1827 5307 essentiam,
1889 5258 1997 5298 non

421 5341 599 5407 aliter,
652 5352 812 5408 quam
856 5337 901 5391 si
948 5338 1001 5391 in
1049 5336 1268 5391 homine
1320 5337 1532 5392 dicatur
1608 5336 1834 5405 spiritus
1884 5336 2002 5406 ejus

421 5431 687 5494 habitare,
714 5442 839 5483 cum
892 5428 961 5483 ab
990 5441 1055 5482 eo
1099 5424 1346 5481 diversus
1370 5442 1476 5480 non
1505 5426 1597 5481 sit.
1633 5423 1785 5495 Saepe
1820 5435 1999 5480 tamen

422 5520 478 5575 in
514 5537 617 5575 una
660 5536 892 5591 persona
938 5519 1206 5589 duplicem
1244 5518 1401 5574 nobis
1454 5516 1705 5587 loquendi
1755 5518 1896 5573 ratio
1946 5528 2001 5574 et

422 5613 592 5682 ﬁgura
647 5628 932 5683 personam
986 5613 1167 5680 aliert,
1190 5625 1295 5667 nec
1356 5619 1648 5681 prepterea
1698 5609 1995 5682 quidquam

522 5791 539 5822 '
574 5793 781 5852 Coloss.
814 5813 872 5860 ιι,
901 5798 953 5850 9.
1033 5800 1052 5830 ³
1088 5797 1108 5852 ι
1140 5798 1266 5854 Cor.
1313 5814 1431 5865 vin,
1486 5797 1549 5867 6._

2100 3206 2422 3279 κατῴκησεν
2452 3210 2527 3275 ὡς
2556 3212 2741 3284 ἕτερος
2776 3215 2906 3288 παρ’
2941 3216 3104 3270 αὑτὸν
3128 3218 3156 3269 ὀ
3182 3219 3378 3295 Λόγος,
3415 3222 3537 3293 ἦτοι
3568 3226 3678 3279 πᾶν

2082 3299 2159 3391 ,τὸ
2194 3299 2469 3372 πλήρωμα
2514 3304 2612 3374 τῆς
2651 3306 2904 3375 θεότητος
2950 3310 3300 3378 σωματικῶς.
3340 3311 3482 3383 Πρὸς
3508 3314 3572 3386 δὴ
3607 3318 3677 3373 τὰ

2099 3393 2327 3446 τοιαῦτά
2360 3412 2576 3466 φαμεν,
2611 3398 2693 3451 ὅτι
2727 3398 2820 3459 δύο
2853 3400 3122 3471 Χριστοὺς
3153 3404 3181 3455 ό
3215 3404 3674 3477 Πνευματοςρόρος

2099 3484 2200 3539 οὐκ
2238 3482 2414 3554 οἶδεν,
2456 3490 2574 3543 ἀλλ’
2603 3491 2700 3545 ἕνα
2730 3492 3027 3563 κηρύττει,
3054 3494 3308 3565 καθάπερ
3342 3498 3536 3566 ἀμέλει
3584 3500 3678 3554 καὶ

2103 3578 2199 3631 ἱνα
2237 3581 2475 3654 Πατέρα.
2526 3576 2687 3653 Ἡμῖν
2710 3584 2840 3654 γὰρ,
2874 3586 3061 3655 φησὶν,
3096 3582 3183 3653 εἷς
3227 3588 3370 3654 Θεὸς
3397 3593 3429 3643 d
3450 3590 3677 3657 Πατὴρ,

2102 3672 2170 3736 ἐξ
2190 3670 2261 3729 οὗ
2285 3675 2356 3728 τὰ
2376 3675 2591 3743 πάντα,
2610 3677 2705 3731 καὶ
2724 3678 2893 3747 ἡμεῖς
2911 3683 2993 3745 εις
3008 3681 3214 3745 αὐτὸν,
3234 3682 3332 3737 καὶ
3351 3677 3437 3749 εἷς
3462 3685 3679 3752 Κύριος

2116 3766 2351 3833 Ἰησοὺς
2364 3765 2637 3835 Χριστὸς,
2661 3768 2737 3823 δι’
2752 3766 2823 3826 οὗ
2850 3772 2919 3826 τὰ
2935 3771 3152 3837 πάντα,
3176 3775 3274 3833 καὶ
3291 3775 3460 3846 ἡμεῖς
3477 3778 3553 3831 δι’
3570 3780 3680 3833 αὺ-

2103 3860 2231 3913 τοῦ.
2267 3859 2357 3914 Ἐν
2381 3861 2488 3914 τινι
2518 3859 2583 3933 δὴ
2608 3858 2703 3916 οὖν
2729 3863 3019 3936 κατῴκηκε
3055 3867 3164 3920 πᾶν
3189 3869 3248 3920 τὸ
3282 3868 3556 3941 πλήρωμα
3578 3869 3681 3941 τῆς

2104 3953 2359 4025 θεότητος
2406 3954 2772 4025 σωματικῶςς
2837 3957 3045 4019 Ἰδικῶς
3093 3959 3194 4029 μὲν
3243 3959 3358 4026 οὖν,
3401 3962 3496 4015 καὶ
3540 3963 3682 4018 κατὰ

2107 4047 2277 4117 μόνας
2298 4046 2357 4101 ὲν
2385 4047 2452 4118 τῇ
2484 4044 2578 4098 τοῦ
2605 4045 2746 4099 Θεοῦ
2777 4046 2951 4115 Λόγου
2984 4048 3147 4117 φύσει
3179 4050 3336 4105 τοῦτο
3364 4055 3680 4125 πεπρᾶχθαι

2102 4138 2350 4208 νομιζειν
2403 4135 2599 4209 εὔηθες
2652 4138 2852 4210 κομιδῆ
2882 4156 2897 4171 ·
2952 4140 3065 4194 ἴσον
3118 4142 3226 4214 γὰρ
3274 4142 3351 4207 ὡς
3407 4146 3569 4211 αὐτὸς
3620 4149 3680 4201 ἑν

2104 4226 2283 4296 ἑαυτῷ
2319 4224 2641 4299 κατῴκησεν
2664 4230 2693 4281 6
2723 4230 3039 4303 Μονογενής
3064 4247 3081 4264 ο
3121 4234 3481 4303 πιστεύοντας
3509 4239 3567 4293 δὲ
3596 4240 3679 4294 ὅτι

2104 4320 2294 4391 γέγονε
2318 4319 2455 4392 σὰρξ
2480 4322 2509 4374 ό
2534 4321 2705 4391 Λόγος
2733 4323 2794 4377 οὐ
2825 4325 2967 4379 κατὰ
2990 4325 3344 4395 μετάστασιν,
3377 4330 3410 4401 ἢ
3450 4333 3677 4402 τροπὴν,

2029 4450 2078 4507 υ
2109 4415 2225 4469 ἀλλ’
2258 4417 2340 4469 ὅτι
2378 4416 2577 4486 μᾶλλον
2618 4416 2933 4486 ἐσκήνωσεν
2964 4420 3022 4471 ἐν
3054 4420 3222 4489 ἡμῖν,
3260 4423 3352 4474 καὶ
3383 4422 3509 4477 ναὸν
3546 4425 3679 4479 [διον

2104 4508 2402 4578 ἐποιήσατο
2445 4513 2509 4561 τό
2561 4508 2761 4562 ἔνωθὲν
2794 4508 2947 4578 αὐτῷ
2993 4512 3135 4564 κατὰ
3172 4513 3433 4583 ἀλήθειαν
3477 4518 3673 4586 σῶμα,

2097 4599 2278 4671 ψυχὴν
2319 4600 2443 4671 ἔχον
2470 4599 2569 4671 τὴν
2602 4600 2849 4672 λογικὴν,
2883 4602 3107 4666 εὐσεϐὲς
3142 4604 3339 4670 εἰπεῖν,
3372 4607 3455 4660 ὅτι
3483 4607 3580 4677 τὴν
3610 4610 3674 4662 ἐν

2097 4694 2166 4766 τῇ
2198 4693 2330 4763 ἁγίᾳ
2363 4697 2527 4761 σαρκὶ
2558 4694 2651 4747 τοῦ
2684 4694 2861 4762 Λόγου
2893 4695 3239 4766 κατοίκησιν,
3268 4698 3437 4768 ἤγουν
3459 4699 3674 4765 ἕνωσιν,

2100 4784 2277 4856 ἀληθῆ
2327 4785 2754 4855 κατασημαίνων
2805 4786 2940 4856 ἡμῖν
2996 4788 3024 4840 ό
3086 4786 3376 4853 θεσπέσιος
3426 4790 3673 4855 Παῦλος,

2101 4878 2160 4930 ὲν
2188 4878 2328 4947 αὐτῇ
2363 4891 2497 4945 φησι
2533 4876 2860 4948 κατοικῆσαι
2897 4879 3006 4931 πᾶν
3036 4878 3098 4932 τὸ
3130 4880 3407 4952 πλήρωμα
3437 4882 3537 4952 τῆς
3561 4884 3679 4941 θεό-

2096 4984 2279 5039 τητος,
2318 4968 2380 5020 οὐ
2417 4967 2697 5037 μεθεκτῶς
2733 4971 2958 5041 μᾶλλον,
2993 4971 3026 5043 ἢ
3064 4974 3354 5044 σχετικῶς,
3387 4975 3557 5045 ἡγουν
3601 4977 3680 5040 ὡς

2099 5061 2156 5113 ὲν
2195 5059 2341 5112 δόσει
2375 5058 2630 5131 χάριτος,
2673 5061 2812 5117 ἀλλὰ
2847 5065 3211 5134 σωματικῶς,
3244 5066 3274 5119 ό
3301 5069 3449 5127 ἐστιν
3481 5069 3679 5125 οὐσιω-

2099 5149 2224 5217 δῶς,
2260 5152 2337 5213 ὡς
2370 5151 2435 5205 ἂν
2469 5155 2522 5206 si
2553 5153 2649 5208 καὶ
2676 5154 2735 5208 ἐν
2761 5153 3036 5228 ἀνθρώπῳ
3067 5154 3282 5224 λέγοιτο
3312 5164 3588 5217 κατοικεῖν
3618 5162 3679 5214 τὸ

2101 5240 2319 5311 πνεῦμα
2340 5240 2528 5307 αὑτοῦ,
2558 5241 2657 5312 οὐχ
2688 5242 2877 5314 ἕτερον
2900 5242 2958 5297 ὃν
2976 5244 3107 5315 παρ’
3134 5244 3318 5302 αὐτόν.
3338 5247 3453 5317 Ἐφ’
3476 5250 3591 5313 ἑνὸς
3618 5250 3677 5311 δὲ

2102 5332 2398 5404 προσώπου
2429 5332 2692 5400 πολλάκις
2714 5335 3064 5407 διπρόσωπον
3094 5339 3225 5410 ἡμῖν
3251 5340 3568 5411 εἰσφέρεται
3592 5342 3678 5395 λό-

2100 5440 2197 5491 γου
2231 5424 2443 5495 σχῆμα,
2481 5426 2577 5478 καὶ
2605 5427 2725 5480 κατ’
2756 5426 2947 5480 οὐδένα
2976 5428 3179 5498 τρόπον
3206 5429 3382 5484 ἀδικεῖ
3406 5432 3508 5503 τὴν
3538 5432 3675 5501 ἁλή-

2100 5514 2251 5571 θειαν
2277 5531 2291 5545 ⁸
2334 5511 2445 5571 οἷον
2487 5517 2620 5589 φέρε
2665 5517 2861 5584 εἰπεῖν,
2896 5519 2971 5583 ὡς
3013 5521 3063 5573 εἰ
3109 5520 3322 5588 λέγοιτο
3364 5524 3494 5593 περὶ
3538 5520 3673 5575 Θεοῦ

2098 5607 2247 5677 παρὰ
2264 5608 2363 5679 τῆς
2380 5608 2608 5664 Θεοπνεὺ
2618 5626 2742 5663 στου
2774 5610 3023 5683 Γραφῆς,
3039 5610 3101 5667 '0
3118 5612 3419 5668 πλάσσων
3439 5612 3676 5683 πνεῦμα
