4082 6430
409 381 518 446 959

1646 378 2039 440 ΕΗἸῊΥΜΙΙ
2075 374 2444 442 ZIGABENI

3577 377 3684 442 960

409 495 586 564 ipsum
625 491 905 562 proprium
938 490 1162 558 faciens,
1199 493 1250 546 in
1293 491 1411 562 ipso
1442 501 1634 561 sponte
1671 505 1768 545 sua
1801 506 1989 560 passus

2101 487 2616 561 προσκυνούμενος-ς
2657 486 2688 542 6
2725 487 2980 559 σύνεδρος
3006 485 3085 559 τῷ
3127 487 3336 560 Πατρίς
3392 488 3532 545 Ἀλλ’
3567 491 3684 546 ἐστι

407 595 513 648 est,
548 593 604 638 et
633 593 854 654 propter
905 593 1132 638 mortem
1173 597 1428 654 suprema
1461 583 1635 652 gloria
1667 594 1990 646 coronatur,

409 687 466 731 nt
508 677 598 742 qui
636 685 810 730 marte
846 692 941 730 sua
995 685 1225 730 mortem
1261 676 1617 738 destruxerit,
1669 684 1724 729 et
1767 690 1995 745 cormp-

409 772 609 841 tionem
634 769 922 823 invalidam
943 767 1204 835 ell‘ecerit,
1225 769 1423 838 quippe
1454 768 1545 838 qui
1573 768 1686 836 ipsa
1705 775 1788 822 est
1816 768 1998 820 incor-

408 864 590 930 ruptio
619 871 782 931 atque
808 861 1181 926 vita.Quando
1215 863 1379 931 igitur
1409 859 1592 916 Jesutn
1630 862 1898 921 nominat,
1940 870 1996 916 et

406 955 673 1008 minorem
730 953 939 1022 angelis
965 953 1168 1009 factum
1196 953 1346 1016 dicit,
1382 955 1555 1022 ipsum
1583 968 1690 1008 non
1720 954 1993 1009 hominem

405 1063 498 1116 per
518 1046 870 1117 sesigillatim
894 1047 1265 1119 intelligimus,
1293 1048 1384 1103 sed
1414 1045 1784 1117 Unigenitum,
1803 1048 1996 1102 salutis

406 1142 656 1195 humana!
675 1141 925 1206 consilio,
977 1141 1295 1210 praestantia
1323 1141 1532 1195 sanctis
1568 1140 1772 1207 angelis
1791 1143 1994 1193 ceden-

400 1238 532 1295 tem,
556 1233 682 1302 quia
711 1247 839 1288 vere
892 1232 1072 1288 factus
1100 1233 1214 1302 :est
1273 1233 1460 1296 homo,
1529 1232 1622 1300 qni
1678 1231 1990 1302 angelorum

403 1323 637 1379 vincitur
667 1323 1012 1379 excellentia.
1044 1323 1179 1389 Quae
1203 1321 1422 1391 quidem
1447 1322 1778 1378 excellentia
1838 1322 1890 1375 in
1928 1337 1994 1376 eo

399 1414 502 1470 sita
527 1424 634 1481 est,
659 1416 803 1484 quod
827 1423 882 1472 et
907 1417 1090 1470 carnis
1115 1425 1168 1470 et
1197 1415 1388 1470 mortis
1411 1425 1661 1484 espcrtes
1688 1424 1834 1477 sunt,
1869 1429 1991 1468 cum

400 1507 688 1576 utriusque
710 1517 932 1577 propter
959 1508 1323 1562 voluntariam
1357 1508 1785 1563 exinanitionem
1822 1507 1992 1563 Filius

399 1599 678 1667 particeps
701 1613 822 1654 esse
854 1600 1104 1655 voluerit.
1155 1600 1225 1654 At
1258 1602 1350 1669 qui
1394 1612 1615 1669 propter
1639 1604 1992 1656 humanitatis

398 1690 764 1747 conditionem
791 1692 1000 1760 angelis
1030 1692 1192 1762 paulo
1221 1692 1399 1746 minor
1432 1691 1662 1748 edoctus
1695 1701 1810 1758 est,
1840 1693 1885 1746 is
1936 1694 1990 1746 in

397 1784 720 1840 excellentia
749 1785 1052 1840 divinitatis
1105 1785 1377 1838 exsistcns
1422 1787 1489 1837 ab
1520 1783 1629 1838 illis
1659 1785 1993 1840 adoraluret

2102 583 2284 653 σαφὴς
2314 583 2346 653 ἡ
2381 581 2671 653 πρότασις.
2694 581 2970 635 Καθίκετο
2992 581 3103 652 γὰρ
3128 583 3186 634 ὲν
3211 583 3322 646 τοῖς
3351 582 3451 651 τῆς
3478 582 3691 654 ἀνθρω-

2100 675 2338 744 πότητος
2371 676 2595 744 μέτροις
2627 672 2721 728 καὶ
2749 673 2811 727 τὸ
2840 673 3214 745 ἀποθνήσκειν
3245 675 3491 744 πεφυκὸς
3525 676 3687 747 σῶμα

2098 765 2304 833 λαόὼν,
2337 766 2466 820 ἴδιόν
2498 785 2558 820 τε
2592 766 2744 838 αύτῷ
2781 768 3179 838 ποιησάμενος,
3209 769 3266 821 ἐν
3301 769 3451 840 αὐτῷ
3479 771 3688 824 πέπον⁹

2101 858 2191 911 θεν
2216 857 2382 923 ἑκὼν,
2424 859 2518 914 καὶ
2543 862 2667 924 ταῖς
2696 862 2962 916 ἀνωτάτω
2990 862 3171 927 δόξαις
3203 862 3572 932 στεφανοῦται
3600 865 3688 919 διὰ

2098 951 2160 1005 τὸ
2187 951 2382 1019 πάθος,
2411 951 2489 1016 ὡς
2511 951 2579 1006 δι’
2605 952 2776 1006 αὐτοῦ
2799 955 3165 1026 καταργήσας
3187 954 3281 1008 τὸν
3305 955 3560 1020 θάνατον,
3591 959 3690 1012 και¹

2097 1043 2382 1111 ἄπρακτον
2406 1046 2694 1117 ἀποφήνας
2715 1047 2815 1116 τὴν
2838 1046 3065 1117 φθορὰν,
3097 1047 3192 1101 ἆτε
3213 1047 3277 1118 δὴ
3309 1051 3402 1102 καὶ
3425 1048 3688 1121 ὑπάρχων

2096 1137 2376 1208 ἀφθαρσία
2411 1139 2506 1192 καὶ
2536 1137 2674 1208 ζωή.
2719 1139 2892 1194 Ὅταν
2918 1134 3009 1192 οὖν
3049 1137 3261 1209 Ἰησοῦν
3286 1139 3554 1212 ὀνομάζῃ,
3593 1141 3687 1195 καὶ

2095 1230 2444 1299 ἡλαττῶσθαι
2472 1231 2610 1304 λέγῃ
2637 1232 2792 1304 παρὰ
2818 1233 2943 1297 τοὺς
2965 1231 3235 1306 ἀγγέλους
3260 1233 3446 1299 αὑτὸν,
3472 1234 3570 1288 οὐκ
3599 1235 3687 1289 ἄν·

2099 1319 2321 1390 θρωπον
2354 1322 2460 1377 ἀνὰ
2494 1323 2663 1394 μέρος
2702 1327 2798 1378 καὶ
2837 1325 3058 1389 ίδικῶς,
3101 1325 3220 1378 ἀλλ’
3253 1325 3418 1380 αὐτὸν
3456 1327 3686 1397 νοοῦμεν

2096 1409 2186 1463 τὸν
2219 1412 2502 1485 Μονογενῆ
2545 1414 2984 1486 παραχωροῦντα
3028 1417 3089 1470 τὸ
3120 1414 3380 1488 προῦχειν
3409 1416 3685 1486 οἰκονομι-

2096 1499 2206 1565 κῶς
2231 1505 2345 1566 τοῖς
2368 1504 2546 1572 ἁγίοις
2565 1506 2843 1574 ἀγγέλοις,
2864 1509 2946 1560 ὅτι
2967 1507 3201 1578 ἀληθείᾳ
3224 1507 3452 1575 γέγονεν
3475 1505 3688 1577 ἄνθρω-

2097 1607 2199 1657 πος
2235 1594 2263 1647 6
2298 1595 2396 1665 τῆς
2425 1597 2654 1651 ἐκείνων
2698 1600 2978 1671 ὑπεροχῆς
3023 1598 3359 1671 ἡττώμενος.
3391 1599 3473 1657 Τὰ
3498 1600 3556 1654 δὲ
3585 1600 3688 1671 τῆς

2097 1686 2197 1740 ύπε
2210 1689 2375 1759 ροχῆς
2395 1692 2506 1754 τοῖς
2525 1691 2701 1760 ἁγίοις
2717 1693 2993 1761 ἀγγέλοις,
3007 1694 3089 1747 ὅτι
3112 1693 3205 1748 καὶ
3222 1693 3328 1760 ἔξω
3347 1692 3572 1761 σαρκὸς,
3591 1693 3688 1746 και

2093 1780 2188 1832 τοῦ
2212 1783 2469 1838 τεθνάναι
2496 1787 2783 1858 κρείττους
2811 1787 2940 1853 sici,
2963 1787 3251 1855 γεγονότος
3275 1791 3332 1839 ὲν
3360 1786 3574 1849 τούτοις
3591 1786 3687 1839 τοῦ

399 1880 551 1928 sedet
572 1875 626 1929 in
654 1874 900 1940 sedibus,
933 1889 1069 1945 quas
1109 1872 1184 1926 illi
1213 1873 1578 1932 constituunt.
1602 1887 1731 1927 eum
1763 1888 1980 1944 semper

2095 1871 2212 1928 ι’ίού
2263 1877 2350 1931 διὰ
2399 1879 2498 1948 τὴν
2539 1878 2790 1932 ἑκούσιον
2832 1880 3088 1933 κένωσιν.
3146 1879 3288 1931 Ἀλλ’
3329 1878 3359 1930 ὁ
3410 1875 3586 1948 βραχύ
3634 1896 3686 1932 τι

404 1967 779 2024 Collaudantes
802 1977 856 2024 et
884 1977 1213 2037 potestatum
1249 1966 1534 2020 Dominum
1567 1966 1922 2034 appellantes.

2105 1968 2232 2039 παρ’
2294 1967 2562 2036 ἀγγέλους
2607 1969 2997 2038 ἡλαττωμὲνος
3059 1966 3148 2021 διά
3185 1983 3250 2037 γε
3310 1967 3371 2020 τὸ
3427 1970 3527 2038 τῆς
3588 1969 3683 2022 ἀν-

399 2060 755 2131 θρωπότητος
817 2062 1043 2132 μέτρον.
1110 2061 1170 2112 ὲν
1236 2059 1486 2130 ὑπεροχῇ
1547 2059 1804 2130 θεότητος
1864 2061 1978 2128 ὢν,
2019 2065 2412 2132 προσκυνεῖται
2437 2062 2566 2132 παρ’
2598 2061 2802 2126 αὐτῶν,
2835 2063 2931 2116 καὶ
2995 2061 3276 2133 ἐνίδρυται
3339 2058 3558 2126 θώκοις,
3588 2060 3686 2126 οὒς

399 2155 759 2224 περιεστᾶσιν
798 2157 998 2208 ἐκεῖνοι
1037 2157 1450 2225 δοξολογοῦντες
1484 2159 1594 2222 ἀεὶ,
1633 2158 1729 2210 καὶ
1755 2157 1864 2210 τῶν
1891 2157 2180 2228 δυνάμεων
2209 2157 2371 2212 αὑτὸν
2400 2158 2765 2229 ὀνομάζοντες
2796 2158 3026 2229 Κύριον.

400 2267 653 2338 Ejusdem
687 2285 750 2322 ea:
779 2269 936 2331 libro,
965 2272 1054 2338 qui
1093 2287 1157 2324 (ιτ
1187 2273 1596 2342 interrogatione
1620 2288 1735 2326 raso
1773 2274 1982 2327 nsione-

1013 2357 1112 2395 one
1139 2354 1367 2397 constat.

473 2432 605 2486 Nam
627 2434 1050 2503 genuitqnidcnt
1069 2437 1211 2490 Dens
1228 2453 1290 2490 ac
1307 2437 1464 2492 I’ater
1486 2436 1678 2492 Filium
1695 2455 1759 2492 ter
1783 2453 1990 2509 seipse,

401 2530 761 2592 generatione
791 2544 920 2582 una.
959 2529 1230 2584 Caaterum
1262 2530 1465 2601 placuit
1499 2534 1548 2584 ei
1585 2533 1894 2589 instaurare
1931 2535 1984 2587 in

400 2619 520 2688 ipso
535 2635 708 2691 genus
737 2619 1039 2675 humanum
1061 2635 1156 2691 per
1182 2621 1613 2678 incarnationem
1640 2622 1755 2679 sive
1789 2624 1983 2679 lnnna-

401 2715 706 2780 nationem,
761 2729 928 2784 quam
969 2717 1198 2771 omnino
1251 2716 1364 2772 ﬁeri
1398 2718 1636 2785 oportuit
1695 2733 1793 2788 per
1850 2720 1991 2774 nati-

2095 2274 2208 2332 Τοῦ
2241 2273 2434 2331 αὐτοῦ
2471 2274 2543 2330 ἐκ
2585 2273 2694 2330 τοῦ
2733 2275 2886 2402 καλὲὰ
2939 2275 3162 2332 πεῦσιν
3222 2272 3325 2332 καὶ
3363 2273 3688 2343 ἀπόκρισιν

2855 2365 2992 2402 του.

2855 2365 2992 2417 του.

2171 2436 2476 2509 Γεγέννηκε
2507 2437 2608 2508 μὲν
2640 2437 2750 2510 γάρ
2775 2441 2802 2491 6
2837 2438 2969 2502 Θεὸς
2999 2439 3094 2494 καὶ
3134 2438 3321 2509 Πατὴρ
3346 2439 3438 2491 τὸν
3469 2438 3598 2494 Υἱδν
3624 2437 3684 2504 ἐξ

2096 2529 2314 2594 ἑαυτοῦ,
2338 2531 2591 2601 γεννήσει
2614 2532 2716 2604 μιᾷ
2734 2549 2749 2566 ο
2775 2531 2918 2602 πλὴν
2937 2533 3232 2601 εὐδόκησεν
3253 2534 3310 2587 ὲν
3334 2533 3482 2604 αύτῴ
3504 2535 3564 2588 τὸ
3591 2537 3684 2587 ἁν-

2095 2625 2368 2696 ορὼπινον
2396 2625 2679 2680 ἀνασῶσαι
2706 2625 2886 2692 γένος,
2904 2627 3095 2696 τρόπῳ
3130 2618 3210 2696 τῷ
3241 2625 3388 2680 κατὰ
3418 2626 3518 2696 τὴν
3551 2627 3686 2697 σάρ-

2083 2733 2278 2783 κωσιν,
2297 2718 2466 2789 ἡγουν
2488 2717 2924 2789 ὲνανθρώπησιν,
2950 2717 3021 2790 ἡν
3045 2719 3226 2789 πάντη
3250 2736 3310 2772 τε
3337 2718 3433 2773 καὶ
3458 2719 3683 2782 πάντως

402 2805 629 2860 vitatem
673 2820 739 2860 ex
782 2808 1052 2873 muliere,
1090 2819 1150 2862 ut
1206 2823 1304 2878 per
1349 2810 1761 2867 similitudinem
1821 2827 1984 2880 quam

2095 2811 2340 2881 γενέσθαι
2361 2811 2553 2882 ἐχρῆν.
2569 2809 2658 2865 διὰ
2681 2811 2996 2883 γεννήσεως
3016 2811 3262 2895 δοηλονότι
3283 2811 3384 2881 τὴν
3407 2812 3473 2865 ὲκ
3496 2827 3687 2880 γυναι-

413 2901 692 2958 nobiscum
722 2900 885 2955 habet
903 2897 1136 2955 Verbum
1163 2912 1234 2952 ex
1268 2897 1376 2953 Deo
1406 2906 1613 2963 ortum,
1655 2896 1989 2954 condemne-

2095 2912 2201 2970 νιος,
2223 2907 2311 2959 ινα
2340 2909 2403 2978 τῇ
2443 2905 2580 2977 πρὸς
2619 2906 2766 2975 ἡμᾶς
2793 2905 3061 2976 ὁμοιώσει
3097 2909 3190 2959 τοῦ
3221 2906 3285 2958 ἐκ
3315 2904 3453 2960 Θεοῦ
3483 2904 3682 2975 φύντος

415 3003 504 3049 tur
533 2992 753 3064 quidem
781 2991 834 3045 in
854 2990 1113 3045 membris
1144 2990 1328 3045 carnis
1376 2997 1580 3043 nostrae
1627 2987 1712 3042 lex
1742 2989 1984 3056 peccati;

2087 2998 2286 3066 Λόγου,
2319 3007 2725 3067 γατακρίνηται
2766 2999 2865 3068 μὲν
2897 2998 2956 3052 ὲν
2978 2999 3094 3062 τοῖς
3124 2999 3313 3063 μέλεσι
3343 2999 3444 3068 τῆς
3481 3000 3687 3069 σαρκὸς

414 3083 470 3138 in
509 3081 865 3138 similitudine
899 3088 1080 3136 autem
1110 3077 1302 3135 mortis
1346 3077 1464 3147 ejus
1485 3077 1577 3146 qui
1625 3087 1852 3131 mortem
1879 3093 1985 3132 non

2095 3085 2194 3152 τῆς
2223 3085 2497 3154 ἁμαρτίας
2529 3085 2556 3137 6
2585 3083 2770 3155 νόμος,
2808 3085 2867 3138 ὲν
2891 3081 3197 3153 ὁμοιώματι
3223 3081 3278 3134 δὲ
3305 3080 3538 3133 θανάτου
3579 3080 3673 3134 τοῦ

414 3171 585 3236 novit,
613 3179 908 3228 evaeuetur
937 3183 1106 3224 mors.
1141 3185 1161 3221 ι
1198 3165 1257 3223 Si
1281 3167 1425 3222 enim
1459 3165 1808 3235 complantati
1861 3166 1990 3222 iacti

414 3277 624 3327 sumus,
655 3260 854 3330 inquit,
900 3257 1242 3316 similitudini
1289 3257 1483 3313 mortis
1541 3256 1658 3326 eius
1690 3272 1704 3309 :
1731 3256 1893 3312 simul
1936 3267 1993 3313 et

416 3349 799 3408 resurrectioni
831 3349 1036 3405 erimus
1088 3345 1131 3405 ⁸.
1169 3365 1190 3401 ι
1233 3345 1555 3404 Necessario
1583 3348 1768 3416 itaque
1807 3347 1854 3402 is
1899 3347 1988 3416 qui

412 3457 629 3513 setnper
655 3441 892 3507 exsistit,
927 3449 1085 3497 natus
1097 3449 1179 3496 est
1211 3440 1510 3497 secundum
1535 3455 1778 3506 carnem,
1804 3451 1988 3496 nostra

412 3537 466 3592 in
491 3535 726 3606 seipsum
759 3533 1110 3600 transferens,
1146 3542 1208 3589 ut
1245 3533 1498 3587 nimirum
1528 3533 1802 3602 genimina
1865 3547 1990 3587 car-

415 3627 519 3690 nis,
545 3627 648 3682 hoc
673 3634 776 3691 est,
802 3640 923 3688 nos,
949 3623 1282 3692 corruptioni
1313 3623 1713 3693 perditionique
1743 3622 1986 3688 obnoxii,

413 3733 730 3777 maneamus
753 3717 808 3772 in
865 3717 1004 3787 ipse,
1064 3715 1261 3785 quippe
1304 3714 1416 3784 qui,
1463 3729 1584 3783 qua:
1616 3724 1802 3770 nostra
1838 3724 1983 3779 sunt,

413 3810 630 3882 propria
658 3809 763 3866 sibi
797 3807 1009 3874 fecerit,
1033 3815 1088 3861 et
1115 3821 1216 3862 sua
1243 3805 1419 3862 nobis.
1452 3805 1679 3875 Propter
1709 3822 1808 3862 nos
1839 3808 1982 3861 enim

411 3903 578 3972 eguit,
614 3917 735 3958 cum
788 3907 936 3956 esset
993 3899 1172 3965 dives,
1236 3905 1293 3952 ut
1337 3912 1436 3953 nos
1457 3899 1622 3969 ipsius
1646 3898 1822 3967 inopia
1848 3900 1986 3953 dites

412 3993 768 4049 evaderemus
819 3991 862 4048 '.
889 3990 991 4058 Qui
1014 4004 1146 4046 vero
1200 3997 1452 4044 asserunt
1503 4003 1609 4042 non
1649 3988 1824 4056 ipsum
1857 3987 1989 4043 Ver-

2099 3176 2173 3246 μὴ
2235 3176 2437 3237 εἰδότος
2493 3175 2658 3228 αὐτὸν
2707 3172 3054 3242 καταργῆται
3105 3170 3351 3232 θάνατος.
3410 3186 3428 3220 ι
3465 3169 3529 3222 Ei
3565 3169 3674 3240 γὰρ

2099 3267 2374 3338 σύμφυτοι
2421 3267 2760 3337 γεγόναμεν,
2795 3264 2930 3335 φησι
2951 3303 2965 3329 ,
2997 3261 3074 3332 τῷ
3107 3259 3415 3331 ὁμοιώματι
3455 3260 3549 3314 τοῦ
3579 3261 3675 3313 θαι

2079 3358 2254 3412 ,νάτου
2283 3357 2449 3412 αὐτοῦ
2477 3400 2490 3423 ,
2524 3356 2658 3410 ἀλλά
2689 3355 2782 3410 καὶ
2815 3355 2914 3424 τῆς
2949 3352 3298 3415 ἀναστάσεως
3339 3349 3597 3421 ἐσόμεθα.
3647 3368 3666 3402 ι

2094 3448 2300 3504 Οὐκοῦν
2341 3447 2657 3518 ἀναγκαίως
2687 3449 2714 3499 6
2743 3445 2819 3499 ὣν
2855 3444 2950 3498 καὶ
2976 3444 3005 3498 6
3043 3442 3304 3513 ὑπάρχων
3346 3440 3669 3510 γεγέννηται

2092 3540 2234 3596 κατὰ
2269 3540 2470 3609 σάρκα,
2501 3538 2571 3592 τὰ
2605 3537 2764 3608 ἡμῶν
2799 3539 2880 3599 εἰς
2925 3535 3116 3589 ἑαυτὸν
3147 3532 3419 3606 μεταθεὶς,
3470 3531 3556 3584 ἵνα
3601 3529 3671 3583 τὰ

2097 3631 2303 3703 σαρκὸς
2327 3631 2665 3701 γεννήματα,
2690 3628 2991 3692 τουτέστιν,
3042 3626 3207 3697 ἡμεῖς
3250 3626 3298 3678 οἱ
3351 3622 3578 3694 φθαρτοί
3609 3638 3672 3674 τε

2094 3726 2188 3779 και⁵
2231 3722 2635 3792 ἀπολλύμενοι,
2710 3719 2962 3790 μένωμεν
3010 3719 3068 3770 ὲν
3115 3715 3286 3786 αὐτῷ,
3333 3716 3441 3769 ίδια
3484 3713 3674 3767 λοιπὸν

2093 3815 2268 3885 ἔχοντι
2297 3814 2364 3866 τὰ
2407 3811 2587 3882 ἡμῶν,
2622 3811 2708 3863 ἵνα
2740 3810 2834 3864 καὶ
2871 3808 3033 3879 ἡμεῖς
3079 3805 3149 3860 τὰ
3187 3805 3371 3859 αὐτοῦ.
3415 3803 3492 3858 Δι’
3523 3805 3672 3875 ἡμᾶς

2092 3907 2202 3976 γάρ
2245 3901 2558 3975 ἐπτώχευσε
2591 3902 2846 3962 πλούσιος
2888 3899 2986 3966 ὢν,
3023 3898 3110 3952 ἵνα
3155 3899 3315 3968 ἡμεῖς
3361 3899 3427 3967 τῇ
3462 3896 3673 3948 ἐκείνου

2093 3995 2338 4066 πτωχείᾳ
2363 3993 2776 4063 πλουτήσωμεν.
2807 3988 3114 4051 Φάσκοντές
3136 4005 3201 4056 γε
3227 3987 3355 4058 μὴν,
3382 3987 3483 4040 οὐκ
3509 3986 3673 4040 αὑτὸν

411 4088 538 4142 bum
569 4100 632 4142 ex
660 4083 769 4140 Deo
802 4083 1005 4139 factum
1031 4095 1153 4137 esse
1181 4094 1398 4136 carnem
1416 4093 1481 4134 ex
1509 4077 1754 4144 muliere,
1769 4095 1986 4134 omnem

2095 4087 2339 4160 γενέσθαι
2378 4086 2558 4158 σάρκα
2597 4083 2688 4138 τὸν
2720 4084 2785 4135 ἐκ
2828 4081 2965 4134 Θεοῦ
3009 4079 3204 4147 Λόγον,
3241 4078 3358 4149 ἡτοι
3411 4077 3670 4145 γέννησιν

412 4177 827 4232 salutisnostrze
873 4173 1339 4245 dispensationem
1393 4170 1608 4226 tollunt.
1667 4169 1779 4226 Nisi
1839 4171 1985 4225 enim

413 4270 566 4324 dives
595 4282 715 4323 cum
747 4274 892 4322 esset
919 4265 1088 4336 eguit,
1103 4279 1210 4334 prae
1234 4265 1496 4318 immensa
1528 4277 1624 4318 sua
1653 4261 1988 4332 benignitate

2091 4180 2383 4249 ὑπομεῖναι
2417 4176 2517 4246 τὴν
2551 4173 2694 4230 κατὰ
2735 4175 2914 4244 σάρκα
2965 4172 3028 4223 ὲκ
3069 4167 3344 4237 γυναικὸς,
3389 4167 3672 4237 ἀναιροῦσι

2091 4270 2189 4340 τὴν
2222 4266 2555 4337 οίκονομίαν.
2597 4267 2660 4318 Ei
2691 4265 2802 4337 γὰρ
2833 4263 2908 4335 μὴ
2936 4261 3190 4325 πλούσιος
3223 4259 3298 4318 ὣν
3337 4259 3672 4330 ὲπτώχευσε,

414 4373 477 4414 se
513 4357 581 4413 ad
612 4365 796 4412 nostra
815 4355 1129 4422 demittens,
1163 4369 1231 4409 ne
1261 4368 1356 4408 nos
1393 4353 1612 4424 quidem
1642 4367 1764 4422 quas
1815 4351 1986 4420 ipsius

2095 4359 2280 4422 meai;
2313 4357 2504 4411 ἑαυτὸν
2531 4359 2644 4420 τοῖς
2675 4356 2794 4410 καθ’
2824 4356 2971 4427 ἡμᾶς
2997 4356 3063 4408 ὲκ
3089 4352 3521 4423 φιλανθρωπίας,
3553 4351 3672 4404 οὐδὲ

414 4459 540 4505 sunt
562 4447 840 4505 consecuti
867 4461 1055 4504 sumus
1083 4464 1098 4502 :
1123 4447 1215 4502 sed
1245 4445 1420 4502 adhuc
1444 4445 1498 4500 in
1530 4445 1698 4500 veteri
1747 4453 1990 4514 egestate

413 4556 720 4607 versamur,
772 4539 1248 4608 exsecrationique
1303 4547 1359 4593 et
1415 4535 1584 4592 morti
1636 4551 1698 4592 ac
1763 4544 1987 4603 peccato

411 4632 634 4690 obnoxii
659 4646 868 4688 sumus.
918 4629 1053 4686 Nam
1105 4644 1171 4686 eo
1231 4629 1348 4699 ipso
1407 4629 1550 4698 quod
1592 4627 1826 4684 Verbum
1862 4642 1989 4683 caro

412 4730 615 4781 tactum
651 4733 756 4792 est,
779 4723 990 4780 sublata
1018 4731 1142 4779 sunt
1180 4737 1243 4778 ea
1273 4737 1395 4792 quae
1417 4736 1483 4777 ex
1517 4719 1901 4780 maledietione
1933 4729 1989 4773 et

412 4818 866 4874 eondcmnatione
903 4818 1152 4870 humanae
1179 4823 1388 4868 naturae
1445 4811 1779 4869 acciderant.
1840 4809 1988 4877 Quo-

411 4910 564 4964 circa
597 4908 642 4963 si
670 4905 863 4963 salutis
888 4915 1090 4961 nostrae
1123 4905 1361 4960 radicem
1403 4904 1732 4968 convellunt,
1788 4912 1842 4957 et
1872 4902 1985 4972 spei

413 5011 613 5055 nostrae
630 4999 1042 5055 fundamentum
1099 4999 1440 5060 subvertunt,
1467 4994 1595 5066 quid
1646 4995 1900 5064 deinceps
1927 4993 1992 5047 de

413 5091 569 5147 nobis
595 5090 721 5144 ﬁet?
764 5089 896 5144 Nam
923 5091 967 5144 si
999 5089 1236 5144 Verbum
1267 5102 1398 5143 earo
1431 5087 1629 5142 factum
1655 5101 1764 5140 non
1810 5095 1912 5148 εει,
1933 5092 1993 5140 ιιι

412 5183 545 5245 dixi,
580 5197 647 5237 ne
676 5182 868 5236 mortis
901 5181 1116 5251 quidem
1167 5177 1452 5248 imperium
1487 5189 1772 5229 excussum
1797 5182 1898 5236 est,
1930 5181 1986 5228 et

412 5285 691 5343 peccatum
745 5272 886 5328 nulla
905 5273 1114 5327 ratione
1148 5269 1408 5325 abolitum
1447 5267 1630 5331 fuerit,
1679 5266 1772 5322 sed
1818 5264 1996 5320 adhue

411 5366 577 5435 primi
601 5365 862 5437 parentis,
899 5366 1000 5420 hoc
1027 5373 1130 5432 est,
1157 5361 1372 5425 Adami,
1407 5355 1840 5430 prtevaricationi
1895 5356 1988 5411 ob-

412 5460 558 5513 noxii
593 5474 798 5521 sumus,
849 5471 1021 5524 neque
1053 5455 1104 5508 in
1164 5451 1440 5525 meliorem
1487 5458 1688 5504 statum
1749 5447 1990 5504 translati

403 5553 596 5592 sumus
621 5575 638 5602 ,
675 5553 772 5609 per
799 5536 1078 5593 Christum
1105 5573 1121 5602 ,
1166 5531 1393 5602 inquam
1421 5566 1438 5596 ,
1488 5531 1735 5585 omnium
1785 5530 1981 5587 Serva-

404 5633 576 5682 torem
587 5666 602 5681 .

484 5804 500 5835 ⁸
525 5803 684 5858 lieni.
715 5821 790 5871 vr,
826 5805 880 5860 5.
956 5809 975 5839 ’
1005 5806 1046 5861 il
1075 5805 1203 5862 Cor.
1228 5819 1346 5868 vm,
1374 5801 1425 5859 9.

2095 4453 2256 4524 ἡμεῖς
2300 4450 2368 4505 τά
2401 4449 2568 4504 αὑτοῦ
2618 4449 3101 4520 πεπλουτήκαμεν,
3149 4444 3264 4502 ἀλλ’
3297 4445 3462 4515 ὲσμὲν
3501 4446 3558 4497 ὲν
3595 4443 3672 4513 τῷ

2092 4542 2392 4614 πτωχεύειν
2448 4542 2528 4598 ἑτι
2556 4543 2674 4598 ’καὶ
2719 4541 2830 4613 ἀρᾷ
2878 4541 2977 4596 καὶ
3022 4539 3238 4610 θανάτῳ
3286 4539 3378 4591 καὶ
3427 4535 3672 4606 ἁμαρτίᾳ

2092 4635 2460 4707 ὲνισχημένοι.
2493 4635 2569 4688 Τὸ
2601 4633 2795 4704 γάρτοι
2843 4631 3098 4701 γενέσθαι
3129 4631 3310 4702 σάρκα
3353 4629 3446 4682 τὸν
3478 4628 3671 4696 Λόγον,

2096 4726 2251 4782 λύσιν
2289 4727 2401 4798 ἔχει
2431 4726 2524 4780 καὶ
2555 4724 2870 4797 ἀνατροπὴν
2901 4724 3010 4777 τῶν
3036 4722 3096 4787 ἐξ
3123 4723 3263 4795 ἀρᾶς
3287 4723 3380 4775 καὶ
3409 4721 3566 4791 δίκης
3605 4722 3694 4797 ’τῇ⁶

2095 4817 2189 4892 τοῦ
2249 4816 2536 4889 ἀνθρώπου
2594 4817 2754 4886 φύσει
2807 4814 3255 4887 συμϐεϐηκότων.
3312 4812 3556 4878 Οὐκοῦν,
3623 4811 3670 4866 εί

2096 4893 2521 4979 ἀναὸοθρεύουσι
2551 4911 2650 4980 τῆς
2695 4908 2971 4978 σωτηρίας
3004 4905 3161 4976 ἡμῶν
3202 4904 3301 4976 τὴν
3351 4902 3540 4973 ῥίζαν,
3582 4902 3670 4958 καὶ

2096 4999 2190 5054 τὸν
2230 4999 2329 5069 τῆς
2363 4998 2577 5062 ἐλπίδος
2612 4998 2862 5069 θεμέλιον
2896 4995 3282 5068 ἀνορύττουσι,
3314 4995 3416 5048 ποῦ
3446 4995 3516 5048 τὰ
3558 4997 3673 5066 μετ’

2097 5091 2259 5144 αὐτὸν
2309 5089 2388 5143 ἔτι
2439 5089 2716 5156 κείσεται;
2769 5091 2843 5144 Ού
2891 5089 2998 5160 γὰρ
3041 5089 3345 5158 γεγονότος,
3397 5087 3472 5150 ὡς
3515 5085 3670 5156 ἔφην,

2098 5181 2300 5255 σαρκὸς
2329 5181 2425 5234 τοῦ
2454 5182 2652 5252 Λόγου,
2679 5181 2802 5235 οὔτε
2839 5179 2933 5234 τοῦ
2986 5179 3218 5234 θανάτου
3254 5177 3578 5246 κατεσείσθη
3616 5176 3676 5228 τὸ

2094 5273 2317 5343 κράτος,
2352 5273 2699 5344 κατήργηται
2739 5269 2798 5324 δὲ
2829 5271 2949 5324 κατ’
2980 5269 3174 5323 οὐδένα
3204 5269 3402 5340 τρόπον
3428 5268 3460 5338 ἡ
3493 5265 3667 5336 ἀμαρ-

2094 5363 2201 5428 τίοι,
2249 5360 2343 5417 καὶ
2393 5362 2562 5435 ἐσμὲν
2604 5361 2690 5416 ἔτι
2731 5362 2856 5425 ταῖς
2896 5361 2988 5415 τοῦ
3027 5358 3248 5433 πρώτου
3298 5359 3675 5430 παραϐάσεσιν

2096 5452 2306 5523 ἔνοχοι,
2376 5453 2655 5511 τουτέστιν
2713 5453 2928 5526 Ἀδὰμ,
2987 5454 3248 5527 οὐδεμίαν
3317 5452 3675 5521 άναφοίτησιν

2095 5532 2310 5606 ἔχοντες
2342 5534 2423 5598 είς
2451 5534 2513 5588 τὸ
2542 5533 2790 5604 ἄμεινον,
2824 5537 2922 5612 τήν
2944 5537 3036 5595 διά
3068 5539 3133 5611 γέ
3162 5553 3306 5609 φημι
3334 5536 3426 5592 τοῦ
3458 5536 3680 5595 πάντων

2098 5625 2255 5695 ἡμῶν
2289 5627 2540 5698 Σωτῆρος
2574 5627 2834 5698 Χριστοῦ.

3703 4895 3751 5016 \
