4082 6378
366 349 465 414 961

441 474 504 528 Β.
532 473 771 544 Συνίημι
803 473 833 528 6
872 478 999 546 φής.

440 568 501 618 Α.
546 566 644 629 Τίς
674 566 720 619 δ“
748 568 816 621 ἂν
846 569 940 622 καὶ
993 572 1167 623 νοοῖτο
1213 572 1353 644 πρὸς
1390 575 1550 645 ἡμῶν
1582 579 1611 629 6
1660 579 1952 649 παραπληο

368 656 502 720 σίως
532 660 662 727 ἡμῖν
695 660 1051 731 μετεσχηκὼς
1094 663 1326 733 αἵματος
1350 666 1441 719 καὶ
1474 668 1695 739 σαρκὸς,
1732 669 1807 733 ὡς
1837 669 1954 723 ἓτε-

371 767 463 818 ρος
493 748 568 802 ὢν
603 751 733 821 παρ’
766 752 912 821 ἡμᾶς
946 754 1089 806 κατά
1123 756 1318 823 φύσινς
1348 759 1422 811 Οὐ
1448 759 1558 830 γάρ
1588 776 1670 813 τοι
1706 764 1840 831 φαίη
1871 780 1955 826 τις

367 840 437 893 ἂν
464 839 738 912 ἀνθρώπῳ
772 843 1025 912 πρέπειν,
1076 844 1133 896 τὸ
1182 846 1597 917 ἀνθρωπόθτητος
1642 856 1952 921 μετασχεῖν.

374 933 444 984 Ὃ
474 934 582 1001 γάρ
628 935 744 987 ἐστι
791 936 932 989 κατὰ
974 936 1156 1005 φύσιν,
1188 938 1303 1001 πῶς
1334 940 1399 993 ἀν
1428 958 1510 1003 τις
1544 945 1716 995 νοοῖτο
1750 944 1953 1009 λαβὼν,

368 1025 447 1084 ὡς
494 1026 680 1095 ἕτερον
723 1026 782 1079 ὃν
826 1045 880 1079 τι
914 1030 1044 1101 παρ’
1084 1034 1221 1101 ὅπερ
1263 1034 1439 1098 ἐστίνς
1469 1029 1592 1103 'Ap‘
1632 1036 1693 1087 οὺ
1736 1037 1871 1088 πολὺ
1900 1039 1958 1088 τὸ

368 1119 520 1181 εἰκὸς
548 1121 575 1171 6
606 1120 761 1188 λόγος
795 1120 931 1191 ἔχεις

447 1298 507 1351 Β.
550 1298 699 1350 Πάνυ
738 1299 835 1368 μὲν
868 1294 980 1353 οῦν.

446 1392 509 1444 Δ.
548 1390 820 1461 Ἀθρειδὲ
852 1392 917 1462 δὴ
958 1393 1052 1444 καὶ
1101 1392 1325 1464 ἑτέρως,
1364 1395 1442 1458 ὡς
1490 1396 1707 1461 ἀνόσιρν
1738 1398 1797 1451 τέ
1847 1400 1962 1451 ἐστι

373 1486 472 1537 καὶ
510 1487 748 1555 ἀπηχὲς.
781 1488 845 1540 τὸ
873 1489 1120 1561 ἀναιρεῖν
1155 1491 1451 1561 πειρᾶσθαι
1482 1493 1576 1546 τοῦ
1609 1494 1746 1547 Θεοῦ
1785 1496 1960 1563 Λόγου

374 1579 477 1644 τὴν
534 1580 596 1629 ἐκ
630 1580 887 1645 γυναικὸς
947 1582 1090 1634 κατᾶ
1147 1582 1328 1653 σάρκα
1372 1585 1647 1655 γέννησιν.
1701 1586 1821 1639 Τίνι
1855 1589 1963 1657 γὰρ

1310 364 1688 425 PANOPLIA
1728 362 2188 432 DOGMATICA.
2223 396 2290 406 -
2325 369 2476 427 'l‘l’l‘.
2514 371 2633 432 XV.

1986 486 2038 547 Α
2134 486 2194 540 Β.
2224 487 2476 559 Intelligo
2498 490 2627 558 quid
2662 489 2815 542 velis.

3533 364 3636 431 9‘53

2116 582 2191 636 Α.
2230 583 2364 647 Quis
2392 600 2518 636 vero
2551 584 2884 652 intelligatur
2917 598 2944 637 a
2979 583 3134 636 nobis
3161 584 3251 651 qui
3285 584 3509 651 perinde
3559 591 3640 633 at-

2056 688 2281 743 queuos
2307 675 2587 740 sanguinis
2640 692 2704 729 ac
2764 675 2947 727 carnis
2988 676 3257 740 particeps
3311 674 3486 726 tactus
3544 673 3637 734 sit,

2060 776 2312 833 tanquam
2350 765 2597 818 diversus
2626 780 2653 815 a
2689 765 2844 817 nobis
2873 766 3166 818 secundum
3217 762 3505 815 naturam?
3536 762 3640 815 Ne-

2057 868 2160 919 que
2188 853 2330 906 enim
2366 855 2630 922 quispiam
2672 855 2869 907 dixerit
2895 854 3190 906 convenire
3252 851 3481 915 homini,
3546 854 3643 904 bn-

2060 945 2335 995 manitatis
2378 945 2696 1011 participem
2754 943 3047 997 iicri.Nant
3095 945 3145 996 id
3188 943 3332 1011 quod
3368 943 3636 995 naturalio

2062 1047 2143 1087 ter
2175 1043 2281 1097 est,
2309 1052 2417 1103 quo
2450 1049 2605 1103 pacto
2648 1037 2771 1103 quis
2802 1035 3077 1101 accepisse
3115 1034 3467 1102 intelligatur,
3488 1034 3639 1099 quasi

2061 1127 2203 1179 aliud
2229 1129 2647 1194 sitquamquod
2674 1128 2798 1180 est?
2842 1124 3029 1180 Nonne
3078 1126 3173 1179 tibi
3235 1132 3643 1187 consentaneus

2062 1232 2190 1270 vero
2218 1234 2396 1270 sermo
2433 1235 2583 1271 meus
2609 1220 2860 1272 videtur?

2134 1309 2193 1363 B.
2226 1310 2477 1365 Omnino.

2131 1404 2194 1456 A.
2230 1405 2360 1456 Vide
2385 1416 2565 1458 autem
2592 1403 2754 1456 etiam
2801 1404 2903 1457 alia
2958 1404 3170 1456 ratione
3193 1418 3353 1469 quam
3393 1402 3640 1467 impium,

2063 1510 2334 1561 quamque
2358 1496 2654 1548 absurdum
2680 1495 2749 1547 sit
2779 1493 2939 1548 Verbi
2988 1510 3051 1547 ex
3087 1495 3312 1546 muliere
3339 1492 3640 1545 secundum

2064 1599 2286 1638 carnem
2318 1585 2655 1638 nativitatem
2688 1586 2876 1639 tollere
2913 1586 3121 1637 conari.
3159 1582 3276 1649 Quo
3313 1584 3459 1636 enim
3491 1592 3649 1650 pacto

376 1671 564 1739 τρόπῳ
596 1669 989 1741 ζωοποιήσειεν
1014 1673 1078 1726 ἂν
1104 1674 1167 1727 τὸ
1200 1674 1363 1745 σῶμα
1400 1676 1588 1742 αὐτοῦ,
1623 1680 1671 1731 εί
1702 1679 1775 1749 μὴ
1812 1681 1961 1732 ἐστιν

2093 1675 2342 1730 'iviﬁcare
2373 1680 2543 1744 possit
2575 1692 2772 1745 corpus
2800 1691 2982 1738 suum,
3017 1676 3117 1729 nisi
3139 1675 3212 1727 sit
3258 1674 3534 1741 proiiriuin
3567 1673 3649 1739 ip-

382 1760 512 1811 tam
539 1758 724 1821 αὑτοῦ,
752 1760 809 1822 ὃς
838 1762 954 1812 ἐστι
993 1761 1141 1831 (cui);
1175 1761 1293 1825 πῶς
1325 1763 1385 1816 τὸ
1408 1759 1549 1834 αἷμα
1589 1766 1764 1835 Ἰησοῦ
1790 1765 1962 1818 καθα-

384 1853 522 1922 ρίζει
548 1853 699 1921 ἡμᾶς
727 1852 837 1906 ἀπὸ
864 1855 1045 1924 πάσης
1076 1856 1370 1926 ἁμαρτίας,
1394 1854 1554 1927 εἴπερ
1582 1857 1734 1909 ἐστὶν
1756 1855 1970 1928 ἀνθρώ-

380 1962 486 1997 που
508 1944 689 1997 κοινοῦ
725 1946 821 1997 καὶ
846 1946 999 2009 ὄντος
1028 1947 1119 2015 ὑφ’
1152 1947 1465 2017 ἀμαρτίανς
1498 1948 1617 2011 πῶς
1641 1948 1968 2002 ἀπέστειλεν

376 2035 407 2085 6
438 2036 570 2097 Θεὸς
604 2037 699 2089 καὶ
727 2038 919 2106 Πατὴρ
946 2038 1037 2090 τὸν
1067 2039 1196 2091 Υίὸν
1218 2038 1408 2101 αὐτοῦ,
1441 2040 1736 2109 γενόμενον
1774 2040 1840 2093 ἐκ
1868 2056 1971 2107 γυ-

380 2126 592 2189 ναικὸς,
627 2128 919 2197 γενόμενον
978 2129 1083 2182 ὑπὸ
1129 2131 1328 2200 νόμον;
1371 2131 1489 2194 πῶς
1535 2132 1825 2202 κατέκρινε
1871 2132 1971 2202 τὴν

380 2220 662 2289 ἁμαρτίαν
693 2221 751 2273 ἐν
781 2223 847 2291 τῇ
879 2221 1079 2291 σαρκί;
1109 2224 1183 2276 Οὐ
1211 2223 1319 2294 γὰρ
1350 2218 1420 2294 ἦν
1442 2223 1733 2295 ἀνθρώπου
1763 2224 1970 2289 κοινοῦ,

381 2312 478 2363 καὶ
532 2313 975 2384 τυραννουμένην
1038 2313 1257 2385 ἔχοντος
1320 2316 1439 2385 μεθ’
1498 2316 1657 2386 ήμῶν
1715 2315 1822 2369 ὑπὸ
1873 2317 1973 2387 τῆς

381 2405 660 2476 ἁμαρτίας
700 2406 803 2474 τὴν
839 2405 1026 2473 φύσιν,
1068 2406 1132 2459 τὸ
1173 2409 1503 2478 κατακρίναι
1540 2407 1639 2477 τὴν
1672 2408 1971 2479 ἁμαρτίαν.

394 2496 553 2547 Ἐπεὶ
576 2495 633 2549 δὲ
666 2496 826 2566 σῶμα
873 2498 1066 2566 γέγονε
1114 2498 1209 2552 τοῦ
1243 2500 1585 2571 πλημμελεῖν
1624 2500 1724 2553 οὐκ
1749 2501 1974 2565 εἰδότος,

393 2588 647 2657 ταῦτῃτοι
690 2590 785 2642 καὶ
826 2590 973 2660 μάλα
1009 2592 1235 2656 εἰκότως
1266 2591 1366 2664 τὴν
1405 2593 1507 2662 τῆς
1551 2594 1829 2666 ἁμαρτίας
1872 2594 1977 2647 ἀπ-

387 2680 642 2733 εσείσατο
681 2683 997 2753 τυραννίδα,
1040 2685 1133 2737 καὶ
1183 2684 1285 2754 τὴν
1334 2685 1571 2754 ἰδιότητα
1628 2686 1851 2738 πλουτεῖ
1881 2684 1976 2739 τοῦ

388 2771 687 2840 ἀφράστως
714 2774 852 2844 αὐτῇ
902 2774 998 2828 καὶ
1031 2776 1107 2838 ὼς
1145 2776 1247 2828 οὐκ
1274 2776 1423 2830 ἐστιν
1454 2776 1747 2839 ἐνωθέντος
1775 2777 1975 2845 Λόγου,

393 2864 552 2930 ἆγιόν
596 2881 657 2917 τε
696 2867 790 2919 καὶ
846 2865 1111 2930 ζωοποιόν
1168 2869 1309 2927 ἐστι,
1356 2869 1449 2920 καὶ
1498 2870 1597 2938 τῆς
1642 2868 1978 2939 θεοπρεποῦς

392 2956 679 3026 ἐνεργείας
707 2956 982 3027 ἔμπλεων.
1020 2958 1109 3020 Ὠς
1140 2960 1199 3010 ἐν
1228 2959 1453 3030 ἀπαρχῇ
1488 2960 1545 3012 δὲ
1572 2960 1814 3029 Χριστῷ,
1854 2976 1979 3029 μετ-

2067 1765 2205 1829 sius,
2229 1766 2320 1835 qui
2344 1777 2427 1821 est
2450 1765 2596 1819 .vita?
2617 1778 2711 1819 aut
2733 1766 3002 1833 quomodo
3028 1764 3251 1833 sanguis
3273 1762 3475 1816 Christi
3496 1777 3652 1814 mun-

2066 1858 2221 1917 dahit
2285 1872 2381 1912 nos
2434 1857 2500 1911 ab
2540 1855 2686 1910 omni
2739 1864 2982 1923 peccato,
3215 1853 3259 1905 si
3314 1848 3653 1904 sithominis

2067 1950 2372 2025 communis
2399 1958 2453 2003 et
2477 1958 2699 2021 peccato
2727 1947 2945 2002 obnoxii
2972 1946 2993 1998 ?
3033 1961 3140 2013 quo
3158 1953 3314 2011 pacto
3346 1942 3493 1996 misit
3515 1940 3654 1994 Deus

2069 2060 2132 2099 ac
2152 2044 2313 2097 Pater
2338 2041 2531 2095 Filium
2561 2054 2718 2093 suum
2754 2039 2953 2092 factum
3006 2052 3071 2090 ex
3132 2033 3376 2096 muliere,
3452 2032 3652 2085 factum

2069 2138 2171 2190 sub
2204 2136 2320 2203 lege
2353 2135 2369 2165 ¹
2395 2134 2707 2202 ?quomodo
2732 2130 3051 2185 condemnat
3073 2135 3352 2196 peccatum
3385 2122 3438 2177 in
3467 2119 3655 2177 carne?

2070 2227 2258 2295 Neque
2282 2226 2426 2280 enim
2466 2236 2582 2278 erat
2612 2223 2847 2276 hominis
2867 2220 3133 2289 vulgaris,
3164 2229 3219 2271 et
3244 2215 3397 2283 cujus
3455 2225 3647 2267 natura

2073 2337 2178 2375 una
2210 2319 2486 2372 nobiscum
2516 2318 2617 2370 sub
2645 2315 2852 2385 peccati
2887 2312 3116 2380 imperio
3149 2326 3212 2363 ac
3243 2307 3372 2377 jngo
3426 2304 3656 2359 teneba-

2077 2422 2182 2477 tur,
2205 2414 2571 2467 contlemnare
2597 2406 3047 2478 peccatumﬁnm
3075 2420 3202 2457 vero
3225 2418 3424 2471 corpus
3457 2400 3657 2454 factum

2075 2504 2146 2558 sit
2178 2504 2294 2572 ejus
2322 2502 2413 2570 qui
2442 2511 2720 2570 peccatum
2754 2515 2857 2553 non
2899 2498 3068 2561 novit,
3099 2496 3322 2555 idcirco,
3358 2501 3413 2546 et
3442 2491 3659 2560 quidem

2075 2597 2281 2663 optimo
2308 2595 2427 2664 jure
2456 2594 2660 2661 peccati
2720 2591 3058 2661 tyrannidem
3099 2588 3361 2651 excussit,
3415 2598 3662 2638 contum-

2079 2687 2383 2755 nicatisque
2411 2701 2533 2738 cum
2562 2684 2653 2737 illo
2690 2682 3111 2751 proprietatibus
3144 2678 3305 2732 Verbi
3368 2677 3510 2744 quod
3573 2675 3660 2727 in-

2079 2776 2278 2833 eﬂabili
2311 2778 2469 2832 modo
2493 2777 2596 2845 ipsi
2624 2776 2831 2828 unitum
2864 2784 2969 2837 est,
2999 2783 3247 2827 sanctum
3283 2786 3345 2823 ac
3378 2771 3653 2823 viviticuin

2079 2872 2333 2928 eﬂ‘ectum
2392 2881 2495 2933 est,
2540 2880 2598 2924 et
2649 2868 2848 2920 divina:
2891 2866 3166 2919 facultatis
3216 2862 3660 2931 operationisquc

2085 2970 2324 3039 plenum.
2349 2965 2458 3021 Nos
2486 2980 2616 3018 vero
2634 2964 2686 3016 in
2709 2963 2927 3017 Christo
2951 2970 3204 3027 tauquam
3223 2955 3474 3021 primitiis
3494 2966 3669 3009 trans-

394 3048 826 3120 εστοιχειὼμεθα
852 3051 950 3103 καὶ¹
971 3052 1155 3120 ἡμεῖς,
1180 3052 1263 3114 εἰς
1286 3051 1349 3103 τὸ
1370 3048 1510 3104 εἶναι
1539 3052 1632 3105 καὶ
1657 3052 1865 3123 φθορᾶς
1887 3051 1984 3105 καὶ

2093 3029 2302 3113 l'ormati
2348 3056 2509 3110 etiam
2540 3046 2749 3111 sumus,
2779 3060 2835 3104 et
2869 3049 3089 3102 interitu
3120 3057 3286 3113 atque
3333 3051 3554 3111 peccato
3575 3054 3671 3093 su-

398 3141 681 3213 ἁμαρτίας
711 3141 1041 3211 κρείττονες.
1066 3141 1178 3195 Καὶ
1208 3141 1429 3211 ἀληθὲς,
1461 3144 1565 3207 ὅτι,
1589 3143 1733 3196 κατὰ
1760 3144 1861 3212 τὴν
1891 3142 1983 3195 τοῦ

402 3235 676 3306 μακαρίου
723 3234 935 3288 Παύλου
968 3236 1172 3303 φωνὴν,
1213 3252 1232 3286 ι
1263 3234 1478 3303 Ὥσπερ
1501 3233 1843 3303 ἐφορέσαμεν
1890 3232 1987 3300 τὴν

400 3327 589 3379 εἰκόνα
630 3326 728 3377 τοῦ
775 3324 992 3394 χοϊκοῦ,
1029 3324 1338 3396 φορέσομεν
1371 3325 1465 3378 καὶ
1513 3324 1613 3395 τὴν
1668 3324 1853 3377 είκόνα
1893 3322 1987 3396 τοῦ

402 3414 751 3483 ἐπουρανίου,
790 3433 808 3466 ι
836 3415 1083 3467 τουτέστι
1116 3413 1374 3484 Χριστοῦ.
1412 3415 1763 3484 Ἐπουράνιος
1799 3412 1856 3465 δὲ
1900 3394 1992 3465 ἀνέ

315 3502 334 3520 ⁸
404 3507 625 3576 Θρωπος
653 3508 852 3558 νοεῖται
888 3507 1148 3576 Χριστὸς,
1175 3507 1274 3577 οὐχ
1304 3506 1380 3568 ὠς
1412 3505 1618 3560 ἄνωθεν
1640 3506 1773 3575 ἡμῖν
1804 3507 1900 3557 καὶ
1934 3504 1992 3570 ἐξ

409 3598 641 3669 οὐρανοῦ
676 3597 774 3668 τὴν
812 3599 990 3669 σάρκα
1036 3598 1403 3667 κατενεγκὼν,
1448 3598 1564 3651 ἀλλ’
1596 3599 1679 3650 ὅτι
1706 3598 1840 3660 Θεὸς
1866 3596 1942 3650 ὢν
1967 3597 1996 3649 6

407 3698 603 3764 Λόγος,
635 3693 1014 3760 καταϐέϐηκεν
1048 3692 1107 3756 ἐξ
1127 3691 1395 3764 οὐρανῶν,
1422 3691 1517 3745 καὶ
1551 3690 1650 3761 τὴν
1678 3690 1814 3759 πρὸς
1847 3692 1996 3760 ἡμᾶς

410 3788 673 3857 ὁμοίωσιν
702 3784 971 3850 ὑπελθὼν,
995 3784 1264 3845 τουτέστι,
1293 3783 1546 3852 γέννησιν
1576 3783 1876 3851 ὑπομείνας
1898 3783 1998 3851 τὴν

412 3879 556 3931 κατὰ
587 3877 764 3950 σάρκα
792 3878 856 3929 ἐκ
876 3876 1154 3945 γυναικὸς,
1178 3875 1492 3946 μεμένηκεν
1521 3876 1656 3945 ὅπερ
1684 3872 1773 3946 ἦν,
1793 3874 1999 3927 ἄνωθεν

414 3977 660 4045 δηλονότι
682 3976 778 4028 καὶ
811 3974 870 4039 ἐξ
890 3975 1155 4045 οὐρανῶν,
1180 3972 1277 4026 καὶ
1309 3972 1492 4025 ἐπάνω
1513 3972 1729 4025 πάντων
1751 3971 1827 4033 ὡς
1846 3970 1999 4036 Θεὸς,

418 4074 515 4124 καὶ
550 4072 686 4141 μετά
717 4069 941 4140 σαρκός.
982 4068 1140 4120 Οῦτω
1184 4068 1294 4138 γάρ
1340 4065 1441 4119 πού
1466 4074 1630 4136 φησιν
1657 4067 1685 4117 6
1717 4063 2004 4125 θεσπέσιος

434 4166 685 4234 Ἰωάννης
711 4165 841 4234 περὶ
866 4162 1054 4215 αὑτοῦ·
1089 4180 1107 4213 ι
1148 4161 1206 4213 ’0
1241 4159 1448 4215 ἀνωθεν
1481 4160 1797 4229 ἐρχόμενος,
1819 4158 2005 4213 ἐπάνω

428 4259 643 4311 πάντων
685 4256 853 4309 ἐστίν.
887 4274 904 4306 ι
950 4254 1369 4324 Ἀπομεμένηκε
1420 4252 1527 4324 γὰρ
1561 4253 1671 4304 τῶν
1713 4252 1848 4304 ὅλων
1894 4251 2007 4303 Κύ-

2090 3150 2330 3219 periores
2363 3145 2640 3200 declarati.
2676 3144 2754 3196 Ae
2774 3156 2954 3194 verum
2977 3140 3197 3192 omnino
3221 3145 3327 3198 est,
3350 3134 3504 3202 juxta
3528 3131 3669 3185 beati

2093 3241 2240 3294 Pauli
2263 3237 2609 3299 sententiam,
2640 3234 2781 3301 quod
2831 3251 2850 3282 ι
2894 3228 3366 3295 Quemadmodum
3422 3222 3675 3291 portavi-

2094 3350 2213 3385 nms
2246 3331 2531 3399 imaginem
2566 3325 2786 3388 terreni,
2815 3324 3149 3391 portabimus
3184 3320 3344 3372 etiam
3387 3315 3673 3383 imaginem

2094 3424 2352 3484 caelestis,
2400 3425 2420 3453 ³
2461 3441 2480 3473 ι
2524 3421 2625 3473 hoc
2647 3429 2752 3480 est,
2783 3415 3008 3470 Christi.
3039 3411 3288 3465 Caelestis
3320 3417 3495 3460 autem
3520 3407 3678 3458 homo

2096 3515 2416 3583 intelligitur
2439 3513 2721 3566 Christus:
2758 3525 2863 3560 non
2899 3518 3154 3573 tanquam
3174 3514 3409 3569 superne
3439 3508 3600 3565 atque
3640 3511 3671 3549 a

2096 3607 2237 3661 cwlo
2287 3618 2508 3659 carnem
2536 3605 2600 3654 ad
2637 3618 2731 3655 nos
2766 3600 3049 3659 detulerit,
3086 3597 3181 3649 sed
3225 3594 3366 3662 quod
3414 3591 3553 3644 Deus
3582 3606 3680 3642 cx-

2097 3700 2296 3752 sisteus
2331 3695 2583 3754 Verbum,
2614 3690 2890 3745 descendit
2915 3704 2946 3741 e
2975 3687 3127 3741 caalis
3149 3702 3163 3747 ;
3189 3694 3243 3737 et
3270 3682 3677 3737 similitudinem

2101 3791 2271 3844 nostri
2307 3787 2546 3847 subiens,
2587 3787 2686 3836 huc
2711 3781 3124 3844 est,set-undum
3151 3789 3367 3827 carnem
3398 3789 3428 3826 e
3457 3774 3682 3825 muliere

2101 3884 2241 3934 sicut
2279 3894 2374 3932 nos
2413 3887 2595 3934 natus,
2636 3881 2933 3940 permansit
2958 3870 3007 3921 id
3036 3866 3176 3934 quod
3195 3876 3332 3927 erat,
3364 3880 3394 3917 e
3434 3861 3684 3929 supernis

2107 3971 2357 4023 nimirum
2388 3977 2550 4033 atque
2576 3980 2606 4017 e
2638 3961 2811 4026 ccelis,
2843 3973 2897 4014 et
2924 3975 3083 4025 supra
3137 3970 3326 4010 omnes
3390 3964 3446 4006 nt
3501 3952 3643 4005 Deus
3664 3988 3683 4016 ,

2106 4065 2270 4117 etiam
2303 4078 2422 4113 cum
2448 4075 2631 4112 carne.
2666 4056 2736 4109 Ita
2767 4054 2908 4106 enim
2946 4050 3069 4103 alibi
3102 4048 3316 4101 divinus
3336 4044 3574 4099 Joannes
3606 4044 3689 4095 itt-

2108 4158 2224 4223 qnit
2254 4172 2265 4206 :
2313 4174 2330 4206 ι
2361 4154 2460 4217 Qui
2499 4168 2529 4205 e
2560 4147 2811 4217 supernis
2837 4143 3004 4205 venit,
3032 4155 3189 4207 supra
3226 4153 3413 4190 omnes
3437 4144 3520 4189 est
3584 4136 3622 4187 ³.
3665 4151 3691 4184 ι

2112 4246 2416 4301 Permansit
2478 4242 2621 4295 enim
2677 4237 2836 4291 totius
2879 4234 3117 4287 universi
3158 4229 3438 4292 Dominus,
3478 4224 3688 4279 tametsi

431 4367 564 4419 ριος,
596 4351 691 4401 καὶ
717 4350 775 4400 ἐν
818 4350 887 4419 τῇ
928 4346 1023 4399 τοῦ
1062 4346 1252 4399 δούλου
1307 4348 1488 4417 μορφῇ
1520 4343 1759 4411 γεγονὼς
1796 4346 1990 4396 οἰκονο-

2117 4340 2323 4392 ratione
2356 4332 2743 4389 incarnationis
2774 4329 3004 4383 (urinam
3069 4322 3212 4377 servi
3255 4318 3547 4386 acceperit,
3608 4326 3693 4368 at-

2295 4431 2306 4436 ‘
2374 4430 2384 4436 ‘
2513 4429 2522 4436 ·
2925 4431 2933 4436 -
2980 4420 3011 4436 γι
3066 4418 3076 4436 I
3122 4430 3177 4436 ι.-
3236 4412 3436 4436 οι.-ε.,.ι
3494 4423 3666 4436 ...ι-ηε..

433 4439 628 4509 μικῶς,
664 4439 757 4491 καὶ⁹
786 4437 1087 4507 παράδοξον
1111 4435 1430 4506 ἀληθῶςδιά
1460 4433 1637 4487 ταῦτά
1664 4433 1780 4485 ἐστι
1803 4433 2012 4501 τὺΧρι--

432 4532 557 4584 στοῦ
598 4533 916 4601 μυστήριον.
949 4529 1061 4582 Καὶ
1093 4528 1223 4596 γοῦν
1257 4528 1359 4598 ἔφη
1394 4544 1496 4579 που
1548 4526 1683 4595 πρὸς
1725 4524 2013 4584 Ἰουδαίους

430 4626 497 4677 δι’
525 4626 639 4687 ἐνὺς
668 4624 775 4676 τῶν
809 4622 1105 4694 προτητῶν
1130 4624 1156 4674 6
1186 4621 1317 4684 Θεὸς
1346 4620 1443 4673 xui.
1463 4620 1673 4688 Πατήρ·
1703 4636 1720 4667 ι
1747 4617 1939 4677 Ἴδετε,
1964 4617 2012 4667 οξ

432 4717 864 4786 καταφρονηταὶ,
899 4716 990 4767 καὶ
1029 4714 1388 4783 ἀφανίσθητε,
1420 4714 1514 4764 καὶ
1557 4709 1902 4779 Θαυμάσατε,
1930 4709 2013 4759 ὃτι

434 4809 593 4877 ἔργον
629 4808 738 4875 ἐγὼ
765 4806 1071 4876 ἐργάζομαι
1111 4808 1168 4857 ἐν
1201 4809 1321 4868 ταῖς
1355 4804 1591 4874 ἡμέραις
1625 4803 1799 4871 ὑμῶν,
1854 4801 2016 4872 ἔργον

434 4893 477 4967 ᾧ
526 4901 584 4952 οῦ
621 4899 696 4970 μὴ
739 4897 1091 4967 πιστεύσητε,
1121 4898 1215 4950 ἐάν
1256 4914 1340 4958 τις
1381 4896 1775 4965 ἐκδιηγήσηται
1811 4893 1957 4962 ὑμῖν.
1992 4910 2010 4941 ι

438 4990 790 5044 Κινδυνεῦσει
818 4988 925 5060 γὰρ
951 4988 1297 5042 ἀπιστεῖσθαι
1332 4988 1393 5041 τὸ
1418 4984 1655 5056 Χριστοῦ
1693 4986 2013 5055 μυστήριον,

439 5083 524 5136 διὰ
546 5084 640 5153 τὴν
660 5082 754 5134 τοῦ
775 5080 873 5135 Θαύ
884 5098 1051 5150 ματος
1069 5080 1399 5150 ὑπερϐολήν.
1420 5078 1553 5139 Θεὸς
1574 5073 1641 5146 ἦν
1661 5079 1718 5128 ἐν
1737 5076 1833 5128 civi)
1844 5074 2023 5146 ρωπό-

444 5194 563 5245 τητι
598 5177 689 5227 καὶ
722 5176 781 5227 ἐν
816 5177 929 5237 τοῖς
962 5173 1083 5226 καθ’
1124 5174 1293 5243 ἡμᾶς,
1327 5174 1354 5223 6
1396 5171 1537 5241 ὑπὲρ
1566 5173 1746 5223 πᾶσαν
1780 5169 1877 5239 τὴν
1905 5170 2025 5221 κτί-

448 5285 528 5319 σιν
551 5283 563 5295 ·
594 5267 847 5337 ἀόρατος.
875 5267 1069 5336 ὁρατὸς
1110 5267 1251 5318 κατὰ
1298 5265 1500 5334 σάρκα,
1525 5264 1553 5314 ὁ
1577 5262 1635 5325 ἐξ
1662 5262 1890 5332 οὐρανοῦ
1930 5261 2027 5313 καὶ

449 5360 673 5421 ἄνωθεν,
720 5361 776 5410 ὲν
808 5359 936 5410 εἴδει
970 5360 1079 5410 τῶν
1125 5358 1349 5427 χοῖκῶνο
1404 5354 1593 5416 ἁπτὸς,
1641 5356 1668 5406 6
1702 5355 1950 5422 ἀναφὴς·
1997 5354 2025 5403 6

453 5454 590 5505 κατὰ
630 5450 791 5520 φύσιν
832 5451 969 5504 ἰδίαν
1019 5449 1320 5518 ἐλεύθερος,
1372 5449 1430 5499 ἐν
1476 5446 1666 5499 δούλου
1728 5447 1945 5515 μορφῇ’
1998 5444 2026 5494 6

444 5552 683 5618 εὐλογῶν
717 5549 818 5617 τὴν
849 5547 1046 5601 κτίσιν.
1086 5544 1386 5612 ἐπάρατος,
1427 5540 1520 5591 καὶ
1549 5541 1608 5592 ἐν
1646 5540 1757 5593 τοῖς
1783 5538 2026 5606 ἀνόμοις,

443 5648 476 5716 ἡ
510 5644 655 5697 πᾶσα
687 5638 1031 5703 δικαιοσύνη,
1061 5636 1154 5691 καὶ
1190 5636 1247 5687 ἐν
1279 5632 1504 5700 δοκήσει
1539 5631 1773 5684 θανάτου
1802 5634 2028 5697 γέγονεν

2116 4450 2221 4500 que
2244 4429 2620 4484 admirandum
2648 4438 2828 4478 revera
2857 4431 2941 4474 est
2963 4420 3033 4472 ob
3066 4418 3180 4468 lnec
3236 4412 3439 4466 Christi
3494 4423 3695 4479 myste-

2119 4527 2279 4579 rium.
2319 4521 2521 4574 Idcirco
2568 4516 2709 4569 Deus
2740 4530 2802 4566 ac
2834 4513 2994 4566 Pater
3038 4508 3163 4561 alibi
3220 4508 3285 4559 ad
3340 4505 3553 4558 Judteos
3602 4518 3697 4570 per

2116 4615 2402 4686 quemdam
2447 4611 2764 4677 prophetam
2792 4606 2907 4657 ait:
2951 4622 2969 4653 ι
3024 4600 3235 4661 Videte,
3264 4606 3691 4666 contemptores,

2119 4716 2175 4760 et
2203 4700 2567 4775 admiramiqi,
2597 4708 2650 4751 et
2677 4692 3048 4761 disperdimiui
3084 4707 3098 4742 :
3146 4690 3270 4759 quia
3327 4704 3460 4755 opus
3498 4701 3699 4753 operor

2121 4814 2220 4863 ego
2260 4798 2308 4847 in
2334 4794 2520 4847 diebus
2553 4790 2764 4847 vestris.
2804 4802 2939 4853 Opus
2999 4785 3141 4852 quod
3207 4798 3311 4833 non
3367 4777 3587 4830 creditis
3654 4778 3698 4829 si

2123 4890 2242 4955 quis
2272 4882 2611 4940 eiiarraverit
2640 4880 2790 4932 vobis
2843 4878 2923 4930 ‘.i
2958 4873 3262 4927 Periculum
3287 4870 3430 4925 enim
3471 4868 3575 4921 erit
3636 4884 3702 4922 ne

2129 4982 2416 5047 derogetur
2465 4974 2597 5027 fides
2632 4970 2893 5041 mysterio
2926 4966 3155 5030 Christi,
3190 4964 3259 5019 ob
3289 4961 3533 5016 miraculi
3584 4975 3701 5014 nia-
3794 4973 3799 4980 '

2126 5069 2485 5139 guimdiueui.
2522 5064 2661 5116 Deus
2694 5068 2811 5115 erat
2852 5060 3012 5111 homo
3051 5053 3219 5107 nostri
3252 5049 3446 5104 similis
3492 5047 3700 5109 factus,

2127 5161 2219 5229 qui
2258 5174 2416 5227 supra
2453 5170 2665 5211 onmem
2700 5162 3006 5207 creaturam
3028 5156 3138 5212 est;
3202 5142 3511 5205 invisibilis,
3533 5140 3705 5192 factus
3802 5201 3812 5207 _

2128 5262 2210 5305 est
2237 5250 2461 5303 visibilis
2495 5246 2794 5301 secundum
2829 5256 3083 5296 carnem:
3118 5240 3210 5308 qui
3259 5250 3322 5290 ex
3380 5232 3517 5285 ctelo
3547 5242 3706 5298 atque

2131 5364 2159 5397 e
2198 5343 2468 5412 supernis,
2502 5341 2729 5395 formam
2784 5334 3123 5390 terrestrium
3186 5328 3390 5382 induit:
3434 5322 3708 5389 tangibilis

2133 5447 2234 5497 est,
2276 5434 2366 5503 qui
2405 5433 2549 5500 tangi
2594 5429 2780 5496 nequit
2817 5444 2834 5481 :
2868 5426 2957 5495 qui
3000 5440 3064 5477 ex
3126 5419 3340 5488 propria
3383 5430 3477 5468 sua
3514 5422 3708 5464 natuia

2137 5532 2275 5586 liter
2302 5502 2410 5592 est,
2454 5525 2598 5583 servi
2640 5524 2872 5578 formam
2916 5514 3159 5583 accepit:
3191 5509 3280 5578 qui
3311 5504 3580 5563 creaturis
3624 5502 3715 5556 be-

2140 5626 2365 5683 ncilicit.
2411 5623 2582 5675 fartus
2615 5628 2699 5673 cst
2738 5610 3132 5675 exsecrabilis;
3167 5608 3593 5667 numeratusque
3627 5602 3713 5649 est

520 5826 537 5858 ³
577 5824 755 5879 Colat.
793 5840 865 5891 tv,
898 5822 951 5876 4.
1028 5821 1047 5849 ¹
1076 5818 1093 5872 l
1127 5816 1251 5869 (lor.
1288 5831 1376 5881 xv,
1412 5813 1502 5869 49.
1582 5812 1601 5843 ³
1630 5811 1785 5865 Jonn.
1829 5828 1906 5875 Ill,
1939 5809 1990 5864 31

2100 5805 2359 5859 ‘llalmc.
2400 5818 2439 5863 t,
2481 5800 2543 5867 5',
2588 5798 2701 5852 Mt.
2738 5810 2853 5848 xm.
2886 5793 2976 5846 41.
