4082 6388
482 339 588 401 963
1695 350 2087 411 EUTHYMII
2127 352 2511 418 ZIGARENI
3654 360 3760 426 964

485 499 626 538 inter
650 486 1089 555 praevaricatores
1133 488 1262 556 legis
1286 487 1330 539 is
1358 486 1450 553 qui
1480 493 1563 540 est
1610 486 1789 539 omnis
1830 486 2035 554 jttstitia

2138 535 2139 541 η
2170 490 2204 561 ἡ
2236 490 2372 563 ζωή.
2399 494 2473 548 Οὐ
2512 494 2621 566 γάρ
2653 490 2721 565 ἦν
2745 494 2932 565 ἑτέρου
2955 498 3120 563 τινὸς,
3152 497 3317 550 αὐτοῦ
3338 496 3393 550 δε
3431 496 3633 568 μᾶλλον
3657 497 3752 554 τοῦ

483 580 995 650 mortemquesubiit
1032 583 1141 635 vita
1164 580 1298 651 ipsa.
1328 579 1515 649 Neque
1529 581 1673 636 enim
1695 593 1811 637 erat
1838 581 2031 637 aitet-iu

2173 581 2317 635 κατὰ
2360 582 2523 652 φύσιν
2552 583 2709 648 Υῑοῦ,
2745 585 2808 638 τὸ
2834 585 2929 639 τοῦ
2953 586 3183 641 θανάτου
3204 589 3539 659 γευσάμενον
3571 590 3749 661 σῶμα.

482 670 801 741 cuiuspiam.
823 674 916 727 sed
949 674 1129 741 potius
1157 673 1328 741 ipsius
1365 674 1659 729 secundum
1690 683 1940 728 naturam
1971 673 2032 727 Fi

2169 666 2297 744 Ἀρ*
2343 671 2417 737 ὡς
2449 675 2551 728 οὐκ
2588 671 2647 729 εὖ
2681 676 2983 744 γεγονόσιν,
3033 679 3199 747 ἤγουν
3244 679 3379 748 πρὸς
3413 680 3571 750 ἡμῶν
3597 680 3753 751 εἰρη-

481 760 534 812 lii
564 775 784 829 corpus,
810 762 862 815 id
886 764 1028 831 quod
1054 772 1282 817 mortem
1508 767 1695 822 subiit.
1754 767 1909 821 Anne
1934 781 2035 821 vert

2170 763 2357 833 μένοις
2380 765 2527 836 ἔχεις
2557 785 2608 821 τι
2646 768 2858 831 τούτοις
2884 770 3179 841 ὲπιτιμᾷν;
3455 781 3464 788 ’

481 859 739 919 tanquam
782 866 887 905 non
924 863 1070 907 recte
1103 854 1281 919 factis,
1327 859 1439 913 sive
1487 874 1516 911 a
1569 858 1727 914 nobis
1753 860 1931 923 dictis,
1963 858 2059 913 ali-

478 940 605 1007 quid
636 940 802 995 habes
841 943 986 1011 quod
1013 945 1095 1000 his
1130 947 1393 1015 objicias?

546 1028 607 1083 B.
648 1034 1021 1101 Nequaquam.

541 1122 608 1175 Α.
649 1119 916 1180 Caeterum
961 1129 1063 1183 hoc
1092 1129 1222 1184 mihi
1258 1141 1520 1200 praeterea
1589 1134 1980 1188 animadverte.

543 1211 604 1266 Β.
629 1213 916 1283 Quidnam,
941 1219 1204 1275 obsecro?

2233 1215 2295 1268 B.
2338 1215 2412 1267 Τὸ
2440 1214 2493 1267 τι
2520 1213 2585 1284 δὴ
2612 1214 2754 1283 φής;

544 1304 606 1354 Α.
637 1304 882 1360 Christus
934 1308 1132 1363 alicubi
1194 1312 1260 1365 ad
1325 1327 1418 1367 eos
1457 1313 1547 1382 qui
1595 1316 2035 1371 resurrectionen

2232 1309 2298 1360 Α.
2344 1307 2488 1377 Ἔφη
2526 1323 2630 1358 που
2662 1305 2897 1375 Χριστὸς
2929 1306 3041 1368 τοῖς
3078 1303 3320 1372 ἀναιρεῖν
3360 1301 3602 1354 ἐθέλουσι
3643 1300 3741 1370 τὴν

472 1405 807 1451 mortuorum
852 1401 1038 1456 tollere
1092 1402 1362 1469 nituntur,
1385 1406 1522 1458 dixit
1560 1422 1573 1457 :
1609 1424 1627 1458 t
1688 1406 1804 1461 Non
1846 1409 2035 1479 legisti:

2158 1400 2459 1454 ἀνάστασιν
2497 1396 2605 1450 τῶν
2639 1397 2879 1468 νεκρῶν
2918 1416 2937 1447 ‹
2967 1397 3081 1449 Οὐκ
3111 1395 3402 1463 ἀνέγνωτε,
3425 1394 3556 1446 ὅτιὸ
3588 1394 3741 1459 ποιή-

471 1486 596 1553 qnia
617 1489 708 1557 qni
739 1489 863 1545 fecit
895 1493 1167 1549 hominem
1211 1498 1279 1550 ab
1306 1496 1480 1563 initio,
1524 1498 1824 1553 maeonlnm
1882 1511 1932 1554 et
1970 1500 2035 1556 τε·

2159 1502 2259 1549 σας
2288 1485 2379 1538 τὸν
2408 1484 2695 1554 ἄνθρωπον
2721 1486 2779 1536 ὲν
2803 1484 3021 1554 ἀρχαῖς,
3060 1485 3229 1555 άρσεν
3262 1482 3359 1536 καὶ
3387 1481 3519 1551 θῆλυ
3555 1480 3742 1583 εποίη-

470 1578 670 1631 minam
730 1582 850 1637 fecit
877 1583 1065 1638 eos‘?
1127 1603 1145 1636 ι
1204 1587 1405 1641 Scribit
1450 1602 1582 1644 vero
1641 1590 1805 1643 etiam
1835 1590 2035 1647 divinus

2158 1594 2251 1631 σεν
2275 1576 2508 1641 αὐτούς;
2544 1595 2562 1627 ι
2617 1576 2823 1647 Γράφει
2862 1576 2919 1630 δὲ
2962 1577 3054 1630 καὶ
3100 1577 3129 1629 6
3157 1574 3444 1638 θεσπέσιος
3493 1572 3739 1636 Παῦλος’

471 1665 704 1725 Paulus:
739 1691 756 1723 ι
782 1672 1103 1731 llonorabile
1127 1679 1456 1733 ennnubiom
1498 1680 1550 1733 in
1580 1682 1851 1747 omnibus,
1884 1693 1938 1737 et
1966 1693 2035 1739 to-

2158 1686 2177 1719 ι
2205 1667 2398 1738 Τίμιος
2425 1668 2456 1719 6
2482 1667 2661 1737 γάμος
2678 1670 2736 1720 ἔν
2752 1667 2907 1730 πᾶσι,
2932 1668 3027 1719 καὶ
3044 1667 3077 1736 ἡ
3094 1664 3248 1735 κοίτη
3272 1662 3552 1766 ἀμίαντος.
3569 1680 3587 1713 ι
3603 1656 3741 1766 Ἐἶτα

471 1771 562 1811 rus
609 1762 985 1819 Immaculatus
1033 1762 1079 1820 ’.
1118 1778 1139 1818 i
1194 1766 1314 1833 Quo
1340 1779 1496 1837 pacto
1537 1784 1667 1825 vero
1714 1773 2035 1843 unigenitum

2153 1758 2270 1821 πῶς
2305 1760 2335 1811 6
2378 1758 2674 1828 μονογενὴς
2704 1755 2797 1810 τοῦ
2835 1756 2973 1809 Θεοῦ
3018 1756 3211 1823 Λόγος,
3254 1752 3353 1823 τὴν
3404 1753 3542 1822 πρὸς
3593 1752 3739 1821 ἡμᾶς

2235 1031 2295 1085 Β.
2338 1029 2626 1101 Οὐδαμῶς.

2236 1126 2302 1177 Δ.
2340 1124 2531 1195 Ἀθρει
2561 1123 2624 1194 δή
2657 1141 2747 1193 μοι
2779 1123 2999 1177 κάκεῖνο
3029 1122 3164 1193 πρὸς
3191 1121 3421 1185 τούτοις.

468 1846 561 1903 Dei
587 1848 838 1915 Verbum,
864 1869 985 1909 cum
1027 1868 1272 1913 nostram
1303 1860 1709 1918 similitudinem
1731 1865 1914 1920 subire
1947 1864 2052 1921 vel-

467 1939 562 2005 let,
590 1944 657 1994 ad
680 1946 1123 2005 constitutionem
1153 1951 1267 2006 sive
1289 1956 1695 2023 generationem
1717 1972 1827 2011 sua:
1845 1962 2048 2025 carnis,

465 2031 714 2090 humanm
745 2051 951 2095 natura
980 2040 1125 2111 leges
1177 2044 1360 2099 valere
1410 2045 1621 2101 noluit?
1671 2044 1858 2118 Neque
1904 2050 2047 2103 enim

464 2134 529 2176 ex
564 2133 682 2180 toro
706 2138 758 2181 et
789 2131 1040 2202 coningio
1065 2135 1215 2189 nasci
1241 2135 1432 2203 voluit,
1475 2140 1569 2194 sed
1603 2153 1668 2194 ex
1702 2136 1924 2211 Virgine
1944 2142 2048 2196 viri

463 2215 679 2281 nescia,
719 2230 1031 2290 praegnante
1078 2237 1143 2278 ex
1214 2223 1443 2295 Spiritu,
1506 2230 1874 2285 obumbrante
1947 2231 2047 2300 ipsi

461 2304 662 2360 virtute
688 2307 804 2372 Dei,
848 2311 988 2367 sicut
1022 2316 1283 2386 scriptum
1309 2327 1396 2373 est
1437 2320 1478 2374 ³.
1505 2319 1641 2375 Cum
1696 2320 1879 2391 itaque
1909 2322 2048 2377 Deus

460 2397 765 2467 coitjnginm
787 2417 890 2455 non
938 2417 1279 2473 aspernetur,
1302 2412 1397 2467 sed
1436 2412 1618 2481 potius
1669 2412 2048 2469 benedictione

459 2500 554 2541 sua
582 2490 710 2544 illud
734 2494 1345 2566 decoret,qnamobrem
1365 2501 1643 2575 Virginem
1674 2516 2045 2576 praegnantem

462 2591 523 2633 ex
554 2581 782 2648 Spiritu,
844 2589 1027 2642 carnis
1068 2603 1182 2645 sum
1224 2601 1454 2646 matrem
1496 2609 1618 2651 esse
1646 2597 2043 2653 volneritDcus

460 2674 724 2728 "sistens
753 2675 1133 2744 Verbnm,non
1167 2682 1325 2737 facile
1352 2684 1607 2740 dixerint.
1635 2686 1876 2741 Tametsi
1905 2703 2044 2758 quo-

460 2766 620 2817 tnodo
646 2781 749 2819 non
780 2769 953 2825 cuivis
982 2772 1267 2828 manifesta
1308 2774 1472 2830 fuerit
1504 2776 1619 2845 ejus
1672 2779 1748 2831 rei
1801 2781 2041 2847 occasio,

458 2853 586 2908 illud
612 2858 1020 2915 consideranti?
1056 2861 1346 2919 Descendit
1376 2868 1542 2933 enim,
1587 2869 1702 2923 sive
1762 2868 1923 2926 homo
1960 2870 2043 2932 l‘a-

459 2952 577 3000 ctus
602 2958 686 3003 est
732 2948 923 3017 Filius,
971 2952 1378 3013 instauraturus
1433 2970 1616 3014 nostra
1669 2971 1926 3032 tanquam
1984 2965 2037 3020 in

457 3036 675 3105 seipse;
718 3052 780 3095 ac
810 3044 1045 3111 primum
1098 3048 1316 3116 quidem
1380 3049 1433 3104 in
1470 3062 1713 3105 sanctam
1745 3054 2036 3122 quamdam

457 3136 624 3196 atque
656 3132 1028 3190 admirabilem
1100 3139 1437 3194 nativitatem
1489 3153 1543 3197 et
1595 3144 1786 3197 vitam.
1836 3145 2037 3200 Factus

459 3230 643 3274 autem
672 3230 755 3277 est
779 3226 941 3279 etiam
973 3230 1180 3298 primus
1207 3233 1321 3300 ipse
1362 3242 1523 3287 natus
1564 3248 1628 3287 ex
1681 3233 1887 3303 Spiritu
1929 3237 2038 3301 (se-

455 3313 691 3366 cundum
738 3330 959 3370 carnem
1023 3318 1287 3389 inquam),
1346 3331 1404 3375 nt
1472 3322 1574 3377 hac
1639 3332 1896 3391 tanquam
1952 3327 2036 3379 via

456 3402 621 3455 etiam
647 3403 698 3456 in
725 3420 822 3460 nos
858 3406 1012 3473 ipsos
1065 3417 1382 3465 transeunte
1411 3413 1603 3481 gratia,
1633 3428 1739 3467 non
1797 3430 1863 3469 ex
1906 3430 2037 3469 sau-

464 3493 921 3565 gninihnsmeqne
948 3513 1009 3551 ex
1044 3499 1315 3555 voluntate
1337 3505 1537 3567 carnis,
1563 3519 1736 3572 neque
1751 3519 1817 3558 ex
1842 3507 2036 3561 volun-

458 3593 565 3636 tate
595 3586 715 3650 viri,
738 3590 833 3642 sed
867 3605 930 3644 ex
966 3590 1071 3645 Deo
1108 3606 1205 3661 per
1236 3593 1496 3655 Spiritum
1558 3600 2030 3667 regenerationem

454 3675 873 3733 intellectualem
915 3683 1194 3738 consecuti
1252 3686 1291 3753 δ,
1327 3694 1383 3739 et
1434 3687 1869 3743 conformitatem
1931 3692 2036 3760 spi-

456 3768 700 3827 ritualetu
726 3788 846 3826 cum
876 3789 943 3829 eo
969 3775 1062 3845 qui
1105 3785 1297 3831 natura
1331 3791 1395 3834 ac
1420 3794 1547 3834 vere
1576 3791 1661 3834 est
1679 3780 1845 3835 Filius
1869 3782 2031 3852 adep-

454 3859 515 3924 ti,
549 3859 714 3916 Deum
773 3877 1028 3920 vocemus
1051 3865 1301 3933 Patrem,
1336 3876 1498 3940 atque
1522 3871 1593 3924 ita
1647 3871 2032 3942 incorruptibi-

450 3949 528 4005 les
555 3968 999 4021 permaneatnus;
1029 3957 1263 4026 nonjam
1294 3960 1525 4029 amplius
1588 3963 1819 4032 priorem
1858 3966 2027 4031 illum,

450 4044 553 4100 hoc
588 4055 692 4108 est,
722 4046 986 4103 Adamum
1014 4062 1221 4119 patrem
1259 4053 1540 4116 habentes,
1578 4057 1629 4107 in
1682 4072 1790 4125 quo
1830 4069 1881 4112 et
1906 4074 2029 4112 cor-

450 4138 594 4206 rupti
627 4154 863 4194 eramus.
889 4140 1097 4193 idcirco
1119 4152 1170 4196 et
1198 4142 1447 4197 Christus
1475 4143 1673 4214 inquit,
1724 4147 1849 4201 alibi
1910 4150 2031 4217 qui-

2149 1850 2409 1919 ὁμοίωσιν
2448 1847 2696 1902 ἐπελθεῖν
2729 1847 3016 1919 ἐθελήσας,
3054 1848 3116 1900 οὐ
3162 1848 3275 1908 τοῖς
3323 1847 3423 1915 τῆς
3453 1844 3735 1914 ἀνθρωπό-

2149 1954 2312 2009 τητος
2342 1938 2529 2007 νόμοις
2559 1938 2732 2007 ἐφῆκε
2756 1940 2999 2008 κρατεῖν,
3040 1937 3121 1999 εἰς
3155 1935 3438 1999 σύστασιν,
3465 1936 3584 2005 ἦτοι
3612 1935 3738 2003 γέν-

2151 2049 2307 2103 νησιν
2336 2034 2436 2103 τῆς
2463 2030 2600 2093 ἰδίας
2626 2029 2793 2083 αὐτοῦ
2821 2028 3061 2100 σαρκόςς
3098 2030 3171 2083 Οὐ
3205 2028 3315 2100 γὰρ
3350 2030 3413 2081 ὲκ
3437 2028 3623 2097 κοίτης
3648 2027 3741 2082 καὶ

2151 2123 2346 2194 γάμων
2387 2121 2651 2193 ἠνέσχετο
2695 2121 2879 2175 λαϐεῖν
2924 2122 3133 2192 αὐτὴν,
3178 2121 3295 2175 ἀλλ’
3345 2124 3411 2175 lx
3460 2122 3738 2193 Παρθένου

2152 2216 2359 2286 σεμνῆς
2411 2215 2509 2269 καὶ
2563 2212 2968 2284 ἀπειρογάμου,
3005 2213 3426 2284 κυοφορησάσης
3472 2215 3535 2267 ἐκ
3565 2214 3737 2267 Πνεύ-

2150 2326 2356 2380 ματος,
2410 2308 2814 2377 ἐπισκιασάσης
2869 2305 3009 2376 αὐτῇ
3052 2306 3337 2375 δυνάμεως
3374 2306 3540 2372 Θεοῦ,
3593 2305 3739 2363 καθὰ

2147 2401 2481 2470 γέγραπται.
2517 2399 2656 2453 Θεοῦ
2698 2398 2994 2468 τοιγαροῦν
3030 2397 3124 2451 τὸν
3170 2399 3352 2470 γάμον
3399 2400 3500 2453 οὐκ
3540 2398 3736 2470 ἀτιμά-

2149 2500 2365 2557 σαντος,
2394 2490 2597 2561 μᾶλλον
2638 2491 2697 2545 δὲ
2730 2491 2824 2546 καὶ
2858 2490 3079 2561 εὐλογίᾳ
3110 2491 3469 2561 τιμήσαντος,
3509 2490 3734 2545 ἀνθότου

2146 2583 2425 2654 Παρθένον
2454 2582 2829 2654 κυοφοροῦσαν
2862 2584 2925 2636 ὲκ
2948 2583 3285 2651 Πνεύματος,
3309 2583 3410 2652 τῆς
3444 2582 3578 2648 ἰδίας
3601 2600 3733 2654 σαρ-

2146 2675 2241 2738 κὸς
2274 2675 2569 2745 ἐποιήσατο
2604 2674 2815 2745 μητέρα
2852 2672 2989 2727 Θεοῦ
3032 2675 3062 2727 6
3090 2674 3285 2742 Λόγος,
3326 2675 3428 2727 οὐκ
3456 2674 3567 2745 ἔχω
3590 2674 3734 2745 φράη

2147 2783 2258 2819 σαι.
2301 2766 2499 2820 Καίτοι
2532 2765 2653 2829 πῶς
2697 2765 2796 2835 οὐχ
2846 2765 3053 2819 ἅπασιν
3086 2764 3324 2837 ἐναργὴς
3352 2765 3550 2833 γένοιτ’
3590 2766 3657 2820 ἂν
3700 2767 3734 2837 ή

2142 2857 2299 2912 τοῦδε
2322 2857 2618 2927 πρόφασις,
2642 2858 2819 2910 ὲκεῖνο
2847 2856 3265 2927 διεσκεμμένοις
3283 2874 3297 2925 ;
3317 2858 3570 2925 ’Δφίκετο
3599 2857 3731 2929 γὰρ,

2142 2950 2220 3012 ὡς
2245 2948 2407 3020 ἔφην,
2436 2949 2609 3021 ἤγουν
2642 2948 3072 3019 ἔνηνθρώπησεν
3104 2949 3135 3001 6
3170 2948 3318 3016 Υἱὸς,
3346 2949 3731 3021 άναστοιχειώ-

2143 3057 2255 3095 σων
2282 3044 2354 3095 τά
2368 3040 2490 3095 καθ’
2516 3042 2664 3111 ἡμᾶς
2696 3040 2774 3105 ὡς
2797 3042 2856 3094 ἒν
2880 3040 3083 3112 ἑαυτῷ.
3114 3043 3207 3095 καὶ
3230 3041 3449 3113 πρῶτον
3469 3044 3551 3107 εἰς
3572 3043 3638 3113 ἀγ
3648 3042 3730 3098 ίαν

2139 3131 2262 3184 τινὰ
2290 3132 2385 3185 καὶ
2420 3131 2887 3204 τεθαυμασμένην
2919 3132 2994 3196 ὼς
3026 3135 3087 3187 ὲν
3131 3133 3334 3205 ἑαυτῷ,
3371 3134 3464 3187 καὶ⁵
3496 3134 3727 3209 παράδο-

2142 3221 2232 3287 ξον
2258 3222 2471 3294 ἀληθῶς
2503 3222 2758 3288 ἀπότεξιν
2804 3225 2897 3278 καὶ
2927 3224 3075 3296 ζωήν
3096 3241 3110 3257 ⁸
3150 3225 3341 3295 γέγονε
3370 3227 3427 3280 δὲ
3465 3228 3561 3281 καὶ
3589 3228 3725 3298 πρῶ-

2138 3329 2226 3375 τος
2262 3313 2423 3376 αὐτὸς
2468 3315 2725 3383 γεννητὸς
2755 3315 2851 3369 τοῦ
2892 3315 3048 3383 ἁγίου
3081 3315 3401 3387 Πνεύματος
3435 3319 3597 3387 (κατά
3630 3335 3722 3386 γε,

2139 3404 2305 3473 φημὶ,
2334 3403 2433 3475 τὴν
2456 3405 2674 3475 σάρκα),
2699 3406 2764 3459 ἵν’
2787 3406 2978 3477 ὥσπερ
3000 3405 3104 3476 όδῷ
3123 3406 3218 3460 καὶ
3242 3408 3322 3471 εἰς
3342 3410 3491 3477 ἡμᾶς
3514 3407 3716 3471 αὐτοὺς

2137 3493 2520 3562 διαὸαινούσης
2552 3500 2651 3569 τῆς
2681 3499 2925 3569 χάριτος,
2965 3498 3066 3552 οὐκ
3096 3497 3156 3563 ἐξ
3186 3500 3463 3569 αἱμάτων,
3507 3498 3628 3553 οὐδὲ
3658 3500 3714 3552 ὲν
3764 3504 3779 3521 '

2138 3586 2445 3658 θελήματος
2476 3589 2698 3660 σαρκὸς,
2720 3590 2841 3643 οὐδὲ
2865 3592 2932 3642 ὲκ
2955 3590 3261 3660 θελήματος
3292 3590 3504 3660 ἀνδρὸς,
3523 3590 3636 3644 ἀλλ’
3659 3587 3719 3643 ὲκ

2136 3678 2275 3731 Θεοῦ
2308 3679 2398 3732 διὰ
2432 3680 2750 3749 Πνεύματος
2790 3680 2890 3751 τὴν
2927 3682 3129 3751 νοητὴν
3171 3680 3388 3751 ἔχοντες
3427 3681 3720 3753 ἀναγέννη·

2138 3786 2243 3835 σιν,
2275 3769 2371 3823 καὶ
2418 3771 2519 3842 τὴν
2553 3771 2690 3841 πρός
2737 3789 2800 3840 γε
2850 3773 2942 3826 τὸν
2995 3772 3156 3841 φύσει
3188 3774 3283 3827 καὶ
3329 3772 3545 3842 ἀληθῶς
3596 3773 3721 3827 Υἱὸν

2137 3860 2493 3930 συμμορφίαν
2511 3863 2911 3933 πνευματικὴν,
2932 3864 3153 3935 Πατέρα
3181 3864 3436 3935 καλῶμεν
3456 3865 3549 3918 τὸν
3566 3863 3720 3931 Θεὸν,

2133 3955 2277 4010 οὕτω
2303 3970 2363 4007 τε
2403 3952 2671 4025 ἄφθαρτοι
2724 3953 3090 4025 διαμένωμεν,
3134 3956 3210 4019 ὼς
3248 3957 3350 4009 οὐκ
3394 3956 3475 4009 ἔτι
3509 3957 3719 4023 πατέρα

2132 4050 2224 4101 τὸν
2251 4050 2468 4118 πρῶτον
2493 4048 2730 4117 ἔχοντες,
2770 4046 3054 4099 τουτέστιν
3102 4045 3293 4117 ’Λδάμ,
3323 4050 3381 4101 ἐν
3423 4041 3466 4114 ᾧ
3498 4048 3592 4100 καὶ
3623 4050 3716 4115 ἑφ-

2135 4138 2407 4209 θάρμεθα.
2433 4139 2544 4192 Καὶ
2585 4137 2715 4205 γοῦν
2747 4136 2850 4207 ἔφη
2886 4136 3143 4207 Χριστὸς,
3177 4138 3256 4207 πῆ
3290 4139 3411 4208 μὲν,
3438 4138 3522 4189 ὅτι
3559 4156 3575 4187 t
3598 4136 3711 4189 Καὶ
3790 4174 3797 4177 -

446 4229 568 4282 dem
600 4244 613 4281 ξ
653 4246 671 4278 ι
712 4227 1098 4285 Nolitevocare
1114 4240 1321 4301 patrem
1344 4246 1580 4290 vestrum
1610 4235 1659 4290 in
1695 4239 2030 4296 terris.Unus

2138 4229 2348 4302 πατέρα
2384 4229 2458 4299 μὴ
2479 4227 2743 4296 καλέσητε
2766 4227 2920 4297 ὑμῶν
2951 4228 3043 4280 ἐπὶ
3057 4227 3158 4297 τῆς
3179 4228 3303 4297 γῆς,
3329 4221 3409 4292 εἷς
3432 4228 3541 4299 γάρ
3568 4228 3715 4285 ἐστιν

446 4321 590 4372 enim
640 4330 722 4374 est
749 4318 911 4375 Pater
959 4331 1140 4376 vester
1176 4322 1230 4377 in
1262 4325 1415 4381 cmlis
1454 4330 1504 4394 ⁸,
1542 4346 1560 4380 ι
1596 4327 1722 4383 alibi
1765 4345 1913 4396 vero,
1966 4342 2025 4388 ut

2138 4322 2163 4375 6
2180 4322 2373 4394 Πατὴρ
2405 4320 2561 4393 ὑμῶν
2578 4320 2606 4371 6
2625 4320 2683 4373 ὲν
2698 4321 2811 4383 τοῖς
2832 4319 3099 4391 οὐρανοῖς.
3117 4338 3135 4371 ι
3154 4322 3237 4393 Πῆ
3259 4320 3315 4374 δὲ
3334 4320 3420 4392 δὴ,
3434 4320 3510 4384 ὡς
3527 4322 3582 4373 έν
3603 4322 3713 4384 τοῖς

445 4409 534 4476 qui
571 4410 770 4465 ideirco
795 4410 860 4464 ad
891 4426 987 4466 nos
1013 4412 1313 4480 descendit,
1359 4427 1416 4470 ut
1470 4434 1568 4473 nos
1616 4419 1912 4476 transferat
1959 4424 2025 4478 ad

2138 4416 2258 4470 καθ’
2273 4418 2420 4487 ἡμᾶς
2448 4414 2537 4469 διὰ
2559 4414 2716 4468 τοῦτο
2732 4412 3085 4483 καθιγμένος.
3114 4414 3179 4466 ἵν’
3205 4414 3352 4484 ἡμᾶς
3371 4415 3554 4485 ἀγάγῃ
3576 4413 3711 4484 πρὸς

444 4500 715 4568 propriam
741 4516 895 4556 suam
929 4516 990 4555 ac
1014 4503 1255 4557 divinam
1307 4506 1621 4574 dignitatem
1650 4527 1663 4563 :
1691 4530 1709 4562 ι
1762 4511 1912 4568 Vada
1958 4513 2027 4568 ad

2138 4510 2193 4563 τὸ
2229 4509 2358 4563 ἴδιον
2398 4508 2562 4561 αὐτοῦ
2591 4508 2686 4561 καὶ
2710 4506 3013 4577 θεοπρεπὲς
3050 4506 3269 4575 ἀξίωμα
3291 4521 3303 4533 ·
3345 4524 3363 4557 t
3400 4504 3712 4576 Πορεύομαι

443 4590 655 4646 Patrem
694 4610 890 4659 meum,
920 4604 971 4650 et
1007 4593 1220 4651 Patrem
1256 4610 1493 4655 vestrum
1522 4642 1535 4666 ,
1565 4612 1619 4657 et
1652 4601 1816 4659 Deum
1846 4622 2024 4662 meum

2138 4602 2271 4672 πρὸς
2287 4600 2378 4654 τὸν
2395 4600 2614 4670 Πατέρα
2645 4615 2746 4669 μου
2774 4599 2868 4651 καὶ
2892 4597 3112 4667 Πατέρα
3132 4597 3421 4667 ὐμῶν,ξκα“ι
3446 4596 3577 4650 Θεόν
3607 4614 3711 4666 μου

442 4696 493 4738 et
526 4685 691 4740 Deum
729 4696 967 4743 vestrum
999 4689 1020 4719 ⁸
1051 4727 1065 4743 .
1104 4707 1124 4741 ι
1157 4690 1334 4761 Ipsius
1376 4693 1520 4747 enim
1575 4705 1660 4755 est
1704 4707 1896 4752 natura
1930 4698 2026 4752 Pa-

442 4789 544 4846 ter,
582 4782 672 4849 qui
707 4782 758 4834 in
787 4783 941 4838 ctelis
982 4793 1095 4850 est,
1144 4794 1329 4839 noster
1350 4788 1526 4842 alitem
1555 4787 1715 4845 Dens.
1769 4790 1904 4845 Cum
1938 4808 2024 4847 ve-

440 4882 501 4924 ro
533 4872 619 4936 qui
650 4880 839 4925 natura
874 4886 936 4926 ac
964 4888 1090 4929 vere
1130 4883 1212 4930 est
1237 4875 1429 4944 Filius,
1473 4879 1651 4935 factus
1703 4891 1789 4935 est
1857 4884 2018 4937 homo

439 4961 609 5014 nostri
649 4963 863 5028 similis,
899 4965 1066 5020 Deum
1092 4967 1262 5035 ipsum
1290 4969 1541 5027 habuisse
1576 4973 1725 5037 dicit,
1761 4975 2015 5028 nimirum

441 5052 648 5105 ratione
863 5057 1271 5115 exinanititmis.
1303 5062 1455 5115 Dedit
1485 5073 1664 5116 autem
1721 5065 1884 5117 etiam
1917 5082 2013 5119 no-

436 5142 517 5197 bis
549 5158 705 5197 snnm
743 5142 983 5199 Patrem.
1019 5148 1292 5217 Scriptum
1320 5164 1404 5205 est
1443 5156 1584 5207 enim
1613 5174 1627 5211 :
1661 5174 1680 5206 t
1740 5155 2013 5225 Quotquot

436 5240 616 5282 autem
645 5242 963 5299 receperunt
1002 5248 1146 5299 eum,
1202 5239 1351 5293 dedit
1400 5244 1480 5295 eis
1506 5253 1828 5311 potestatem
1876 5247 2015 5302 lilios

2130 4693 2226 4745 καὶ
2251 4691 2383 4744 Θεὸν
2416 4690 2589 4759 ὑμῶν.
2620 4708 2638 4740 ι
2662 4688 2837 4741 Αὐτοῦ
2883 4689 2981 4758 μὲν
3018 4689 3126 4758 γὰρ
3155 4690 3313 4759 φύσει
3347 4689 3536 4760 Πατὴρ
3583 4691 3610 4742 6
3652 4690 3713 4741 ἐν

2127 4785 2240 4846 τοῖς
2273 4782 2553 4852 οὐρανοῖς,
2591 4780 2747 4851 ἡμῶν
2800 4780 2854 4833 δὲ
2903 4780 3055 4843 Θεός.
3121 4780 3342 4850 Ἐπειδὴ
3380 4780 3435 4832 δὲ
3476 4781 3504 4830 ὁ
3550 4780 3707 4847 φύσει

2127 4876 2221 4928 καί
2249 4874 2464 4943 ἀληθῶς
2488 4873 2615 4936 Υἱὸς
2642 4874 2834 4941 γέγονε
2880 4874 2999 4927 καθ’
3030 4874 3199 4943 ἡμᾶς,
3239 4874 3371 4926 Θεὸν
3414 4874 3704 4944 ἐσχηκέναι

2124 4966 2290 5036 φησὶν
2329 4966 2511 5029 αὐτὸν,
2543 4966 2684 5019 κατά
2713 4983 2777 5034 γε
2801 4965 2891 5018 τὸν
2927 4968 2990 5036 τῇ
3029 4964 3253 5017 κενώσει
3300 4966 3575 5035 πρέποντα
3616 4966 3703 5019 λό-

2122 5076 2237 5125 γον.
2268 5058 2477 5110 Δέδωκε
2500 5058 2555 5110 δὲ
2588 5057 2679 5111 καὶ
2708 5059 2838 5128 ἡμῖν
2872 5057 2960 5109 τὸν
2992 5057 3187 5110 ἑαυτοῦ
3218 5058 3433 5127 Πατέρα
3456 5076 3468 5087 ·
3502 5060 3697 5128 γέγρα-

2121 5168 2252 5203 πται
2295 5150 2431 5221 γὰρ,
2474 5152 2555 5203 ὃτι
2594 5150 2787 5201 «Ὅσοι
2812 5149 2868 5201 δὲ
2897 5149 3088 5202 ἔλαϐον
3125 5149 3323 5212 αὐτὸν,
3360 5150 3557 5202 ἔδωκεν
3601 5151 3696 5202 αὐ-

2119 5246 2230 5307 τοῖς
2262 5242 2512 5310 ἐξουσίαν
2542 5243 2707 5295 τέκνα
2748 5242 2883 5294 Θεοῦ
2910 5240 3162 5308 γενέσθαι
3195 5243 3303 5302 τοῖς
3351 5241 3701 5293 πιστεύουσιν

434 5316 526 5375 Dei
560 5320 699 5382 lieri,
722 5321 804 5375 his
822 5321 908 5389 qui
941 5324 1165 5378 credunt
1195 5327 1245 5380 in
1279 5330 1499 5385 nomine
1532 5332 1701 5401 ipsius
1819 5335 1861 5389 ".
1892 5354 1911 5387 ι
1945 5338 2012 5390 At

2151 5341 2194 5401 Ξς
2232 5338 2296 5389 τὸ
2323 5337 2493 5406 ὄνομα
2522 5334 2706 5387 αὐτοῦ.
2737 5353 2751 5383 ι
2788 5334 2849 5385 Εἰ
2879 5333 2933 5383 δὲ
2976 5334 3343 5403 ἀναιρήσομεν
3375 5333 3601 5402 ἀμαθῶς
3637 5330 3703 5385 τὸ

437 5422 568 5464 vero
608 5409 651 5463 si
682 5411 930 5479 imperite
950 5427 1207 5481 negemus
1238 5419 1301 5470 ad
1328 5428 1570 5473 nostram
1599 5420 2009 5479 similitudinem

2145 5448 2171 5481 ν
2201 5428 2457 5493 ἁποτέξει
2502 5424 2758 5495 γενέσθαι
2791 5426 2855 5493 τῇ
2889 5422 3013 5475 καθ’
3067 5424 3213 5491 ἡμᾶς
3247 5424 3337 5478 τὸν
3375 5426 3439 5477 ὲκ
3488 5425 3700 5493 Πατρδς

430 5516 612 5558 natum
640 5521 760 5559 esse
796 5500 1032 5562 Verbum
1067 5508 1162 5562 Dei
1193 5523 1256 5562 ex
1294 5505 1470 5575 Patre,
1494 5510 1639 5580 quod
1680 5511 1731 5564 in
1756 5513 2008 5567 omnibus

2138 5518 2256 5570 ὒεοῦ
2289 5520 2485 5586 Λόγον,
2520 5519 2610 5570 τὸν
2643 5522 2698 5572 ἑν
2729 5520 2863 5570 πᾶσι
2899 5517 3277 5587 πρωτεύοντα,
3310 5521 3453 5574 κατὰ
3486 5521 3581 5593 τὴν
3610 5523 3708 5577 τοῦ

501 5681 518 5764 ξ
552 5682 748 5764 Matth._
776 5702 885 5764 six.
914 5685 965 5740 ι.
1061 5687 1082 5717 ²
1109 5684 1274 5742 llehr.
1300 5700 1419 5755 xm,
1453 5687 1504 5741 4.
1612 5687 1630 5719 ⁸
1657 5686 1789 5743 Luc.
1823 5703 1859 5757 ι,
1892 5689 2035 5745 50ῦὲ

2174 5694 2193 5724 ⁸
2222 5691 2377 5749 Joan.
2410 5710 2446 5761 t,
2486 5694 2564 5747 15.
2654 5694 2883 5751 5Matth.
2924 5712 3079 5762 χχιιι,
3118 5696 3169 5752 9.
3256 5697 3588 5763 310.111.“,
3617 5698 3711 5764 47,

1061 5687 1082 5717 ²
1109 5684 1274 5742 llehr.
1300 5700 1419 5755 xm,
1453 5687 1504 5741 4.

432 5745 452 5776 ⁷
482 5748 636 5804 Joan.
664 5764 702 5817 ι,
731 5756 816 5809 12.
