4082 6376
409 332 510 395 965

1374 329 1759 394 PANOPLIA
1800 332 2279 393 DOGMATICA.
2308 356 2378 370 ν·-
2404 334 2550 396 'l'l'l.
2592 337 2717 402 XV.

3581 350 3688 407 986

412 463 722 530 σοφωτάτω
775 460 990 515 Παύλου
1023 461 1226 533 φωνὴν,
1273 462 1409 534 πρὸς
1466 461 1589 515 τίνα
1634 462 1818 516 λοιπὸν
1860 480 1979 545 μορ-

2104 465 2304 528 primas
2326 466 2530 520 obtinet
2584 467 2623 530 ¹,
2648 465 2803 533 juxta
2834 465 2982 521 Pauli
3039 467 3420 537 sapientissimi
3469 483 3682 536 vocum,

410 554 699 624 φούμενοι,
727 556 981 626 γεννητοὶ
1009 556 1145 609 Θεοῦ
1173 556 1263 611 διὰ
1301 555 1621 628 Ηνεύματος
1658 576 1760 629 χρη
1770 559 1994 628 ματιοῠ-

411 663 513 718 μεν
545 648 709 718 ἡμεῖς
732 664 748 715 ;
771 647 889 702 τίνα
912 647 1004 702 τοῦ
1040 650 1367 720 πράγματος
1401 649 1657 714 λαϐόντες
1688 650 1787 719 τὴν
1813 651 1992 721 ἀπαρ-

414 736 529 809 (ἡν,
563 738 596 808 ἢ
638 739 734 791 καὶ
759 740 905 804 τίνος
932 739 1068 804 ὅλως
1098 742 1176 805 εἰς
1200 743 1348 813 ἡμᾶς
1383 742 1691 813 πέμποντος
1730 742 1792 797 τὸ
1830 744 1995 808 ἀξίω-

410 846 520 899 μα;
556 830 718 883 Φαῖεν
745 830 831 894 ἂν,
852 832 927 895 ὥς
954 849 1017 900 γε
1047 830 1220 904 οἶμαι,
1244 835 1338 888 καὶ
1363 834 1519 888 αὐτοι
1538 852 1553 866 ·
1586 833 1695 890 Τοῦ
1721 836 1993 908 ὲνανθρω-

405 923 686 993 στήσαντος
708 924 906 992 Λόγου.
935 923 1069 979 Εἶτα
1098 926 1215 991 πῶς
1239 914 1390 982 ἔσται
1416 928 1573 983 τοῦτο
1592 929 1807 1001 ἀληθὲς,
1841 929 1888 982 εἰ
1915 928 1988 1001 μὴ

405 1015 569 1078 αὐτὸς
600 1016 792 1085 γέγονε
823 1016 982 1088 σὰρξ,
1020 1021 1299 1076 τουτέστιν
1330 1021 1635 1093 ἄνθρωπος,
1674 1022 1803 1076 ῐδιον
1832 1038 1991 1095 ποιη-

405 1106 643 1177 σάμενος
677 1108 839 1179 σῶμα
865 1112 926 1163 τὸ
950 1110 1312 1183 ἀνθρώπινον,
1338 1114 1462 1166 καθ’
1495 1113 1692 1167 ενωσιν
1723 1114 1989 1168 ἀδιάσπα-

405 1215 554 1265 στον,
578 1200 665 1254 ἴνα
692 1201 785 1254 καὶ
811 1201 978 1256 αὐτοῦ
1008 1204 1215 1273 νοῆται,
1239 1207 1334 1258 καὶ
1358 1203 1482 1276 [μὴ]
1508 1205 1568 1270 ἐξ
1591 1205 1778 1277 ἑτέρου
1807 1205 1986 1274 τινός;

404 1290 624 1360 nepos;
662 1292 771 1364 γὰρ
801 1294 945 1348 οὕτω
990 1296 1085 1349 καὶ
1130 1298 1204 1359 εἰς
1256 1298 1402 1368 ἡμᾶς
1442 1299 1543 1369 τῆς
1580 1299 1855 1362 υἱοθεσίας
1891 1298 1989 1369 τὴν

400 1381 587 1451 χάριν,
626 1385 720 1436 καὶ
757 1387 1008 1457 γεννητώ
1040 1387 1359 1457 Πνεύματος
1398 1390 1635 1459 ἐσόμεθα
1667 1390 1760 1444 καὶ
1800 1391 1984 1460 ἡμεῖς,

402 1471 503 1525 ἅτε
533 1473 595 1543 δὴ
625 1478 724 1547 τῆς
772 1477 1065 1549 ἀνθρώπου
1105 1480 1322 1549 φύσεως
1361 1483 1418 1534 ἐν
1451 1482 1603 1552 αὐτῷ
1639 1484 1735 1537 καὶ
1783 1483 1987 1555 πρώτῳ

401 1564 676 1638 λαχούσης
704 1568 883 1623 τοῦτο.
907 1571 1016 1624 καί
1040 1588 1128 1641 μοι
1152 1562 1302 1626 δοκεῖ
1318 1573 1556 1627 τοιοῦτον
1576 1580 1628 1627 τι
1649 1575 1770 1628 καθ’
1796 1575 1986 1629 ἑαυτὸν

401 1657 757 1729 ὲννενοηκὼς,
790 1661 957 1729 φάναι
984 1680 1087 1715 που
1124 1665 1217 1717 καὶ
1247 1665 1394 1734 μάλα
1422 1665 1600 1736 ὀρθῶς
1629 1667 1658 1719 6
1697 1667 1985 1733 Θεσπέσιος

2102 558 2167 609 ad
2192 558 2354 624 quem
2402 559 2621 611 tandem
2675 558 3026 626 conformati,
3077 573 3141 614 ex
3202 558 3312 615 Deo
3363 562 3527 630 geniti
3587 577 3685 629 per

2102 648 2364 716 Spiritum
2422 648 2833 720 appellabimur,
2886 661 2980 705 aut
3040 667 3202 721 quem
3271 651 3433 721 huius
3480 655 3680 723 negotii

2098 740 2398 809 principem
2465 755 2531 801 ac
2591 752 2755 812 caput
2780 742 3143 798 habebimus?
3187 753 3279 798 aut
3308 746 3432 813 quis
3459 747 3683 800 omnino

2099 833 2237 887 hanc
2267 834 2585 903 dignitatem
2605 835 2659 889 in
2699 851 2799 892 nos
2850 838 3253 893 transmiserit?
3299 836 3488 895 Dicent
3551 855 3679 906 pro-

2099 925 2259 989 fecto,
2294 934 2354 980 ut
2383 926 2652 994 arbitror,
2684 928 2849 982 etiam
2876 929 2977 997 ipsi
3006 948 3018 983 :
3046 926 3283 984 Verbum
3312 930 3677 984 incarnatum.

2096 1020 2258 1088 Atqui
2278 1030 2385 1089 quo
2411 1028 2571 1089 pacto
2603 1034 2792 1075 verum
2816 1022 2916 1076 hoc
2949 1022 3075 1086 erit,
3104 1021 3206 1076 nisi
3227 1022 3401 1090 ipsum
3440 1020 3675 1076 Verbum

2096 1111 2297 1166 factum
2332 1120 2417 1166 est
2437 1126 2587 1174 caro,
2616 1112 2720 1167 hoc
2737 1122 2840 1179 est,
2866 1113 3065 1178 homo},
3124 1111 3323 1182 quippe
3362 1113 3503 1181 quod
3548 1128 3677 1180 pro-

2096 1204 2271 1271 prinm
2302 1204 2402 1259 sibi
2423 1203 2611 1259 fecerit
2635 1218 2832 1275 corpus
2861 1220 2922 1260 ea
2952 1205 3159 1261 unitate
3186 1220 3305 1275 quae
3322 1206 3503 1261 divelli
3530 1206 3675 1259 nulla

2095 1293 2308 1347 ratione
2325 1298 2524 1362 queat:
2553 1292 2627 1347 ita
2665 1294 2922 1347 nimirum
2948 1304 3003 1348 ut
3037 1295 3207 1362 ipsius
3248 1295 3407 1350 verbi
3454 1310 3678 1350 censea-

2095 1388 2203 1450 tur,
2237 1395 2292 1441 et
2310 1400 2414 1440 non
2437 1387 2660 1442 alterius
2682 1386 3019 1456 euibspiam?
3044 1387 3156 1443 Hoc
3176 1388 3319 1443 enim
3335 1399 3492 1456 pacto
3507 1390 3674 1441 etiam

2095 1480 2147 1531 in
2179 1492 2276 1532 nos
2318 1478 2647 1532 trausmitte’t
2706 1476 2977 1533 liiiationis
3028 1479 3587 1548 gratiam,genitique
3644 1494 3676 1534 o

2097 1566 2301 1635 Spiritu
2333 1567 2537 1622 erimus
2583 1558 2745 1621 etiam
2785 1572 2907 1635 nos,
2957 1579 3149 1637 utpote
3208 1579 3403 1624 natura
3435 1571 3675 1627 humana

2093 1659 2195 1712 hoe
2212 1658 2265 1711 in
2285 1658 2405 1727 ipso
2425 1667 2483 1713 et
2499 1657 2720 1728 quidem
2757 1659 2936 1727 primo
2960 1668 3278 1714 Consecuta.
3303 1659 3381 1714 Ac
3402 1661 3533 1715 mihi
3562 1660 3678 1729 qui-

404 1748 649 1811 Παῦλος·
683 1770 701 1802 ι
739 1751 955 1824 Ὠσπερ
992 1744 1102 1825 γὰρ
1138 1754 1483 1827 ὲφσρέσαμεν
1517 1757 1616 1829 τὴν
1659 1760 1844 1812 εἰκόνα
1886 1758 1979 1813 τοῦ

2085 1749 2206 1804 dem
2268 1750 2484 1805 videtur
2528 1750 2694 1804 etiam
2735 1750 2954 1804 divinus
3020 1750 3242 1815 Paulus,
3302 1752 3671 1821 hujuscemodi

399 1841 608 1910 χοϊκοῦ,
644 1843 950 1915 φορέσομεν
983 1847 1078 1901 καὶ
1116 1847 1215 1917 τῂν
1247 1847 1433 1903 εἰκόνα
1464 1849 1558 1903 τοῦ
1580 1851 1908 1922 ἐπουρανίου
1929 1871 1976 1904 ·›

397 1933 614 1986 καὶτὸν
663 1935 763 2005 μὲν
815 1924 1032 2008 πρῶτον
1063 1938 1354 2008 ἄνθρωπον
1394 1942 1460 1994 ὲκ
1497 1942 1600 2010 γῆς
1640 1944 1743 2014 ἔφη
1776 1944 1981 2013 χοῖκὸν,

395 2024 493 2076 τὸν
538 2023 595 2077 δὲ
631 2024 882 2098 δεύτερον
922 2028 982 2094 ἐξ
1022 2027 1296 2099 οὐρανοῢο
1337 2048 1358 2081 σ
1395 2030 1534 2083 Ἀλλ’
1580 2026 1694 2096 οἷος
1723 2033 1751 2084 ὁ
1779 2033 1981 2103 χοῖκὸς,

394 2113 627 2169 τοιοῦτοι
673 2118 840 2172 κο.ὶοὶ
875 2119 1069 2190 χοῖκοὶ,
1115 2121 1271 2192 φησὶ,
1303 2122 1401 2175 καὶ
1431 2119 1542 2188 οἷος
1574 2124 1602 2176 6
1636 2125 1980 2196 ἐπουράνιος,

392 2206 632 2260 τοιοῦτοι
663 2209 756 2261 καὶ
786 2210 836 2261 οἱ
888 2211 1226 2281 ἐπουράνιοι.
1255 2231 1274 2264 ι
1315 2215 1505 2267 Χοῖκο)⁸
1544 2217 1653 2288 γάρ
1687 2217 1877 2286 ἐσμεν,
1907 2217 1984 2283 ὡς

393 2300 461 2351 ἐκ
503 2299 690 2369 χοϊκοῦ
724 2300 820 2354 τοῦ
857 2301 1028 2373 ’Δδαμ
1063 2306 1531 2376 παρεμπεσούσης
1564 2310 1647 2370 εἰς
1684 2308 1832 2378 ἡμᾶς
1881 2309 1983 2378 τῆς

390 2392 539 2461 ἀρᾶς
576 2391 678 2461 τῆς
716 2393 946 2463 φθορᾶς,
977 2394 1044 2448 δι’
1077 2391 1146 2469 ἧς
1171 2399 1265 2450 καὶ
1296 2400 1325 2451 6
1365 2399 1465 2469 τῆς
1498 2399 1774 2471 ἁμαρτέας
1804 2401 1982 2454 εἰσέδυ

389 2482 578 2551 νόμος,
611 2485 639 2536 6
661 2485 850 2548 ἐντοῖς
883 2486 1070 2555 μέλεσι
1100 2491 1213 2552 τοῖς
1238 2489 1343 2559 τῆς
1378 2491 1600 2561 σαρκός.
1636 2492 1981 2561 Ἐπουρὰνιοι

390 2573 452 2626 δὲ
482 2574 811 2645 γεγόναμεν,
862 2577 939 2641 ὼς
989 2580 1048 2633 ὲν
1101 2579 1324 2651 Χριστῷ
1368 2580 1627 2646 λαϐόντες
1673 2584 1732 2636 τὸ
1767 2585 1978 2655 χρῆμα.

389 2661 527 2726 Θεὸς
551 2664 663 2736 γὰρ
704 2664 780 2718 ῶν
822 2666 982 2735 (ptiust
1008 2669 1117 2722 καὶ·
1151 2673 1217 2723 ὲκ
1251 2669 1387 2724 Θεοῦ
1409 2672 1505 2725 καὶ
1548 2672 1775 2739 ἄνωθεν,
1811 2682 1983 2731 κατὰ·

396 2757 737 2827 πεφοίτηκεν
787 2759 847 2810 ὲν
892 2762 1007 2823 τοῖς
1057 2761 1181 2815 καθ’
1226 2764 1379 2833 ἡμᾶς
1436 2764 1722 2837 ἀσυνήθως
1776 2785 1837 2820 τε
1887 2770 1981 2823 καὶ

392 2845 582 2911 ξένως,
604 2850 862 2919 γεννητὸς
886 2851 1028 2905 κατὰ
1052 2852 1233 2927 σάρκα
1258 2854 1499 2923 γεγονὼς
1526 2855 1622 2909 τοῦ
1646 2858 1976 2929 πνεύματος,

393 2937 483 2990 ενα
539 2937 684 3006 ἅγιοι
737 2958 799 2994 τε
848 2942 943 2995 καὶ
1001 2943 1270 3019 ἄφθαρτοι
1307 2947 1402 3001 καὶ
1447 2950 1614 3019 ἡμεῖς
1645 2950 1768 3005 κατ’
1817 2950 1981 3006 αὑτὸν

388 3026 760 3103 διαμείνωμεν
782 3032 860 3097 ὡς
898 3031 959 3100 ἐξ
987 3035 1160 3107 am;
1187 3036 1283 3090 καὶ
1320 3037 1477 3110 ῥίζης
1500 3039 1764 3111 δευτέρας
1790 3041 1977 3107 αὐτοῦ,

390 3116 636 3188 δηλονότι
665 3116 1100 3198 καταϐαινοῦσης
1133 3128 1215 3192 εἰς
1240 3128 1391 3200 ἡμᾶς
1428 3129 1528 3201 τῆς
1555 3131 1799 3203 χάριτος.

461 3399 525 3453 Β.
564 3399 799 3469 "Apto-ra
838 3402 996 3471 ἔφης.

463 3491 527 3545 Α.
567 3490 704 3543 Τίνα
754 3479 812 3543 δὲ
859 3493 1062 3560 τρόπον
1113 3493 1207 3547 καὶ
1234 3492 1553 3564 ὡμοιῶσθαε
1596 3509 1762 3561 φασιν
1815 3493 1979 3547 αὐτὸν

390 3576 538 3631 κατὰ
580 3579 759 3633 πάντα
801 3581 915 3642 τοῖς
964 3579 1234 3649 ἀδελφοῖς,
1280 3581 1559 3634 τουτέστιν
1598 3583 1764 3650 ἡμῖν;
1815 3581 1848 3652 ἢ
1885 3581 1978 3634 καὶ

391 3670 475 3734 τίς
514 3670 653 3734 ὅλως
691 3671 850 3724 νοοϊτ’
889 3671 956 3725 ἂν
996 3673 1026 3725 ὁ
1057 3672 1159 3744 τὴν
1203 3673 1464 3743 ὁμοίωσιν
1507 3671 1792 3739 ὑπελθὼν,
1822 3674 1872 3726 si
1901 3671 1978 3743 μὴ

385 3761 534 3814 κατὰ
561 3760 722 3830 φύσιν
741 3761 926 3831 ἕτερος
946 3757 1037 3833 ἦν,
1067 3762 1161 3816 καὶ
1193 3763 1293 3817 οὐκ
1331 3762 1387 3815 ἐν
1409 3778 1473 3831 γε
1499 3764 1611 3825 τοῖς
1643 3761 1766 3815 καθ’
1792 3763 1972 3831 ἡμᾶς;

386 3852 464 3906 Τὸ
519 3853 629 3924 γάρ
671 3853 735 3923 γέ
781 3864 924 3907 τισιν
978 3854 1355 3926 ὁμοιούμενον,
1396 3850 1536 3907 εἶναι
1586 3868 1690 3907 που
1756 3854 1975 3917 πάντως

384 3946 605 4015 ἀνάγκη
636 3946 893 4017 διάφορον
917 3948 1047 4017 παρ’
1078 3945 1297 4010 αὐτοὺς,
1324 3947 1418 4001 καὶ
1444 3947 1543 4000 οὐκ
1560 3946 1735 4010 ἐοικὸς
1767 3947 1973 4013 αὐτοῖς,

386 4037 686 4108 ἑτεροειδὲς
734 4039 790 4091 δὲ
840 4039 1062 4108 μᾶλλον,
1105 4037 1282 4092 εἴτουν
1333 4040 1648 4111 ὲτεροφυές.
1697 4039 1975 4109 Ἀνόμοιος

386 4131 568 4184 τοίνυν
631 4130 896 4203 ὑπάρχων
946 4133 1077 4202 ἡμῖν
1139 4131 1282 4185 κατὰ
1331 4132 1493 4202 φύσιν
1537 4135 1566 4186 6
1620 4132 1971 4203 Μονογενὴς,

383 4221 705 4290 ὼμοιῶσθαι
751 4223 969 4292 λέγεται
1013 4221 1253 4292 γεγονὼς
1304 4224 1425 4277 καθ’
1477 4225 1657 4295 ἡμᾶς,
1695 4224 1972 4277 τουτέστιν

385 4311 695 4382 ἄνθρωπος.
732 4310 945 4368 Γένοιτο
972 4314 1018 4367 δ’
1059 4313 1124 4368 ἂν
1152 4312 1310 4368 τοῦτο
1341 4316 1438 4369 καὶ
1480 4315 1625 4383 μάλα
1666 4314 1844 4384 ὀρθῶς
1878 4317 1973 4368 καὶ

2087 1839 2366 1911 quidpiam
2395 1841 2657 1908 sentiens,
2690 1840 2818 1896 alibi
2843 1843 2916 1897 ita
2978 1849 3127 1898 recte
3170 1843 3460 1898 admodum
3499 1844 3673 1899 dixis-

2086 1948 2187 1989 se:
2231 1951 2253 1985 ο
2282 1932 2753 2000 Quemadmodum
2800 1934 2946 1988 enim
2991 1935 3327 2004 portavimus
3376 1937 3673 2005 imaginem

2087 2026 2310 2093 terreni,
2340 2024 2683 2095 portabimus
2712 2025 2881 2080 etiam
2916 2028 3204 2095 imaginem
3267 2029 3505 2083 caelestis
3565 2027 3610 2081 '.
3647 2046 3666 2081 ι

2086 2117 2155 2172 Ει
2184 2119 2418 2188 primum
2458 2117 2678 2188 quidem
2721 2118 2993 2173 hominem
3029 2134 3095 2172 ex
3137 2128 3302 2182 terra,
3334 2118 3470 2174 dixit
3511 2128 3677 2174 terre-

2085 2224 2246 2276 num;
2278 2202 2576 2266 secundum
2596 2214 2725 2266 vero
2749 2220 2811 2266 ex
2841 2211 3000 2275 cmlo,
3018 2211 3325 2267 etelestem.
3361 2228 3379 2262 ι
3407 2209 3513 2267 Sed
3536 2212 3676 2281 qua-

2086 2304 2150 2359 lis
2186 2306 2456 2367 terrenus,
2511 2302 2646 2359 tales
2704 2313 2759 2357 et
2818 2304 3057 2369 terreni;
3110 2315 3163 2359 et
3206 2304 3669 2374 qualiscmlestis,

2086 2396 2219 2451 tales
2248 2402 2303 2450 et
2346 2397 2625 2453 caelestes.
2666 2415 2685 2448 ›
2718 2395 2945 2451 Terreni
3002 2397 3147 2452 enim
3210 2402 3419 2462 sumus,
3487 2405 3675 2468 utpote

2087 2484 2404 2539 transmissa
2434 2485 2486 2538 in
2529 2499 2626 2540 nos
2684 2493 2749 2540 ex
2799 2488 3015 2540 terreno
3062 2486 3237 2540 Adam
3288 2485 3675 2543 maledictions

2083 2576 2473 2647 corruptionis,
2515 2592 2614 2645 per
2630 2593 2792 2648 quam
2823 2578 2985 2633 et'lex
3017 2578 3229 2650 peccati
3265 2580 3516 2650 irrepsit,
3547 2584 3671 2650 qum

2082 2678 2164 2722 est
2191 2668 2243 2722 in‘
2272 2666 2532 2723 Membris
2565 2670 2767 2724 carnis.
2798 2668 3062 2725 Gmlestes
3079 2672 3259 2725 autem
3288 2670 3417 2726 facti
3458 2687 3669 2736 smnus,

2082 2760 2135 2815 in
2154 2759 2378 2816 Christo
2399 2760 2453 2816 id
2478 2762 2775 2816 consecuti.
2800 2759 2954 2817 Deus
2977 2752 3123 2817 enim
3148 2762 3425 2818 exsis‘tens
3454 2766 3668 2829 natura,

2081 2860 2137 2906 et
2164 2866 2227 2906 ex
2265 2849 2376 2908 Deo
2396 2858 2560 2922 atque
2591 2867 2655 2907 ex
2683 2852 2954 2923 supernis,
3024 2852 3306 2910 descendit
3344 2854 3410 2909 ad
3458 2858 3667 2921 nostra,

2083 2957 2221 2999 novo
2249 2948 2410 3013 atque
2454 2943 2719 2999 inusitato
2754 2957 2905 3000 more
2927 2944 3145 3014 genitus”
3192 2946 3503 3001 se‘cundum
3543 2960 3668 3001 ear-

2084 3036 2205 3089 nem
2232 3035 2406 3090 factus
2426 3044 2513 3091 est
2557 3034 2815 3103 Spiritus,
2866 3042 2923 3091 ut
2955 3034 3213 3092 videlicet
3265 3038 3443 3093 sancti
3498 3047 3667 3110 atque

2086 3126 2527 3194 incorruptibiles
2576 3125 2741 3183 etiam
2800 3132 2900 3183 nos
2945 3129 2999 3183 in
3066 3129 3186 3197 ipso
3255 3130 3572 3185 maneamus
3599 3143 3669 3185 ex

2088 3218 2228 3289 ipso,
2274 3226 2535 3288 tanquam
2566 3222 2630 3274 ex
2672 3219 2943 3290 principio
2968 3229 3023 3275 et
3077 3219 3263 3275 radice
3318 3222 3576 3287 secunda,
3612 3220 3668 3278 in

2085 3318 2183 3366 nos
2214 3308 2536 3365 transmissa
2565 3310 2761 3380 gratia.

2152 3402 2214 3454 Β.
2253 3398 2471 3471 Optime
2503 3402 2709 3456 dixisti.

2150 3495 2216 3546 Λ.
2255 3491 2502 3558 Quonam
2536 3503 2667 3545 vero
2707 3496 2863 3561 paeto
2904 3491 3068 3547 etiam
3100 3493 3329 3547 similem
3368 3492 3542 3562 ipsum
3583 3493 3668 3548 fa—

2080 3588 2227 3637 ctum
2261 3588 2381 3637 esse
2408 3584 2560 3637 aittnt
2584 3592 2676 3650 per
2700 3584 2880 3637 omnia
2911 3582 3192 3650 fratribus,
3224 3584 3325 3638 hoc
3349 3596 3451 3649 est,
3479 3585 3669 3641 nobis?

2080 3685 2172 3728 aut
2201 3674 2448 3743 quiSuam
2481 3676 2703 3727 onmiuo
2734 3672 3024 3726 censeatur
3064 3662 3235 3727 fuisse
3266 3673 3311 3727 is
3340 3674 3429 3741 qui
3465 3674 3663 3727 simili-

2081 3768 2318 3820 tudinem
2356 3775 2594 3819 nostram
2626 3765 2809 3830 subiit,
2837 3765 2936 3819 nisi
2970 3766 3265 3818 secundmn
3296 3774 3542 3818 naturam
3577 3768 3665 3818 dl-

2077 3860 2267 3913 ver‘sn's
2302 3868 2441 3921 erat,
2481 3867 2538 3910 et
2580 3872 2690 3910 non
2736 3856 2891 3910 nobis
2930 3855 3168 3911 similis?
3195 3856 3344 3923 Quod
3378 3856 3521 3909 enim
3561 3856 3665 3909 ali—

2078 3950 2272 4020 quibus
2301 3949 2479 4005 simile
2512 3946 2769 4013 eiiicitur,
2820 3961 3041 4001 necesse
3074 3956 3159 4002 est
3189 3958 3247 4000 ut
3277 3947 3549 4001 diversum
3596 3947 3664 4001 ab

2078 4045 2143 4099 iis
2174 4042 2467 4106 exstiterit,
2502 4056 2676 4111 neque
2722 4040 2897 4095 simile
2928 4040 3080 4109 ipsis,
3113 4040 3207 4095 sed
3236 4041 3414 4109 potius
3444 4039 3664 4093 alterius

2076 4132 2299 4203 Speciei,
2333 4133 2449 4187 siVe
2482 4142 2713 4186 naturae.
2934 4129 3226 4185 Dissimilis
3251 4131 3433 4197 itaque
3458 4131 3667 4183 naturae

2078 4243 2106 4282 a
2144 4228 2303 4282 nobis
2326 4227 2595 4282 exsistens
2627 4224 2969 4295 Uuigenitus,
3000 4222 3193 4276 similis
3222 4222 3393 4276 factus
3432 4235 3551 4276 esse
3577 4221 3659 4274 di-

2077 4320 2238 4382 citur,
2270 4320 2445 4372 raetus
2490 4317 2541 4370 id
2576 4318 2717 4385 quod
2752 4330 2869 4382 nos,
2926 4314 3030 4367 hoc
3063 4316 3165 4378 est,
3212 4312 3390 4366 hoino.
3437 4309 3657 4364 Factum

387 4406 588 4474 μόνως,
622 4406 678 4458 ἐν
701 4406 952 4473 ἀποτέξει
985 4408 1050 4478 τῇ
1086 4406 1209 4461 καθ’
1235 4408 1407 4476 ἡμᾶς,
1431 4408 1479 4458 ei
1508 4408 1605 4460 καὶ
1632 4405 1969 4477 παραδόξως,

2085 4423 2259 4464 autem
2290 4410 2391 4464 fuit
2417 4410 2537 4473 hoc,
2578 4418 2632 4463 et
2655 4417 2801 4461 recte
2834 4406 3122 4460 admodum
3154 4420 3217 4459 ac
3248 4404 3585 4459 solummodo
3608 4401 3659 4454 in

380 4496 472 4548 ἐπ’
496 4496 683 4550 αὐτοῦ.
712 4498 845 4560 Θεὸς
866 4497 975 4568 γὰρ
1005 4492 1073 4568 ἦν
1101 4500 1128 4552 ὀ
1151 4497 1541 4569 σαρκούμενος.
1572 4496 1968 4567 Ὁμολογεισθω

380 4605 447 4655 γε
483 4590 591 4658 μὴν
630 4590 704 4652 ὡς
744 4590 991 4660 attexsz
1020 4593 1224 4661 νοερῶς
1255 4590 1315 4643 τὸ
1362 4589 1561 4642 ὲνωθὲν
1599 4589 1747 4660 αὐτῷ
1787 4589 1966 4659 σῶμα.

379 4680 462 4731 Οὐ
495 4680 603 4751 γάρ
640 4698 722 4734 τοι
752 4682 812 4734 τὸ
850 4684 1097 4751 κρεῖττον
1126 4682 1235 4734 τῶν
1269 4683 1325 4735 ὲν
1354 4684 1486 4752 ἡμῖν
1514 4682 1692 4751 ἀφεὶς,
1722 4685 1968 4736 τουτέστι

381 4772 581 4843 ψυχὴν,
618 4772 782 4843 μόνου
816 4774 1109 4844 πεποίηται
1133 4772 1298 4842 φειδὼ
1328 4774 1521 4843 γηῒνου
1552 4773 1828 4843 σώματος,
1853 4775 1966 4827 ἀλλ’

381 4865 518 4933 ὁμοῦ
552 4865 729 4935 ψυχῆς
769 4868 861 4920 καὶ
907 4866 1158 4937 σώματος
1194 4867 1492 4937 προενόησε
1536 4868 1712 4937 σοφῶς
1739 4868 1868 4931 Θεὸς
1894 4867 1968 4922 ὢν

384 4958 413 5008 ὁ
443 4956 633 5025 Λόγος.

453 5145 577 5197 Ὅτι
625 5144 683 5196 δὲ
719 5143 821 5195 οὐκ
866 5140 1166 5211 ἠλλοίωται
1215 5134 1459 5206 γεγονὼς
1509 5136 1797 5204 ἄνθρωπος
1848 5135 1968 5189 καθ’

380 5240 529 5309 ἡμᾶς
588 5240 616 5291 ὁ
676 5238 870 5304 Λόγος,
914 5234 1303 5305 διαμεμήνυκε
1351 5233 1526 5297 λέγων
1576 5234 1605 5284 6
1656 5232 1972 5301 Πνευματο·

382 5329 583 5398 φάροςο
643 5325 894 5396 «Ἰησοῦς
940 5324 1181 5395 Χριστὸς
1221 5324 1344 5391 χθὶς
1391 5323 1488 5376 καὶ
1537 5323 1779 5393 σήμεγος
1808 5323 1836 5373 ὁ
1878 5320 1974 5373 αὖ·

381 5425 495 5483 τὸς,
528 5422 622 5473 καὶ
673 5423 750 5481 εἰς
803 5420 936 5481 τοὺς
993 5419 1224 5481 αἰῶνας.
1264 5435 1282 5469 ι
1324 5416 1445 5470 Καὶ
1485 5410 1818 5484 σημαντικὸν
1874 5412 1972 5478 μὲν

383 5512 478 5567 τοῦ
509 5512 903 5582 παρῳχηκὸτος
936 5511 1133 5580 χρόνου
1184 5512 1446 5571 ποιεῖται,
1479 5508 1538 5560 τὸ
1587 5506 1749 5572 χθές,
1780 5502 1877 5556 τοῦ
1911 5520 1973 5571 γε

389 5606 498 5675 μὴν
530 5604 851 5668 ἐνεστῶτος,
888 5604 949 5656 τὸ
979 5602 1274 5673 σήμερον,
1306 5600 1398 5654 τοῦ
1447 5600 1501 5652 δὲ
1552 5596 1848 5658 ἐνεστῶτος
1880 5597 1970 5647 καὶ

459 5791 475 5823 ⁸
512 5784 681 5847 ICOt‘.
706 5807 794 5857 xv,
824 5791 917 5846 2'5.
990 5788 1167 5844 'lbid.
1198 5786 1286 5843 49.

2077 4501 2355 4555 nativitate
2390 4509 2589 4555 nostra:
2630 4498 2820 4562 simili,
2854 4498 3066 4550 tametsi
3092 4494 3483 4548 admirabiliter
3521 4491 3663 4561 quod

2075 4593 2142 4644 ad
2186 4592 2359 4659 ipsum
2405 4591 2619 4643 attinet.
2664 4587 2807 4642 Deus
2851 4585 2995 4640 enim
3051 4591 3193 4650 erat,-
3222 4584 3314 4650 'qui
3349 4582 3663 4635 ineamatus

2076 4691 2177 4737 est.
2219 4681 2576 4735 Proﬁteamur
2615 4679 2803 4746 utique
2840 4676 3137 4728 animatum
3168 4684 3290 4727 esse
3323 4670 3665 4724 intellectua-

2076 4776 2201 4828 liter
2226 4786 2422 4841 corpus
2466 4771 2567 4839 ipsi
2612 4770 2845 4823 unitum.
2896 4765 3082 4835 Neque
3111 4765 3254 4819 enim
3285 4762 3663 4833 praestantiore

2075 4866 2246 4921 nostri
2282 4872 2456 4935 parte,
2492 4864 2595 4918 hoc
2620 4868 2722 4926 est,
2757 4860 2935 4914 anima
2962 4854 3228 4927 neglecta,
3258 4854 3426 4909 solius
3457 4853 3659 4908 terreni

2076 4959 2322 5027 corporis
2356 4966 2484 5011 cura
2526 4954 2711 5008 habita
2748 4958 2849 5017 εει,
2890 4950 2983 5005 sed
3016 4950 3176 5003 Simul
3204 4946 3400 5002 animat
3439 4956 3495 5003 et.
3534 4962 3662 5002 cor-

2072 5052 2191 5122 pori
2225 5050 2499 5117 sapienter
2520 5042 2799 5116 prospexit
2830 5044 2969 5098 Deus
2996 5041 3265 5123 exsistens
3290 5039 3552 5095 Verbum.

2152 5133 2309 5201 Quod
2370 5144 2551 5190 autem
2610 5133 2847 5189 Verbum
2898 5136 3062 5190 homo
3110 5135 3283 5190 nostri
3337 5135 3534 5190 similis
3584 5134 3664 5190 la-

2080 5237 2227 5283 etum
2263 5228 2610 5283 immutatum
2654 5242 2765 5281 non
2815 5225 2906 5288 sit.
2942 5226 3267 5298 signiﬁcavit
3290 5228 3490 5283 Paulus
3540 5227 3665 5296 Spi-

2085 5324 2189 5375 ritu
2242 5322 2464 5376 amatus
2512 5321 2747 5375 dicens:
2806 5335 2825 5370 ο
2878 5316 3040 5374 iesus
3091 5318 3344 5374 Christus
3394 5317 3556 5371 hodie
3604 5324 3663 5372 et

2083 5413 2223 5478 heri,
2262 5414 2379 5480 ipse
2415 5422 2469 5467 et
2506 5414 2558 5467 in
2600 5413 2828 5478 stecuia;
2865 5420 2982 5466 irae
3024 5426 3117 5480 per
3151 5412 3281 5473 heri,
3320 5409 3656 5478 praeteritum

2084 5516 2298 5572 tempus
2339 5503 2575 5569 indicat;
2620 5519 2717 5572 per
2766 5503 2943 5564 hodie,
2992 5508 3270 5570 prmscns;
3316 5513 3411 5568 per
3463 5496 3657 5549 uacula

2085 5612 2239 5662 vero,
2274 5609 2512 5667 prmsens
2544 5603 2595 5649 et
2624 5595 2884 5649 futurum.
2910 5594 2979 5646 At
3013 5592 3058 5646 si
3082 5598 3273 5661 putant
3303 5604 3360 5645 se
3398 5599 3655 5658 magnum
