4082 6394
427 328 529 391 9οἹ

1674 326 1988 387 EUl‘llYM
2002 326 2056 385 lI
2099 324 2468 387 ZIGABENI

3611 332 3714 395 963
3735 367 3748 376 -

427 441 635 509 aliquid
673 441 1034 510 excogitasse,
1076 439 1221 509 quod
1255 455 1351 508 per
1382 439 1493 492 heri
1527 449 1579 492 et
1622 438 1795 501 hodie,
1830 453 2022 492 recen-

2128 439 2442 509 μέλλοντος,
2464 439 2544 503 τὸ,
2565 440 2646 502 είς
2671 440 2800 503 τοὺς
2826 438 3050 502 αίῶνας.
3073 441 3133 494 Ei
3154 440 3208 492 δὲ
3232 441 3436 495 οἷονταὶ
3461 460 3512 495 τι
3543 445 3707 512 σοφὶν

430 545 537 587 tum
573 534 901 604 intelligant,
927 533 998 586 ita
1029 531 1460 586 contendentes:
1485 529 1585 596 Qui
1619 529 1736 582 heri
1769 540 1824 583 et
1856 528 2022 583 hodie

430 636 535 690 est,
568 627 845 696 quomodo
879 623 952 679 sit
986 623 1150 678 etiam
1183 622 1238 675 in
1274 622 1511 676 sa'cula?
1545 621 1940 676 transferemus
1968 629 2024 674 et

435 735 532 774 nos
581 715 1027 786 interrogationis
1074 714 1184 767 vim
1245 713 1299 767 in
1332 714 1729 769 contrarium:
1782 713 2019 768 Verbum

432 813 572 865 enim
612 811 881 864 exsistcns
927 808 981 861 in
1053 808 1273 872 szeCuIa,
1327 823 1435 876 quo
1479 791 1636 876 pacto
1674 806 1904 877 recipiat
1963 809 2018 862 in

433 918 492 954 se
524 903 712 956 lteriet
743 897 947 952 hodie?
991 897 1270 966 Siquidem
1321 905 1405 951 est
1451 911 1594 949 unus
1645 896 1916 961 Clu-istas,
1963 905 2019 949 et

435 1010 545 1048 non
587 1003 670 1046 est
705 992 936 1056 divisus,
988 991 1141 1061 juxta
1181 990 1351 1044 divini
1406 989 1551 1042 illius
1602 988 1750 1042 Pauli
1807 1004 2014 1044 vocem.

439 1085 716 1152 Scriptum
746 1083 890 1135 enim
932 1092 1016 1135 est
1048 1082 1116 1135 de
1156 1082 1316 1135 beato
1369 1081 1628 1151 Baptista,
1659 1081 1804 1151 quod
1843 1100 1860 1131 ι
1888 1081 2020 1136 Pos-

438 1178 598 1230 tridie
637 1175 783 1230 videt
814 1175 1003 1230 Jesum
1033 1175 1340 1229 venientem
1370 1175 1436 1228 ad
1469 1189 1550 1240 se,
1583 1186 1640 1228 et
1677 1175 1847 1230 dicit:
1881 1173 2023 1228 Ecce

431 1268 617 1338 Agnus
666 1266 783 1334 Dei,
830 1264 928 1335 qui
962 1264 1101 1320 tollit
1130 1275 1417 1335 peccatum
1453 1265 1661 1320 mundi.
1705 1263 1804 1319 Hic
1847 1276 1929 1320 est
1955 1266 2022 1320 de

409 1376 544 1431 quo
591 1361 702 1415 dixi
734 1381 748 1415 :
780 1361 910 1418 Post
951 1378 1038 1417 me
1083 1362 1232 1416 venit
1279 1361 1384 1428 vir,
1424 1361 1515 1431 qni
1562 1372 1687 1416 ante
1733 1378 1818 1418 me
1851 1363 2022 1418 laetus

438 1463 544 1517 est,
590 1452 717 1522 quia
761 1453 912 1522 prior
960 1470 1046 1508 me
1098 1464 1236 1518 erat,
1286 1462 1342 1509 et
1390 1469 1490 1523 ego
1523 1453 1828 1508 nescieb.un
1871 1469 2019 1518 eum,

2129 531 2530 602 ἐννενοηκέναι,
2564 531 2623 584 τὸ
2654 529 2796 601 χθές
2845 535 2940 585 καὶ
2972 528 3243 601 σήμερον
3268 534 3388 584 ἀντὶ
3423 535 3515 586 τοῦ
3542 551 3710 604 προσ-

2129 626 2302 693 φάτου
2333 624 2635 693 δεχόμενοι,
2669 625 3069 692 διατεινόμενοί
3101 643 3157 678 τε
3186 626 3280 678 καὶ
3325 626 3600 694 λέγοντες,
3644 628 3715 682 '0

2126 718 2253 788 χθὲς
2294 719 2391 771 καὶ
2425 719 2691 790 σήμερον,
2720 719 2834 782 πῶς
2863 718 2930 772 ἂν
2963 720 3048 788 εἴη
3079 722 3174 773 καὶ
3207 721 3287 783 ei;
3318 723 3442 784 τοὺς
3474 721 3708 787 αἰῶναςς

2131 813 2548 882 μεταστήσομεν
2575 812 2668 864 καὶ
2691 813 2849 882 ἡμεῖς
2867 813 2967 883 τὴν
2988 815 3090 882 τῆς
3111 813 3436 884 ἐρωτήσεως
3455 814 3710 883 δύναμιν,

2127 907 2205 966 εἰς
2238 906 2299 957 τὶ
2331 905 2456 975 ἔχον
2503 907 2784 968 ἐναντίως.
2822 907 2885 959 ὐ
2916 908 3025 975 γὰρ
3073 910 3155 970 είς
3212 909 3340 969 τοὺς
3389 909 3588 969 αίώνας
3634 909 3711 961 ὢν

2125 997 2321 1064 Λόγος,
2345 997 2461 1060 πῶς
2488 999 2555 1050 ἂν
2581 997 2738 1050 λάϐοι
2767 998 2828 1051 τὸ
2853 999 2979 1068 χθὲς
3009 1003 3102 1051 καὶ
3128 1002 3370 1069 σήμερον
3393 1001 3478 1068 ἐφ’
3508 1002 3706 1070 ἑαυτῷ,

2125 1090 2284 1160 εἴπερ
2316 1091 2465 1142 ἐστὶν
2497 1086 2579 1154 εἷς
2621 1093 2649 1143 6
2679 1092 2938 1160 Χριστὸς,
2972 1094 3066 1145 καὶ
3097 1093 3157 1145 ού
3201 1093 3529 1160 μεμέρισται
3564 1097 3709 1146 κατὰ

2126 1180 2222 1250 τὴν
2256 1181 2349 1234 τοῦ
2385 1182 2676 1237 Θεσπεσίου
2717 1184 2932 1238 Παύλου
2985 1187 3194 1256 φωνήν.
3229 1186 3539 1252 Γέγραπται
3577 1187 3706 1253 γοῦν

2127 1276 2257 1343 περὶ
2306 1274 2399 1326 τοῦ
2439 1277 2718 1346 μακαρίου
2763 1277 3198 1341 Βαπτιστοῦ,δτι
3245 1295 3264 1329 ι
3319 1277 3396 1346 Τῇ
3437 1277 3704 1348 ἐπαύριον

2127 1362 2314 1431 βλέπει
2337 1365 2427 1417 τὸν
2460 1364 2668 1434 Ἰησοῦν
2687 1367 2990 1437 ἐρχόμενον
3025 1367 3159 1439 πρὸς
3187 1366 3372 1431 αὐτὸν,
3392 1370 3487 1420 καὶ
3518 1369 3671 1436 λέγει
3689 1385 3704 1401 ο

2129 1453 2233 1509 Ἴδε
2256 1459 2283 1509 ὁ
2300 1454 2496 1525 Ἀμνὸς
2513 1458 2606 1511 τοῦ
2632 1459 2833 1525 Θεοῦ,ό
2856 1459 3027 1530 αἴρων
3052 1461 3330 1530 ἁμαρτίαν
3353 1460 3449 1512 τοῦ
3477 1463 3708 1528 κόσμου,

439 1549 534 1602 sed
570 1556 631 1601 ut
676 1544 1061 1601 manifestetur
1106 1546 1162 1600 in
1209 1544 1400 1611 Israel,
1430 1557 1714 1614 propterea
1764 1546 1881 1600 veni
1923 1561 2021 1616 ego

2128 1549 2276 1620 οὗτός
2319 1558 2436 1610 ἐστι
2479 1554 2609 1625 περὶ
2651 1546 2714 1607 οὗ
2764 1550 2875 1620 ἐγὼ
2907 1547 3081 1605 εἷπον·
3119 1549 3325 1616 Ὀπίσω
3357 1565 3459 1618 μου
3491 1547 3708 1616 ἔρχεται

440 1638 498 1694 in
544 1653 687 1707 aqua
737 1637 1026 1707 baptizatus
1077 1640 1116 1692 ³.
1154 1657 1174 1690 ι
1206 1636 1469 1706 intelligis
1524 1639 1711 1707 itaque
1750 1640 2021 1707 quomodo

439 1731 615 1784 virum
685 1741 904 1791 vocans,
962 1743 1269 1798 agnumque
1329 1731 1504 1800 ipsum
1557 1729 1857 1800 appellans,
1913 1745 2021 1786 non

409 1819 604 1874 .alium
644 1832 767 1872 esse
818 1817 948 1872 dicit
980 1818 1072 1885 qui
1122 1817 1262 1872 tollit
1291 1832 1515 1888 peccata
1563 1818 1770 1884 mundi,
1815 1831 1870 1872 et
1915 1835 2024 1873 ma-

438 1923 597 1978 gnam
637 1908 779 1962 hanc
819 1917 984 1977 atque
1029 1908 1350 1964 immensam
1397 1911 1748 1980 divinamque
1791 1910 2022 1981 dignita-

440 2012 546 2055 tem
574 2003 622 2056 ei
647 2000 858 2054 tribuit.
897 2002 1038 2055 Ante
1070 2015 1198 2056 vero
1237 2016 1301 2056 ac
1332 2001 1565 2070 priorem
1592 2017 1652 2058 se
1693 2002 1896 2057 factum
1925 2003 2020 2070 ait,

437 2092 564 2149 licet
609 2092 877 2163 posterior
939 2091 1138 2157 fuerit,
1189 2093 1401 2148 ratione
1450 2093 1706 2148 nimirum
1765 2095 2023 2165 temporis

439 2198 549 2253 quo
595 2183 892 2238 secundum
944 2197 1166 2238 carnem
1215 2191 1375 2238 natus
1421 2193 1524 2240 est.
1583 2183 1845 2251 Quamvis
1875 2185 2020 2240 enim

442 2275 764 2330 Emmanuel
807 2284 1076 2345 quatenus
1123 2277 1282 2331 homo
1329 2285 1453 2346 post
1503 2277 1650 2331 illum
1697 2287 1857 2332 natus
1900 2277 2020 2343 luit,

2123 1649 2286 1719 ἀνὴρ,
2336 1647 2396 1711 ὃς
2441 1645 2754 1718 ἔμπροσθέν
2791 1662 2894 1716 μου
2936 1643 3184 1712 γέγονεν,
3222 1642 3307 1695 ὅτι
3350 1638 3565 1706 πρῶτός
3606 1634 3708 1706 μού

2122 1744 2263 1804 ἐστι,
2291 1738 2448 1808 κάγὼ
2477 1740 2579 1792 οὐκ
2621 1735 2762 1792 εἶδον
2808 1736 2994 1800 αὑτὸν,
3032 1735 3148 1789 ἀλλ’
3201 1735 3286 1787 ἴνα
3314 1729 3602 1801 φανερωοῇ
3633 1726 3712 1799 τῷ

2137 1830 2374 1901 Ἰσραὴλ,
2409 1829 2498 1884 διὰ
2531 1828 2689 1884 τοῦτο
2735 1824 2898 1900 ἦλθον
2931 1826 3043 1896 ἐγὼ
3076 1826 3136 1877 ὲν
3170 1823 3326 1878 ὕδατι
3362 1819 3659 1890 βαπτίζων.
3684 1837 3703 1869 ι

2125 1919 2291 1984 Σύνες
2319 1915 2412 1972 οὖν
2451 1919 2598 1980 ὅπως
2625 1917 2797 1986 ἄνδρα
2835 1916 3029 1984 λέγων,
3079 1913 3174 1966 καὶ
3219 1911 3392 1981 ἀμνὸν
3431 1907 3712 1978 ὀνομάζων

2125 2010 2310 2076 αὐτὸν,
2340 2010 2440 2078 οὐχ
2472 2008 2662 2080 ἓτερον
2691 2002 2830 2060 εἷναί
2861 2023 2995 2076 φησι
3022 2005 3113 2058 τὸν
3143 2003 3374 2075 αἴροντα
3397 2001 3494 2071 τὴν
3523 2001 3710 2070 ἀμαρ-

2123 2104 2245 2158 τίαν
2287 2101 2380 2156 τοῦ
2432 2100 2664 2172 κόσμου,
2706 2099 2802 2153 καὶ
2847 2098 2907 2152 τὸ
2953 2097 3098 2167 μέγα
3141 2095 3300 2148 τοῦτο
3351 2093 3444 2148 καὶ
3476 2091 3712 2158 ἐξαίσιον

2125 2194 2343 2266 ἀληθῶς
2410 2193 2507 2246 καὶ
2594 2191 2896 2262 θεοπρεπὲς
2971 2188 3188 2257 ἀξίωμα
3271 2185 3713 2257 προσνενέμηκεν

2125 2285 2293 2357 αὐτῷ.
2338 2283 2692 2356 Ἐμπροσθεν
2730 2283 2788 2336 δὲ
2833 2281 2926 2335 καὶ
2969 2280 3187 2352 πρῶτον
3235 2277 3489 2346 γενέσθαι
3547 2275 3711 2345 φησὶν

441 2376 558 2424 erat
587 2377 764 2422 tamen
809 2376 935 2422 ante
975 2367 1157 2423 omnia
1187 2369 1408 2437 saecula,
1455 2382 1512 2423 ut
1563 2369 1723 2428 Deus.
1765 2371 2019 2438 Ejusdem

2128 2376 2314 2444 αὑτοῦ,
2347 2375 2524 2430 καίτοι
2553 2374 2785 2429 κατόπιν
2822 2372 3136 2443 γενόμενον,
3170 2370 3312 2423 κατά
3342 2367 3409 2436 γέ
3447 2383 3591 2436 φημι
3622 2365 3713 2418 τὸν

442 2459 628 2527 itaque
671 2469 752 2512 est
793 2467 848 2512 et
894 2467 1169 2513 recentem
1218 2474 1342 2516 esse
1389 2459 1596 2515 ratione
1638 2459 1888 2516 humanae
1928 2477 2022 2516 na-

445 2560 604 2613 turae,
638 2561 695 2603 et
719 2557 1008 2612 :eternum,
1038 2549 1251 2606 ratione
1288 2553 1504 2606 divinae.
1547 2550 1757 2608 idcirco
1794 2561 1850 2608 et
1891 2567 2027 2622 pra:-

443 2639 815 2696 stantissirnus
871 2640 961 2698 ille
1014 2639 1248 2708 Petrus,
1296 2655 1405 2695 non
1462 2641 1663 2696 nudum
1711 2650 1768 2697 et
1822 2643 2026 2712 absque

409 2747 610 2806 carne
655 2731 957 2802 reSpiciens
1015 2731 1275 2796 Verbum,
1325 2731 1420 2787 sed
1470 2731 1614 2801 quod
1664 2732 1718 2807 in
1756 2747 1921 2787 carne
1969 2743 2026 2789 et

408 2823 709 2901 “sanguine
747 2835 1113 2896 apparuerat,
1162 2825 1502 2880 manifestam
1563 2833 1617 2879 et
1662 2825 2023 2880 certissimam

445 2916 572 2972 ﬁdei
609 2918 664 2973 in
709 2918 881 2988 ipsum
927 2917 1320 2988 professionem
1370 2917 1505 2980 edit,
1537 2917 1764 2972 dicens:
1801 2936 1820 2970 ι
1855 2915 1934 2971 Tu
1965 2934 2026 2973 es

445 3009 704 3064 Christus
735 3009 904 3064 Filius
934 3009 1031 3064 Dei
1063 3009 1191 3064 vivi.
1223 3025 1243 3060 ι
1282 3009 1378 3063 Cui
1411 3007 1661 3063 Christus
1700 3009 1980 3078 respondit
2007 3025 2023 3062 :

452 3103 680 3162 sBeatus
701 3118 781 3168 es,
797 3102 1008 3167 Simon,
1033 3101 1104 3154 ﬁli
1127 3099 1295 3166 Jome,
1312 3101 1435 3169 quia
1457 3114 1585 3155 caro
1607 3108 1661 3154 et
1676 3103 1896 3170 sanguis
1919 3115 2026 3156 non

448 3195 708 3249 revelavit
734 3194 854 3259 tibi,
886 3193 981 3249 sed
1013 3191 1175 3248 Pater
1204 3206 1359 3246 meus
1392 3191 1482 3260 qui
1517 3199 1602 3246 est
1637 3191 1690 3246 in
1722 3192 1878 3247 caelis
1925 3188 1970 3246 ’.
2001 3210 2021 3244 ι

448 3283 512 3337 At
552 3284 653 3338 nisi
693 3283 860 3337 altum
910 3295 1099 3337 revera
1146 3291 1230 3336 est
1267 3281 1611 3352 mysterium,
1641 3291 1695 3338 et
1735 3281 1876 3337 Deus
1908 3293 2029 3338 erat

451 3379 505 3429 in
556 3390 723 3429 carne
753 3392 766 3428 :
799 3373 960 3427 homo
994 3380 1195 3438 autem,
1249 3381 1309 3425 ut
1341 3372 1439 3442 ipsi
1475 3371 1680 3436 volunt,
1713 3372 2026 3428 liliationem

449 3480 548 3534 per
595 3464 824 3534 gratiam
882 3471 1236 3529 consecutus,
1278 3462 1551 3531 quomodo
1595 3461 1826 3531 indiguit
1881 3473 2030 3518 tanto

451 3556 693 3626 mysterii
738 3555 989 3619 doctore,
1026 3556 1162 3607 adeo
1208 3564 1268 3608 ut
1319 3568 1481 3608 nemo
1513 3553 1822 3606 mortalium
1859 3553 2024 3609 disciv

449 3651 573 3720 pulo
598 3649 869 3711 revelarit,
903 3649 995 3704 sed
1029 3664 1059 3702 a
1086 3648 1246 3703 Patre
1277 3649 1393 3718 ip'so
1415 3647 1466 3701 id
1491 3647 1718 3704 edoctus
1746 3647 1857 3703 sit?
1886 3647 2028 3714 Quin

447 3753 504 3796 et
531 3739 779 3810 discipuli
813 3755 934 3796 cum
975 3739 1123 3793 illum
1160 3738 1454 3808 aliquando
1484 3738 1536 3791 in
1582 3738 1716 3792 mari
1763 3739 2026 3794 obambu-
2058 3727 2103 3782 Ι)

448 3834 650 3888 lantem
687 3830 986 3900 conspiCati
1023 3840 1230 3895 essent,
1263 3828 1480 3883 attoniti
1524 3828 1787 3883 miraculo
1814 3828 2026 3899 profes-

448 3925 654 3978 simiem
693 3922 812 3976 tidei
850 3937 961 3976 sua:
985 3922 1295 3986 ediderunt,
1322 3920 1565 3974 dicentes
1596 3938 1608 3975 :
1645 3937 1664 3972 ι
1693 3918 1832 3975 Vere
1859 3917 2026 3976 Filius

448 4011 540 4070 Dei
571 4031 627 4070 es
676 4023 715 4068 ³.
753 4034 771 4067 ι
814 4016 882 4068 At
917 4016 962 4069 si
990 4016 1188 4068 nothus
1216 4023 1271 4069 et
1303 4013 1419 4066 falsi
1457 4012 1688 4067 nominis
1711 4023 1814 4077 est,
1839 4025 1894 4067 et
1917 4013 2028 4067 ad-

453 4105 734 4158 ventitium
785 4104 834 4158 ei
887 4113 970 4157 est
1020 4102 1164 4171 quod
1218 4101 1292 4156 sit
1344 4100 1537 4168 Filius,
1595 4102 1860 4156 mendacii
1911 4103 2030 4159 illos

453 4207 702 4263 arguant,
739 4195 880 4262 quod
906 4203 959 4247 et
978 4191 1338 4262 jurejurando
1364 4191 1775 4247 c0n£irmarunt.
1802 4194 2030 4262 Adjece-

454 4293 576 4333 runt
603 4285 770 4347 enim,
810 4301 827 4333 ι
860 4297 1006 4348 vere,
1038 4299 1056 4331 ι
1081 4290 1456 4336 asseverantes
1490 4282 1666 4348 ipsum
1689 4296 1812 4337 esse
1835 4284 2032 4339 Filium

452 4371 548 4426 Dei
575 4388 636 4425 ac
672 4372 869 4426 Patris.
1314 4384 1320 4392 '

2123 2472 2224 2540 τῆς
2267 2468 2411 2522 κατὰ
2464 2467 2645 2538 σάρκα
2678 2466 2986 2536 γεννήσεως
3032 2462 3245 2534 χρόνον.
3305 2462 3368 2514 Εἰ
3414 2459 3523 2532 γάρ
3564 2461 3712 2512 ἐστιν

2124 2559 2383 2632 ὀψιγενὴς
2413 2557 2552 2612 καθὸ
2578 2557 2865 2627 ἄνθρωπος
2889 2557 2918 2610 6
2960 2551 3331 2624 Ἐμμανουὴλ,
3368 2549 3483 2604 ἀλλ’
3512 2545 3578 2622 ἦν
3607 2546 3712 2619 πρὸ

2126 2651 2329 2714 παντὸς
2385 2649 2578 2713 αἰῶνος
2635 2648 2712 2713 ὡς
2758 2647 2912 2710 Θεός.
2947 2645 3125 2699 Αὑτοῦ
3175 2642 3464 2714 τοιγαροῦν
3513 2641 3606 2695 καὶ
3651 2640 3714 2694 τὸ

2128 2743 2442 2814 πρόσφατον
2473 2739 2854 2811 ἀνθρωπίνως,
2885 2738 2980 2793 καὶ
3019 2737 3080 2790 τὸ
3118 2736 3291 2791 ἀΐδιον
3323 2735 3540 2798 θεῖκῶς,
3579 2731 3715 2786 ταύ-

2124 2853 2196 2908 τῃ
2225 2854 2308 2890 τοι
2334 2836 2428 2889 καὶ
2467 2837 2495 2888 ὁ
2525 2834 2860 2905 πανάριστος
2912 2831 3118 2903 Πέτρος
3137 2871 3176 2896 ,_
3203 2830 3264 2883 οὐ
3314 2829 3544 2900 γυμνὸν,
3588 2826 3712 2882 οὐδὲ

2127 2927 2368 2997 ἄσαρκόν
2398 2923 2817 2994 καταθεώμενον
2841 2922 2931 2977 τὸν
2953 2923 3146 2992 Λόγον,
3180 2920 3296 2975 ἀλλ’
3326 2922 3386 2974 ὲν
3417 2921 3580 2990 σαρκὶ
3621 2918 3719 2971 καὶ

2125 3019 2321 3089 αἵματι
2378 3016 2678 3088 πεφηνότα,
2718 3015 2906 3084 σαφῶς
2944 3031 3007 3068 τε
3047 3013 3142 3067 καὶ
3190 3010 3444 3075 ἀπλανῶς
3488 3012 3588 3081 τῆς
3635 3011 3718 3074 είς

2127 3105 2292 3159 αὐτὸν
2336 3104 2574 3167 πίστεως
2618 3103 2720 3174 τὴν
2762 3103 3024 3157 ἀπόδοσιν
3072 3102 3331 3164 ἐποιεῖτο,
3363 3100 3560 3169 λέγων.
3599 3118 3616 3150 ι
3642 3099 3715 3153 Σὺ

2129 3193 2178 3250 εἶ
2205 3199 2232 3250 ὁ
2256 3195 2512 3267 Χριστὸς,
2549 3197 2576 3249 6
2604 3195 2732 3259 Υἱὸς
2761 3194 2854 3248 τοῦ
2879 3194 3015 3247 Θεοῦ
3049 3193 3144 3246 τοῦ
3170 3193 3387 3258 ζῶντος.
3415 3211 3433 3242 ι
3483 3191 3715 3258 Ἀκήκοε

2128 3288 2184 3341 δὲ
2216 3287 2353 3358 πρὸς
2381 3285 2556 3339 τοῦτο·
2597 3284 2915 3357 «Μακάριος
2947 3281 3018 3350 εἴ,
3053 3285 3256 3354 Σίμων,
3285 3283 3400 3354 Bap
3437 3284 3610 3346 Ἰωνᾶ,
3636 3281 3718 3334 ὅτι

2132 3376 2270 3450 σὰρξ
2301 3376 2395 3431 καὶ
2441 3371 2579 3446 αἷμα
2622 3377 2722 3430 οὐκ
2765 3374 3084 3446 ἀπεκάλυψέ
3130 3392 3234 3438 σοι,
3281 3372 3395 3428 ἀλλ’
3446 3375 3474 3426 6
3527 3373 3716 3442 Πατήρ

2132 3488 2259 3540 μου,
2318 3471 2348 3524 6
2393 3473 2450 3524 ὲν
2503 3471 2616 3532 τοῖς
2675 3470 2948 3539 οὐρανοῖς.
2976 3487 2994 3520 ι
3070 3467 3209 3521 Ἀλλ’
3249 3469 3299 3520 εἰ
3362 3466 3440 3538 μὴ
3486 3464 3616 3535 βαθὺ
3655 3461 3716 3515 τὸ

2133 3565 2460 3636 μυστήριον,
2488 3563 2581 3615 καὶ
2615 3561 2745 3625 Θεὸς
2775 3557 2843 3632 ἦν
2883 3561 2942 3613 ἐν
2971 3559 3159 3631 σαρκὶ,
3199 3559 3486 3628 ἄνθρωπος
3508 3556 3564 3609 δὲ
3597 3553 3715 3607 κατ’

2132 3658 2352 3723 αὐτοὺς,
2396 3657 2579 3727 χάριτι
2610 3655 2710 3725 τὴν
2749 3652 3022 3707 υἱοθεσίαν
3063 3652 3226 3721 ἔχων,
3269 3650 3387 3714 πῶς
3418 3649 3484 3704 ἂν
3526 3645 3718 3718 ἐδεήθη

2129 3747 2388 3803 τοσούτου
2419 3745 2804 3818 μυσταγωγοῦ,
2850 3745 2926 3808 ὡς
2963 3743 3168 3816 μηδένα
3201 3742 3300 3814 μὲν
3337 3740 3446 3794 τῶν
3489 3740 3583 3792 ἐπὶ
3621 3739 3720 3808 τῆς

2130 3841 2236 3911 γῆς
2295 3837 2645 3908 ἀποκαλύψαι
2703 3837 2781 3906 τῷ
2838 3836 3080 3908 μαθητῇ.
3132 3833 3424 3905 παιδευτὴν
3472 3832 3528 3886 δὲ
3585 3831 3722 3902 πρὸς

2130 3932 2291 3986 τοῦτο
2338 3931 2524 4002 λαχεῖν
2579 3930 2740 3984 αὐτὸν
2793 3928 2882 3982 τὸν
2928 3928 3181 3999 Πατέρα;
3220 3928 3329 3982 Καὶ
3375 3925 3480 3997 μὴν
3533 3925 3628 3978 καὶ
3673 3927 3722 3978 oi

2134 4021 2413 4077 θεσπέσιοι
2443 4019 2710 4092 μαθηταὶ,
2745 4019 3030 4073 διαθέοντα
3062 4018 3192 4071 ποτὲ
3218 4017 3314 4088 τῆς
3352 4016 3623 4087 θαλάττης
3652 4015 3722 4069 τὰ

2129 4114 2276 4168 νῶτα
2305 4113 2614 4183 βλέποντες,
2643 4112 3095 4183 κατατεθήπεσαν
3131 4111 3231 4182 μὲν
3266 4109 3364 4181 τὴν
3400 4109 3721 4179 θεοσημίαν,

2129 4205 2442 4275 ὡμολόγουν
2477 4204 2532 4257 δὲ
2560 4205 2660 4276 τὴν
2704 4204 2912 4267 πίστιν,
2945 4203 3214 4272 λέγοντεςο
3259 4220 3278 4253 ι
3317 4200 3556 4271 ’Δληθῶς
3585 4197 3721 4252 Θεοῦ

2134 4296 2259 4359 Υἱὸς
2305 4290 2373 4348 εἴ.
2402 4314 2421 4346 ι
2483 4295 2625 4348 Ἀλλ’
2668 4296 2717 4348 εί
2761 4293 2914 4357 νόθος
2949 4293 3066 4346 ἐστὶ
3098 4293 3189 4346 καὶ
3217 4292 3589 4362 ψευδώνυμος,
3629 4292 3722 4344 καὶ

2135 4385 2445 4458 εἰσποιητὸν
2494 4386 2605 4457 ἔχει
2648 4385 2708 4440 τὸ
2739 4381 2878 4441 εἶναι
2908 4386 3058 4451 Υἱὸς,
3097 4385 3503 4454 ἐγκαλείτωσαν
3539 4386 3724 4445 αὐτοῖς

451 4463 549 4534 τὴν
575 4462 958 4534 ψευδηγορίαν,
995 4462 1279 4517 καὶτοῦτο
1321 4463 1665 4536 ὀμωμοκόσι.
1714 4468 2146 4539 Προστεθείκασι
2213 4478 2322 4548 γὰρ
2368 4478 2450 4546 τὸ,
2480 4479 2718 4550 ἀληθῶς,
2783 4479 2913 4535 Υίὸν
2987 4479 3150 4535 αὐτὸν
3192 4475 3336 4534 εἶναι
3383 4479 3724 4533 διαϐεϐαιού-

454 4579 606 4635 μενοι
630 4561 724 4616 τοῦ
757 4559 893 4614 Θεοῦ
925 4561 1019 4615 καὶ
1048 4560 1284 4632 Πατρός.

410 4692 418 4698 .
523 4657 581 4709 Β.
627 4653 843 4726 Optime
877 4655 1084 4710 dixisti.

525 4751 591 4803 Α.
629 4749 746 4814 Quo
774 4759 934 4818 pacto
974 4759 1153 4802 autem
1192 4749 1356 4802 etiam
1393 4750 1641 4820 proprios
1671 4753 1834 4808 habet
1870 4770 2035 4824 ange-

454 4839 538 4894 los
573 4840 740 4894 Filius
775 4841 1032 4903 hominis.
1080 4847 1134 4894 et
1179 4839 1426 4909 splendet
1459 4841 1512 4896 in
1547 4841 1716 4912 gloria
1747 4843 1923 4900 Patris
1953 4847 2036 4901 sui

2212 4663 2272 4716 Β.
2313 4664 2552 4734 Ἀριστα
2587 4664 2744 4734 ἔφης.

2215 4757 2278 4806 Δ.
2309 4752 2435 4816 Πῶς
2464 4755 2521 4808 δὲ
2567 4757 2658 4808 καὶ
2701 4756 2862 4819 ίδίους
2897 4756 3008 4826 ἔχει
3053 4757 3179 4818 τοὺς
3222 4755 3485 4824 ἀγγέλους
3534 4757 3560 4806 .'.
3601 4755 3724 4819 Υἰὶς

2142 4844 2236 4897 τοῦ
2285 4843 2606 4915 ἀνθρώπου,
2660 4845 2953 4916 διαπρέπει
2998 4846 3054 4900 δὲ
3106 4847 3198 4902 καὶ
3243 4848 3304 4901 ὲν
3343 4850 3410 4918 τῇ
3461 4846 3588 4923 δόξῃ
3631 4847 3724 4901 τοῦ

451 4949 579 4988 cum
630 4932 838 5002 angelis
893 4931 1085 4987 suis‘?
1121 4931 1187 4985 Et
1244 4946 1472 4986 rursus:
1531 4949 1548 4982 ι
1591 4929 1656 4984 Ει
1711 4931 1890 4985 mittet
1943 4930 2025 4983 Fi-

2136 4933 2352 5002 Πατρὸς
2375 4934 2544 4987 αὐτοῦ
2572 4935 2711 5004 μετὰ
2734 4937 2844 4989 τῶν
2873 4936 3124 5006 ἀγγέλων
3148 4937 3314 4991 αὐτοῦ
3335 4979 3350 5005 ,
3383 4937 3490 5014 thl.
3515 4942 3678 5008 πάλιν
3704 4957 3721 4974 ’

456 5027 561 5080 lius
621 5023 860 5080 hominis
902 5024 1122 5114 angelos
1171 5024 1365 5078 suos'.
1410 5043 1428 5076 ι
1465 5021 1522 5078 Si
1565 5038 1694 5078 vero
1746 5024 1927 5077 adhuc
1978 5023 2025 5077 li-

2140 5044 2158 5076 ι
2189 5027 2296 5079 Καὶ
2326 5027 2621 5080 ἀποστελεῖ
2647 5029 2676 5080 ὁ
2707 5028 2834 5093 Υἱὸς
2861 5028 2956 5084 τοῦ
2989 5029 3280 5098 ἀνθρώπου
3306 5035 3432 5096 τοὺς
3455 5035 3726 5102 ἀγγέλους

454 5117 579 5172 dem
623 5117 890 5184 derogant
913 5123 972 5169 et
1025 5114 1293 5168 increduli
1334 5125 1498 5180 sunt,
1538 5129 1662 5168 cum
1693 5129 1818 5168 eum
1853 5114 2025 5167 divina

2135 5117 2325 5172 αὐτοῦ.
2357 5135 2375 5168 ι
2408 5117 2470 5170 Εἰ
2502 5117 2558 5170 δὲ
2591 5119 2684 5171 καὶ
2721 5121 3048 5174 ἀπιστοῦσιν
3079 5121 3182 5187 ἔτι,
3210 5123 3303 5175 καὶ
3335 5122 3460 5194 δόξῃ
3495 5123 3728 5194 θεοπρε-

458 5210 626 5281 gloria
678 5209 924 5278 adeoque
971 5207 1260 5278 splendida
1297 5216 1460 5277 atque
1509 5207 1710 5262 eximia
1770 5207 2025 5276 dignitate

2149 5212 2240 5262 πεῖ
2286 5214 2380 5264 καὶ
2415 5212 2530 5274 τοῖς
2563 5211 2707 5264 οὕτω
2743 5212 3018 5284 λαμπροῖς
3072 5215 3166 5268 καὶ
3199 5215 3527 5284 ὑπερτάτως
3557 5219 3729 5284 ἀξιώο

457 5312 709 5357 ornatum
731 5300 969 5365 videant,
991 5299 1214 5354 audient
1243 5298 1539 5369 ipsummet
1561 5299 1836 5354 dicentem
1882 5315 1898 5352 :
1940 5317 1958 5351 ι
1984 5298 2022 5354 S

2150 5317 2315 5370 μασιν
2345 5303 2583 5371 ὁρῶντες
2618 5306 3083 5374 κατεστεμμένον,
3111 5305 3441 5360 ἀκούσονται
3473 5309 3728 5377 λέγοντος

459 5395 593 5450 mihi
638 5409 749 5449 non
795 5391 1057 5456 creditis,
1092 5390 1353 5461 operibus
1399 5391 1537 5444 meis
1590 5393 1862 5447 credite“.
1901 5410 1921 5445 ›
1976 5394 2017 5448 Ε

2146 5392 2352 5447 αὐτοῦ·
2395 5411 2413 5447 ι
2467 5396 2530 5449 Ei
2565 5397 2692 5467 ἐμοὶ
2739 5397 2802 5450 ού
2847 5384 3164 5464 πιστεύετε,
3211 5403 3326 5464 τοῖς
3374 5400 3560 5471 ἔργοις
3617 5418 3725 5470 μου

463 5501 652 5544 rursus
679 5502 695 5539 :
726 5501 747 5537 ι
782 5484 840 5541 Si
868 5501 973 5541 non
1001 5483 1141 5540 iacio
1171 5497 1338 5554 opera
1367 5481 1548 5540 Patris
1583 5484 1708 5550 mei,
1751 5499 1820 5541 ne
1845 5486 2025 5542 creda-

2149 5487 2462 5542 πιστεύετε.
2501 5507 2521 5543 ι
2563 5491 2674 5544 Καὶ
2708 5491 2899 5546 πάλινο
2937 5511 2956 5546 ι
3002 5491 3066 5547 Εἰ
3097 5495 3155 5548 ού
3193 5495 3328 5549 ποιῶ
3357 5495 3427 5550 τὰ
3460 5495 3599 5564 ἔργα
3631 5494 3726 5549 τοῦ

530 5708 549 5737 ί
580 5706 740 5760 Joan.
787 5720 826 5764 ι.
856 5701 1046 5759 29-51.

459 5773 482 5805 ⁸
521 5706 740 5805 lin-Lean.
777 5701 1046 5805 ἆξεν-δι.
1145 5703 1169 5736 ³
1204 5701 1395 5762 Matth.
1444 5722 1555 5778 ινι,
1591 5707 1675 5776 l6,
1707 5711 1788 5765 l7.
1895 5712 1916 5744 ³
1943 5710 2025 5769 Ma

2128 5756 2133 5770 .
2190 5730 2318 5782 m,
2359 5714 2448 5770 55.
2553 5719 2574 5748 ι
2606 5716 2798 5773 Matth.
2847 5736 2956 5792 m,
2998 5723 3090 5778 27.
3194 5725 3214 5757 ε
3248 5725 3436 5780 Matth.
3486 5695 3598 5788 .\lll.
3636 5727 3728 5782 ιι.

510 5774 667 5829 Joan.
693 5791 745 5839 χ,
777 5775 866 5835 ⁸58.

2553 5719 2574 5748 ⁸
2606 5716 2798 5773 Matth.
2847 5736 2956 5792 ενι,
2998 5723 3090 5778 27.
