4082 6448
467 296 573 364 969
1470 307 1849 369 PANOPLIA
1889 308 2354 372 DOGMATICA.
2390 334 2460 345 —
2488 309 2635 371 TIT.
2672 311 2792 372 XV.
3616 310 3727 374 970

464 448 678 518 Πατρός
731 465 855 519 μου,
908 448 983 519 μὴ
1030 449 1317 503 πιστεύετέ
1371 468 1481 520 μοι.
1526 451 1589 503 El
1635 449 1691 502 δὲ
1741 449 1899 510 ποιῶ,
1949 447 2045 501 κᾶν

2152 449 2221 504 tis
2255 449 2409 504 mihi.
2444 448 2551 504 Sed
2589 449 2634 505 si
2671 447 2835 515 facio,
2867 460 2921 504 et
2946 449 2992 504 si
3028 449 3159 504 mihi
3189 464 3295 504 non
3323 448 3569 509 creditis,
3601 461 3730 516 ope-

462 540 588 609 ἐμοὶ
629 540 704 610 μὴ
740 541 1056 612 πιστεύητε,
1084 544 1197 605 τοῖς
1228 542 1409 613 ἔργοις
1439 560 1539 613 μου
1582 541 1881 595 πιστεύετε.
1913 560 1931 593 ι
1977 539 2045 594 Τδ

2149 539 2299 594 ribus
2329 541 2462 594 meis
2496 541 2703 595 credite
2759 534 2791 594 ¹.
2823 558 2842 590 ι
2875 538 3007 594 Cum
3047 539 3193 593 enim
3223 536 3511 593 ineffabilis
3544 536 3730 606 gloria:

464 631 572 701 γὰρ
606 633 664 683 ὲν
702 631 976 703 ἀνθρώπῳ
1023 632 1243 703 βλέπειν
1291 636 1390 705 τῆς
1425 635 1703 707 ἀφράστου
1747 634 1906 704 δόξης
1951 634 2045 704 τὴν

2148 632 2465 688 excellentia
2500 635 2552 687 in
2602 632 2825 688 homine
2869 641 3149 697 cernatur,
3194 647 3299 685 non
3347 642 3404 684 ut
3448 630 3619 683 aliena
3663 629 3732 682 ab

465 723 761 793 ὑπεροχὴν,
804 724 904 794 οὐχ
934 726 1009 789 ὡς
1037 726 1326 797 ἀλλοτρίαν
1368 728 1568 797 μᾶλλον
1596 730 1766 799 ἤγουν
1799 729 1856 781 ὲν
1886 729 2047 798 χάριο

463 830 557 876 τος
587 815 744 884 μέρει
786 819 1364 889 προσπεπορισμένην,
1405 819 1522 873 ἀλλ’
1550 820 1685 875 ίδίαν
1714 822 1897 886 αὑτοῦ,
1931 822 2048 884 πῶς

463 903 567 956 οὐκ
594 904 899 967 ἀναπείσει,
936 906 1018 959 ὄτι
1054 906 1186 970 Θεὸς
1218 903 1285 976 ἦν
1322 911 1380 962 ὲν
1416 910 1547 963 εἴδει
1590 911 1669 981 τῷ
1708 912 1829 965 καθ’
1877 914 2043 982 ἡμᾶς,

467 994 563 1048 καὶ
588 996 713 1059 Υἱὸς
752 996 967 1065 ἀληθῶς
998 997 1092 1049 τοῦ
1129 1000 1223 1051 ἐπὶ
1250 1001 1459 1064 πάντας
1483 1001 1619 1054 Θεοῦ
1645 1020 1659 1068 ;

538 1084 600 1138 Β.
653 1084 882 1140 Ἑαυτοῦ
902 1126 917 1150 ,
946 1086 1072 1157 φησὶ
1093 1128 1109 1153 ,
1151 1090 1278 1151 τοὺς
1316 1088 1582 1158 ἀγγέλους
1612 1091 1751 1146 εἶναι
1782 1094 2045 1164 διῖσχυρί-

468 1193 621 1243 σατο,
648 1176 743 1230 καὶ
768 1177 936 1230 τῶνδε
976 1177 1085 1232 τῶν
1115 1180 1358 1249 σημείων
1402 1181 1625 1250 γέγονεν
1652 1183 2040 1256 ἀποτελεστὴς,

463 1267 803 1331 ἐνοικοῦντος
850 1268 1000 1339 αὐτῷ
1043 1269 1137 1324 τοῦ
1184 1271 1390 1340 Λόγου,
1436 1273 1595 1340 δόξαν
1642 1276 1700 1329 δὲ
1748 1276 1848 1347 τὴν
1908 1277 2043 1331 ἰδίαν

463 1356 614 1428 αὐτῷ
646 1358 741 1411 καὶ
768 1358 827 1411 τὸ
852 1360 1074 1431 ἐνεργὲς
1098 1363 1544 1434 ὲκνενεμηκότος.
1567 1367 1881 1438 Γέγραπται
1912 1371 2041 1441 γὰρ,

468 1450 550 1501 ὅτι
582 1467 600 1500 ι
648 1449 858 1518 Ἰησοῦν
894 1450 986 1504 τὸν
1020 1452 1128 1505 ἀπὸ
1157 1452 1410 1525 Ναζαρὲτ
1457 1454 1533 1520 ὠς
1573 1455 1788 1528 ἔχρισεν
1818 1459 1982 1512 αὑτὸν
2013 1462 2043 1512 6

463 1540 595 1604 956;
627 1540 904 1612 Πνεύματι
930 1545 1071 1614 ἁγίῳ
1100 1546 1191 1599 καὶ
1219 1546 1467 1618 δυνάμει,
1496 1549 1554 1613 ὃς
1584 1550 1795 1622 διῆλθεν
1821 1554 2042 1624 εὐεργε-

463 1628 593 1691 τῶν,
620 1632 715 1683 καὶ
745 1631 973 1704 ἰώμενος
1002 1635 1212 1699 πάντας
1251 1639 1374 1702 τοὺς
1406 1641 2041 1713 καταδυναστευομένους

466 1719 569 1772 ὑπὸ
613 1720 708 1773 τοῦ
758 1721 1028 1776 διαϐόλου.
1067 1745 1083 1773 ι
1140 1726 1517 1798 Κεχρισμένος
1555 1726 1648 1784 οὖν
1687 1736 1782 1787 καὶ
1812 1734 2040 1806 δυνάμει

467 1810 559 1862 καὶ
590 1808 891 1880 Πνεύματι,
921 1814 1287 1884 τερατουργὸς
1314 1811 1401 1886 ἦν.

531 1904 700 1973 Φησὶν
730 1904 757 1955 6
785 1903 1059 1971 πάνσοφος
1086 1904 1293 1969 Παῦλος
1315 1920 1330 1936 ⁶
1365 1923 1382 1958 ι
1419 1905 1563 1959 Ἀλλ’
1586 1908 1718 1977 ἡμῖν
1747 1902 1827 1969 εἷς
1851 1906 1983 1972 Θεὲς
2005 1909 2034 1963 6

465 1992 675 2065 Πατὴρ,
697 1993 754 2059 ἐξ
794 1986 856 2046 οῦ
886 1994 952 2045 τὰ
986 1993 1304 2052 πάνταικαὶ
1336 1995 1495 2063 ἡμεῖς
1529 1994 1597 2047 δι’
1625 1995 1813 2061 αὐτοῦ,
1834 2000 1924 2048 καὶ
1956 1992 2037 2060 εἷς

462 2083 664 2155 Κύριος
715 2083 921 2153 Ἰησοῦς
946 2084 1203 2155 Χριστὸς,
1228 2085 1294 2138 δι’
1323 2080 1384 2141 οὗ
1419 2087 1486 2140 τὰ
1526 2089 1727 2152 πάντα,
1755 2088 1851 2140 καὶ
1876 2090 2036 2159 ἡμεῖς

461 2175 529 2227 δι’
566 2176 754 2230 αὐτοῦ.
798 2194 816 2228 ι
856 2178 978 2240 Πῶς
1034 2172 1149 2240 οὖν,
1179 2179 1299 2230 εἰπέ
1354 2196 1467 2248 μοι,
1511 2178 1581 2232 δι’
1625 2181 1919 2250 ἀνθρώπου
1971 2184 2039 2235 τὰ

461 2270 675 2337 πάντας
708 2270 935 2324 ἀνθότου
966 2271 1024 2324 δὲ
1058 2273 1155 2325 καὶ
1185 2272 1404 2340 ἀμέσως
1432 2271 1507 2336 ὡς
1544 2273 1667 2336 Tib;
1702 2274 1875 2343 Πατρὶ
1913 2292 2039 2327 συν-

456 2362 740 2428 τάττεται,
775 2362 1206 2431 μεσολαϐοῦντος
1257 2365 1514 2431 οὐδενός;
1566 2363 1696 2420 Εἶτα
1730 2367 1853 2420 ὅποι
1908 2368 2040 2419 ποτὲ

455 2454 551 2508 τὸν
580 2454 863 2523 Μονογενῆ
891 2454 1132 2528 θήσομεν
1158 2459 1237 2519 εἰς
1262 2458 1354 2513 τὸν
1382 2458 1548 2512 αὑτοῦ
1582 2459 1743 2513 τόπον
1773 2459 2039 2515 ἀναϐιϐά-

458 2550 644 2613 ζοντες
673 2548 765 2601 τὸν
798 2548 1108 2620 ἄνθρωπον,
1138 2551 1440 2618 καὶτοῦτο,
1480 2552 1626 2607 καθά
1657 2570 1845 2625 φησιν,
1880 2555 2037 2626 ἐνερ-

460 2639 729 2710 γούμενον
753 2639 885 2711 παρ’
916 2640 1107 2706 αὐτοῦ,
1132 2644 1226 2696 καὶ
1247 2642 1315 2696 δι’
1340 2643 1504 2697 αὐτὸν
1526 2648 1874 2715 τιμώμενονς
1905 2642 2038 2717 Ἆρ’

460 2731 561 2784 οὐκ
597 2731 867 2803 ἐκϐέϐηκε
896 2733 958 2787 τὸ
988 2733 1134 2799 εἰκὸς
1166 2736 1194 2789 6
1220 2734 1380 2803 λόγος
1409 2738 1630 2803 αὐτοῐςς
1660 2739 1759 2790 οὐκ
1796 2738 1902 2804 ἔξω
1932 2742 2036 2806 cpe:-

461 2842 616 2895 ρεται
676 2826 916 2891 σκοποῦ,
972 2828 1068 2881 καὶ
1120 2826 1194 2893 ὡς
1244 2830 1348 2899 τῆς
1407 2832 1667 2902 ἀληθείας
1718 2830 2029 2905 ὁλοτρὸπως

458 2919 821 2990 ἡμαρτηκὼς,
854 2920 1061 2993 γελῷτο
1094 2924 1161 2978 ἂν
1197 2925 1451 2990 ἑνδίκως;

2151 724 2266 792 ipso
2316 732 2407 777 aut
2445 738 2542 790 per
2577 723 2809 791 gratiam
2856 722 3074 786 collata,
3130 723 3224 776 sed
3264 721 3480 791 prepria
3533 719 3729 789 ipsius,

2147 813 2418 881 quomodo
2458 829 2562 866 non
2605 813 2929 879 persuadeat
2979 811 3135 866 nobis
3165 812 3307 879 quod
3355 811 3492 863 Deus
3527 820 3646 863 erat
3677 807 3728 860 in

2150 905 2320 956 forma
2359 914 2561 958 nostra:
2595 906 2756 957 simili
2791 914 2843 958 ct
2873 903 3043 956 Filius
3075 918 3198 957 vere
3229 904 3463 972 supremi
3498 901 3624 956 Dei?

2222 1084 2278 1136 Β.
2315 1082 2475 1149 Suos,
2505 1084 2771 1153 inquiunt,
2807 1083 3023 1153 angelos
3052 1096 3174 1137 esse
3204 1082 3361 1148 dixit,
3390 1088 3445 1135 et
3471 1074 3728 1135 miracula

2144 1174 2337 1240 edidit,
2372 1176 2443 1230 ob
2490 1175 2798 1231 inhabitans
2836 1177 2887 1229 in
2921 1190 2980 1231 se
3015 1172 3246 1229 Verbum
3268 1212 3283 1238 ,
3315 1173 3537 1243 gloriam
3571 1186 3726 1228 suam

2143 1274 2199 1321 et
2234 1267 2341 1321 vim
2373 1278 2534 1335 atque
2561 1266 2853 1323 etiicaciam
2888 1268 2992 1337 ipsi
3024 1267 3290 1323 tribuens.
3343 1266 3618 1336 Scriptum
3646 1274 3727 1321 est

2143 1360 2332 1413 enim:
2391 1379 2411 1412 ι
2472 1359 2657 1415 Jesum
2714 1359 3084 1425 Nazarenam,
3143 1360 3300 1414 unxit
3362 1360 3537 1428 ipsum
3588 1356 3727 1410 Deus

2145 1451 2349 1520 Spiritu
2369 1462 2555 1507 sancto
2571 1463 2627 1506 et
2648 1453 2865 1514 virtute.
2890 1462 2944 1507 et
2966 1453 3216 1509 transivit
3230 1451 3424 1519 juvans
3448 1458 3501 1506 et
3528 1465 3727 1506 sanans

2142 1558 2332 1598 omnes
2384 1544 2637 1599 obsessos
2668 1559 2697 1598 a
2733 1543 2946 1599 diabolo
2999 1540 3042 1597 ’.
3076 1561 3094 1594 ι
3134 1542 3337 1600 Unctus
3395 1543 3574 1608 itaque
3619 1541 3727 1594 vir-

2147 1644 2259 1687 tute
2290 1645 2344 1689 et
2374 1633 2600 1703 Spiritu,
2632 1634 2889 1688 miracula
2927 1633 3136 1688 edebat.

2215 1906 2306 1960 Ait
2366 1906 2805 1976 sapientissimus
2856 1907 3100 1962 Paulus:
3142 1925 3160 1955 ‹
3200 1906 3303 1961 Sed
3363 1906 3521 1961 nobis
3576 1923 3719 1963 unus

2148 1997 2289 2054 Deus
2347 1996 2529 2065 Pater,
2589 2015 2656 2054 ex
2703 2016 2812 2068 quo
2846 2001 3053 2057 omnia.
3101 2009 3155 2054 et
3190 2015 3290 2055 nos
3338 2014 3407 2053 ex
3470 2001 3586 2070 ipso
3619 2019 3631 2057 :
3669 2011 3724 2053 et

2148 2107 2289 2147 unus
2338 2090 2597 2147 Dominus
2653 2089 2812 2148 Jesus
2857 2092 3149 2157 Christus,
3194 2106 3291 2161 per
3318 2107 3479 2163 quem
3512 2094 3717 2155 omnia,

2146 2191 2197 2236 et
2251 2196 2348 2237 nos
2399 2198 2496 2252 per
2527 2183 2704 2253 ipsum
2733 2185 2774 2239 ³.
2811 2204 2829 2235 ι
2880 2184 3168 2251 Quomodo
3226 2185 3410 2256 igitur,
3468 2185 3720 2248 obsecro,

2147 2290 2242 2342 per
2289 2274 2565 2329 hominem
2618 2286 2748 2331 sunt
2804 2276 3028 2331 omnia?
3081 2292 3243 2347 quam
3300 2293 3427 2332 vero
3461 2277 3531 2332 ob
3587 2293 3721 2332 cau-

2144 2380 2259 2419 sam
2314 2366 2626 2423 immediate
2689 2378 2747 2423 ut
2802 2368 2970 2424 Filius
3024 2368 3170 2423 Patri
3218 2370 3571 2441 adjungitur,
3624 2384 3722 2422 ne-

2146 2457 2287 2513 mine
2314 2457 2760 2514 interveniente?
2792 2460 2988 2515 deinde
3017 2460 3241 2516 ubinam
3275 2461 3494 2516 tandem
3512 2460 3718 2529 Unige-

2139 2565 2309 2620 nitum
2360 2558 2781 2625 collocahimus,
2814 2557 2858 2613 si
2910 2556 3183 2613 hominem
3240 2556 3291 2611 in
3328 2555 3497 2625 ipsius
3546 2555 3720 2611 locum

2141 2655 2418 2709 evehimus
2453 2666 2468 2717 ;
2503 2659 2557 2705 et
2584 2648 2838 2720 quidem,
2873 2657 2931 2702 ut
2960 2647 3061 2717 ipsi
3091 2646 3272 2704 volunt
3295 2687 3310 2710 ,
3342 2647 3394 2701 vi
3435 2662 3497 2701 ac
3521 2648 3721 2702 virtute
3808 2690 3815 2693 .

2140 2749 2206 2800 ab
2234 2746 2349 2813 ipso
2378 2741 2685 2812 insignitum
2706 2781 2723 2808 ,
2750 2739 3026 2809 gloriaque
3078 2754 3173 2809 per
3222 2739 3392 2808 ipsum
3422 2738 3670 2795 affectum
3698 2740 3722 2795 ?

2146 2840 2295 2892 Anne
2323 2833 2414 2888 tibi
2445 2832 2656 2889 illorum
2686 2832 2922 2887 rationes
2956 2830 3199 2885 absurda:
3227 2838 3280 2885 et
3306 2847 3334 2883 a
3364 2845 3527 2898 secpo
3559 2834 3717 2886 alter-

2143 2934 2353 2988 rantes,
2392 2933 2553 2991 atque
2591 2922 2725 2975 adeo
2762 2938 2791 2973 a
2830 2920 3058 2975 veritate
3103 2935 3326 2990 prorsus
3364 2921 3581 2987 alienae,
3610 2922 3717 2977 risu

2146 3017 2338 3071 merito
2376 3014 2707 3084 excipiendae
2747 3011 3028 3067 videntur?

536 3096 593 3149 Β.
625 3093 966 3165 Ἀνθρωπος,
992 3094 1221 3164 (malm?)
1244 3094 1337 3146 τοῦ
1370 3092 1504 3148 Θεοῦ
1533 3097 1702 3164 Λόγος
1726 3098 2037 3168 ὠνόμασται

2205 3107 2266 3162 Β.
2304 3105 2533 3161 Verbum
2568 3105 2695 3169 Dei,
2730 3104 3011 3174 inquiunt,
3050 3113 3272 3158 vocatur
3308 3104 3500 3167 homo,
3536 3102 3717 3172 hujus-

463 3184 603 3239 κατά
640 3182 840 3236 τοιόνδε
872 3182 995 3236 τινὰ
1026 3182 1247 3255 τρόπον.
1278 3184 1490 3255 Ὥσπερ
1518 3187 1625 3259 γὰρ
1655 3190 1682 3241 6
1714 3190 1843 3260 παρ’
1874 3191 2039 3245 αὑτοῦ

2142 3198 2340 3254 cemodi
2364 3198 2598 3266 quadam
2628 3194 2853 3249 ratione.
2885 3192 3348 3260 Quemadmodum
3376 3195 3519 3247 enim
3554 3193 3716 3247 homo

459 3276 683 3347 most;
719 3276 1043 3348 ἄνθρωπος,
1090 3277 1349 3348 ἐγεννήθη
1403 3278 1501 3349 μὲν
1549 3280 1606 3331 ὲν
1658 3277 1904 3352 Βηθλεὲμ
1941 3283 2041 3353 τῆς

471 3370 751 3435 Ἰουδαίας,
800 3369 1014 3439 εἴρηται
1045 3367 1102 3421 δὲ
1130 3368 1469 3440 Ναζωραῖος,
1492 3370 1579 3424 διὰ
1602 3371 1662 3424 τὸ
1688 3373 1909 3443 οἰκῆσαι
1940 3374 2040 3444 τὴν

461 3463 738 3531 Ναζαρὲτ,
772 3462 915 3515 οὕτω
943 3460 1038 3515 καὶ
1066 3462 1094 3515 6
1117 3460 1249 3523 Θεὸς
1290 3461 1479 3529 Λόγος,
1525 3462 1808 3533 ἄνθρωπος
1836 3464 2036 3535 ὀνομά-

459 3552 635 3618 ζεται,
665 3551 755 3604 διὰ
790 3552 849 3604 τὸ
872 3550 1196 3620 κατοικῆσαι
1228 3551 1286 3602 ὲν
1315 3548 1605 3621 ἀνθρώπῳ.

531 3647 595 3697 Α.
634 3645 698 3696 Ὢ
745 3642 943 3713 φρενὸς
972 3641 1391 3712 γραοπρεποῦς,
1428 3643 1521 3695 καὶ
1547 3641 1639 3696 νοῦ
1678 3645 2034 3715 παρειμένον,

462 3739 557 3793 καὶ
571 3734 917 3807 βατταρίζειν
940 3733 1162 3796 εἰδότος,
1180 3734 1272 3785 καὶ
1289 3732 1475 3803 ἕτερον
1501 3732 1676 3787 οὐδέν.
1701 3734 2031 3806 Ἐκνήψατε,

461 3832 511 3885 oi
562 3828 874 3900 μεθύοντες,
912 3824 973 3890 ἐξ
998 3824 1141 3879 οἴνου
1176 3824 1389 3891 αὐτῶν,
1423 3824 1762 3894 ἐπιφωνείτω
1805 3845 1890 3891 τις
1926 3832 2038 3893 τοῖς

462 3920 784 3983 διεναντὶας,
817 3917 869 3970 τί
903 3915 1313 3988 παραϐιάζεσθε
1341 3915 1592 3987 τάληθὲς,
1618 3918 1715 3970 καὶ
1743 3919 1851 3971 τῶν
1879 3920 2036 3977 θείων

464 4014 747 4083 δογμάτων
782 4012 877 4081 τὴν
909 4010 1138 4081 δύναμιν
1183 4009 1629 4078 παρευθύνοντες,
1664 4009 1766 4076 ἔξω
1806 4013 2037 4085 φέρεσθε

464 4108 653 4176 τρίϐου
693 4109 793 4174 τῆς
834 4103 1158 4174 βασιλικῆςς
1203 4102 1398 4168 Γέγονε
1425 4100 1534 4170 γὰρ
1561 4139 1576 4166 ,
1612 4098 1687 4162 ὡς
1712 4098 1910 4161 ἔοικεν,
1950 4097 2049 4152 οὐκ

465 4198 543 4251 ἔτι
579 4198 682 4267 μὲν
717 4195 854 4267 σὰρξ
884 4196 912 4247 6
943 4196 1115 4262 Λόγος
1146 4193 1285 4246 κατὰ
1309 4192 1405 4255 τὰς
1450 4191 1671 4262 Γραφὰς
1699 4232 1713 4256 ,
1760 4190 2050 4262 ἀνθρωπο-

464 4287 688 4357 πολίτης
721 4286 778 4339 δὲ
819 4285 1040 4357 μᾶλλον,
1079 4284 1173 4337 καὶ
1200 4278 1267 4356 ἦν
1307 4283 1599 4336 ἀκόλουθον
1636 4280 1796 4335 αὑτὸν
1843 4279 2053 4350 ἀνθρωο

2134 3290 2223 3360 qui
2285 3288 2353 3344 ab
2418 3291 2530 3357 ipso
2569 3300 2875 3355 assumptus
2918 3296 3001 3342 est
3042 3296 3202 3342 natus
3264 3287 3479 3357 quidem
3523 3295 3607 3340 est
3664 3285 3717 3340 in

2139 3383 2450 3437 Bethlehem
2479 3379 2674 3434 ludar-ce
2717 3380 2739 3410 δ
2802 3399 2814 3433 :
2864 3379 3040 3436 dictus
3069 3391 3246 3437 autem
3292 3389 3375 3435 est
3408 3376 3716 3443 Nazaraeus,

2140 3475 2280 3544 quod
2309 3473 2362 3527 in
2403 3470 2671 3527 NaZarellt
2717 3472 2985 3528 habitaret
3009 3472 3030 3504 '
3088 3489 3103 3538 ;
3142 3472 3213 3528 ita
3241 3484 3294 3527 et
3322 3470 3460 3527 Deus
3484 3468 3720 3527 Verbum

2144 3574 2363 3619 vocatur
2394 3563 2573 3627 homo,
2608 3563 2731 3632 quia
2771 3561 3036 3617 inhabitat
3061 3562 3113 3617 in
3145 3561 3381 3617 homine.

2195 3654 2310 3710 A.O
2328 3654 2485 3708 anilia
2502 3664 2828 3720 commenta,
2847 3669 3131 3723 merasque
3146 3668 3336 3725 nugas,
3356 3652 3543 3720 verba,
3560 3667 3721 3708 voces

2146 3760 2514 3819 praetereaque
2544 3748 2708 3800 nihili
2740 3745 3021 3817 Evigilate,
3053 3749 3350 3811 temulenti,
3379 3761 3445 3802 ex
3476 3747 3597 3801 vino
3623 3762 3720 3801 ve-

2146 3847 2280 3900 stro,
2304 3836 2497 3890 merito
2511 3835 2630 3906 quis
2654 3836 3213 3892 hmrelitisocclamet.
3232 3837 3369 3905 Quid
3571 3837 3721 3901 veri-

2148 3928 2241 3982 tati
2273 3928 2381 3981 vim
2412 3924 2669 3982 infertisi
2711 3939 2766 3983 et
2796 3927 3099 3983 divinorum
3125 3929 3431 3998 dogmatum
3464 3928 3720 3983 virtutem

2143 4020 2537 4083 subvertentes,
2568 4034 2599 4072 a
2622 4020 2704 4073 via
2735 4018 2879 4087 regia
2898 4016 3180 4073 deﬂectitis
3205 4015 3431 4086 ?Neque
3470 4016 3638 4079 enim.
3664 4025 3723 4071 ut

2135 4104 2370 4168 videtur,
2391 4099 2625 4157 Verbum
2645 4117 2773 4156 raro
2794 4100 2990 4154 factum
3006 4109 3107 4164 est,
3125 4102 3217 4154 sed
3246 4101 3423 4172 potius
3443 4100 3731 4171 ἀνθρωπο-

2139 4193 2386 4262 πολίτης,
2404 4193 2505 4246 hoc
2533 4204 2635 4258 est,
2658 4191 2896 4247 hominis
2919 4191 3118 4256 incola,
3135 4202 3190 4247 et
3217 4191 3545 4247 conveniens
3565 4192 3727 4247 fuerit

2141 4285 2285 4337 iilum
2314 4299 2417 4338 non
2446 4283 2717 4337 hominem
2742 4283 2835 4338 sed
2872 4284 3167 4337 humanum
3193 4297 3385 4338 vocare
3419 4301 3431 4336 :
3470 4283 3728 4350 quemad-

466 4382 621 4432 παῖον
672 4378 893 4449 μᾶλλον,
936 4378 1036 4431 οὐκ
1063 4375 1347 4447 ἄνθρωπον
1373 4372 1761 4442 ὀνομάζεσθαι,
1800 4371 2045 4443 καθάπερ

2146 4375 2365 4429 modum
2381 4382 2435 4428 et
2456 4374 2547 4444 qui
2565 4372 2837 4429 Nazareth
2855 4372 3181 4429 inhabitavit
3207 4372 3523 4429 Nazarcnns
3552 4376 3725 4428 dictus

467 4473 660 4542 ἀμέλει
701 4472 794 4526 καὶ
826 4474 853 4525 6
888 4470 1225 4541 κατοικήσας
1264 4468 1363 4538 τὴν
1409 4464 1696 4536 Ναζαρὲτ,
1731 4464 2054 4535 Ναζωραῖος

468 4567 815 4637 ὠνόμασται,
846 4564 942 4617 καὶ
966 4565 1025 4616 οὐ
1068 4561 1340 4629 Ναζαρέτ.
1385 4561 1571 4631 Εῐργει
1603 4558 1681 4623 δὲ,
1710 4554 1886 4629 οἶμαι,
1921 4574 2057 4609 παν-

471 4656 642 4719 τελῶς
674 4655 848 4720 οὐδὲν,
872 4653 1030 4725 εἴπερ
1065 4647 1123 4706 εὖ
1158 4652 1302 4722 ἔχειν
1334 4650 1535 4704 οἴονται
1565 4648 1627 4701 τὸ
1659 4648 1842 4717 σφίσιν
1871 4647 2056 4709 αὐτοῖς

471 4743 746 4806 ἀσυνέτως
791 4741 1177 4813 ἐξευρημένον,
1212 4738 1505 4811 ἄνθρωπον
1550 4736 1914 4808 ὀνομάζεσθαι
1959 4736 2057 4787 σὺν

474 4834 589 4905 mp
629 4835 720 4888 τὸν
771 4834 993 4904 Πατέρα
1034 4833 1131 4887 καὶ
1159 4832 1380 4903 προσέτι
1428 4830 1488 4885 τὸ
1526 4820 1749 4900 Πνεῦμα
1790 4829 1851 4881 τὸ
1883 4829 2058 4893 ἆγιον.

476 4928 736 4980 Κατοικεῖ
766 4928 870 4999 γὰρ
900 4927 957 4981 ὲν
988 4927 1119 4997 ημῖν
1157 4923 1245 4978 διὰ
1271 4922 1367 4978 τοῦ
1400 4922 1736 4994 Πιιεύματος,
1775 4920 1873 4990 τῆς
1899 4920 2061 4988 ἁγίας

475 5038 534 5072 τε
569 5021 662 5074 καὶ
701 5019 990 5091 ὀμοουσίου
1022 5018 1251 5089 Τριάδος
1299 5017 1361 5070 τὸ
1392 5016 1685 5087 πλήρωμα.
1722 5015 1832 5069 Καὶ
1865 5012 1996 5082 γοῦν
2035 5012 2063 5063 6

480 5112 687 5177 Παῦλός
720 5129 907 5184 φησιν’
945 5132 963 5165 ι
996 5113 1111 5166 Οὐκ
1137 5111 1315 5164 οἴδατε
1344 5111 1426 5163 ὅτι
1460 5110 1587 5173 ναὸς
1620 5107 1755 5161 Θεοῦ
1785 5111 1929 5170 ἐστε,
1963 5105 2058 5159 καὶ

478 5204 537 5257 τὸ
586 5205 811 5275 Πνεῦμα
856 5205 950 5259 τοῦ
990 5203 1128 5259 Θεοῦ
1155 5204 1402 5257 κατοικεῖ
1442 5204 1501 5256 ὲν
1544 5201 1706 5270 ὑμῖν;
1745 5219 1761 5250 ι
1808 5198 1917 5252 Καὶ
1961 5197 2066 5270 μὴν

479 5298 573 5351 καὶ
603 5298 766 5361 αὐτὸς
784 5301 812 5352 ό
836 5299 1071 5371 Χριστὸς
1090 5342 1105 5365 ,
1133 5317 1150 5349 ι
1176 5298 1303 5351 Ἐάν
1328 5314 1412 5360 τις
1442 5294 1634 5365 ἀγαπᾷ
1666 5311 1754 5365 με.
1790 5292 1881 5345 τὸν
1910 5292 2069 5361 λόγον

2141 4475 2243 4529 est,
2283 4480 2386 4518 non
2416 4462 2709 4517 Nazareth.
2739 4462 2994 4531 Quinimo
3013 4462 3144 4517 nihil
3177 4478 3398 4532 prorsus
3428 4464 3724 4526 obstiterit,

2142 4558 2187 4611 si
2230 4565 2593 4612 commentum
2628 4554 2839 4607 illorum
2873 4570 3058 4609 verum
3089 4564 3203 4617 est,
3244 4555 3515 4607 hominem
3547 4555 3727 4609 vocari

2143 4664 2245 4702 una
2279 4664 2397 4702 cum
2418 4646 2555 4700 Filio
2569 4646 2730 4701 etiam
2757 4643 2971 4699 Patrem
2992 4654 3044 4696 et
3066 4642 3328 4712 Spiritmn
3349 4645 3725 4698 sanctum.lla-

2139 4740 2275 4793 bitat
2302 4738 2445 4794 enim
2479 4737 2531 4791 in
2562 4735 2718 4790 nobis
2750 4749 2845 4805 per
2875 4734 3159 4804 Spiritum,
3188 4745 3393 4788 sancta:
3421 4743 3476 4787 et
3500 4736 3733 4789 consub-

2138 4832 2403 4888 Stautialis
2422 4828 2705 4883 Trinitatis
2729 4824 3189 4896 plcnitudo.Uude
3212 4835 3265 4880 et
3295 4825 3489 4880 Paulus
3513 4827 3687 4897 inquit
3717 4843 3731 4881 :

2144 4945 2163 4977 ι
2203 4924 2281 4979 An
2332 4923 2557 4979 nescitis
2593 4921 2731 4991 quod
2769 4920 3024 4988 templum
3059 4920 3153 4972 Dei
3211 4920 3370 4986 estis,
3412 4929 3465 4975 et
3500 4919 3736 4990 Spiritus

2140 5018 2235 5074 Dei
2271 5017 2530 5071 inhabitat
2560 5016 2612 5070 in
2647 5013 2798 5070 vobis
2854 5013 2874 5042 ⁸
2907 5011 2930 5067 ?
2960 5031 2977 5064 ι
3024 5012 3161 5078 Quin
3194 5022 3249 5068 et
3307 5012 3542 5083 ipsemet
3575 5012 3734 5068 Chri-

2140 5121 2257 5166 stus
2286 5124 2301 5162 :
2337 5129 2355 5161 ι
2391 5107 2447 5164 Si
2482 5108 2599 5178 quis
2621 5116 2767 5161 amat
2798 5121 2903 5169 me,
2936 5120 3244 5160 sermonem
3278 5119 3455 5159 meum
3480 5107 3733 5164 servabit.

2140 5208 2193 5255 et
2210 5199 2371 5255 Pater
2409 5214 2559 5252 meus
2584 5197 2764 5267 diliget
2794 5211 2954 5263 eum,
2980 5205 3033 5251 et
3056 5196 3361 5264 veniemus,
3394 5211 3459 5252 ac
3498 5199 3735 5251 mansio-

2144 5306 2265 5346 nem
2306 5290 2446 5360 apud
2472 5306 2593 5344 eum
2628 5288 2889 5345 faciemus
2958 5290 3000 5343 ⁷.
3042 5306 3061 5341 ι
3104 5288 3369 5344 Caeterum
3402 5287 3565 5344 Pater
3594 5287 3737 5342 nulla

485 5409 586 5461 μου
615 5394 870 5465 τηρήσει,
903 5393 997 5447 καὶ
1022 5393 1050 5445 6
1080 5392 1271 5463 Πατήρ
1313 5408 1414 5461 μου
1447 5389 1728 5459 ἀγαπήσει
1757 5387 1939 5449 αὑτὸν,
1976 5403 2045 5439 κα

2146 5383 2354 5438 ratione
2397 5383 2572 5438 dictus
2614 5392 2700 5437 est
2751 5382 2946 5443 homo,
2991 5386 3178 5435 utnec
3222 5380 3457 5450 Spiritus
3492 5391 3735 5443 sanctus,

486 5487 840 5552 ἐλευσόμεθα,
890 5487 986 5539 καὶ
1035 5485 1204 5555 μονὴν
1269 5484 1400 5552 παρ’
1438 5482 1588 5550 αὐτῷ
1642 5478 2001 5551 ποιησόμεθα.
2050 5496 2067 5527 ι

549 5638 565 5669 ¹
599 5637 756 5692 Jnan.
782 5653 834 5699 ς,
867 5635 955 5691 57.

476 5724 585 5765 xw.
629 5710 716 5762 '23.

796 5804 1065 5862 ΡΑτιιοι.
1108 5799 1227 5859 GR.
1271 5796 1435 5856 CX.\
1451 5796 1529 5858 Χ.

1034 5634 1054 5663 ¹
1075 5632 1196 5688 Act.
1221 5649 1276 5696 λ,
1308 5628 1396 5685 58.
1475 5631 1496 5662 ³
1536 5628 1551 5681 1
1582 5627 1712 5684 Cor.
1739 5642 1856 5690 vm,
1887 5624 1941 5679 6.

2029 5625 2047 5657 ⁸
2078 5625 2267 5683 Matth.
2309 5641 2363 5690 ιι,
2399 5626 2447 5679 5.
2525 5625 2544 5656 ⁵
2572 5628 2710 5683 Luc.
2738 5644 2794 5695 lt,
2825 5629 2913 5683 5i.

2145 5473 2268 5543 quia
2298 5473 2349 5527 in
2398 5471 2554 5527 nobis
2589 5470 2920 5527 habitarunt.
2974 5471 3080 5525 Sed
3112 5472 3341 5524 irrident
3374 5471 3458 5525 isti
3490 5472 3741 5525 incarna-

2989 5630 3009 5659 ⁸
3035 5629 3055 5683 l
3086 5628 3213 5685 Cor.
3242 5646 3324 5698 ιιι,
3362 5631 3452 5689 16;
3529 5630 3551 5665 ⁷
3574 5632 3738 5689 JOan.

3295 5794 3363 5853 3i
