4082 6438
324 281 438 355 tm
1681 281 2071 353 EUTHYMII
2111 283 2492 358 nossem
3499 278 3608 365 972

333 425 496 482 tionis
528 419 843 495 mySterium
870 422 1006 477 adeo
1043 429 1186 475 recta
1210 421 1372 490 atque
1399 417 1700 473 veneranda
1744 416 1927 474 Eccle-

2049 426 2187 481 Ἀλλ’
2216 427 2430 500 εἴρηται
2463 429 2562 500 μὲν
2597 431 2849 501 οὐδαμῶς
2879 431 3166 505 ἄνθρωπος
3195 439 3224 489 6
3258 431 3470 508 Πατὴρ,
3494 435 3620 492 οὒτε

335 519 430 572 site
473 515 726 586 dogmata
772 513 839 569 ad
873 514 1167 569 absurdum
1201 507 1604 580 deterqueutcs.
1643 510 1711 566 At
1744 519 1926 565 nostra

2044 514 2146 586 μὴν
2174 517 2234 569 τὸ
2255 517 2485 588 Πνεῦμα
2516 518 2575 572 τὸ
2601 520 2780 588 ἅγιον,
2823 521 2911 577 διὰ
2939 523 2999 576 τὸ
3031 527 3313 580 κατοικεῖν
3360 507 3430 580 έν
3464 529 3619 597 ἡμῖν.

336 625 553 665 rursum
603 609 860 679 procedat
904 605 1112 672 oratio,
1154 603 1372 659 omissis
1422 603 1634 657 illorum
1691 602 1924 659 deliriis.

2044 607 2240 660 Γελῶσι
2279 609 2338 662 δὲ
2365 603 2512 664 οὗτοι
2539 611 2637 681 τῆς
2673 611 3144 686 ὲνανθρωπήσεως
3188 617 3250 668 τὸ
3297 614 3622 690 μυστήριον.

337 701 395 756 Si
420 691 564 757 enim
601 700 722 756 ideo
753 696 1008 752 miracula
1039 697 1207 752 edidit
1227 736 1242 760 ,
1273 694 1396 765 quia
1426 693 1661 751 Verbum
1701 694 1757 750 in
1804 694 1924 766 ipso

2044 699 2458 770 περιτρέποντες
2504 705 2584 765 εἰς
2629 702 2692 756 τὸ
2738 703 2953 774 ἀπηχὲς
3012 704 3082 758 τὰ
3127 703 3303 768 οὕτως
3342 705 3481 777 ὀρθὰ
3527 706 3624 759 καὶ

336 803 494 860 erat,
525 807 687 845 unum
725 789 952 858 aliquem
995 796 1304 843 sanctorum
1333 785 1716 856 prophetarum
1745 785 1924 856 ipsum

2044 787 2365 855 ὶξιάκουστα
2394 792 2840 867 τῆςἘκκλησίας
2866 795 3133 866 δόγματα.
3160 795 3307 868 Πλὴν
3332 797 3433 851 ἴτω
3461 797 3625 851 πάλιν
3697 823 3700 827 ~

337 899 458 940 esse
487 891 750 938 statuunt.
798 878 933 933 Nam
961 889 1015 934 et
1043 873 1301 932 miracula
1329 892 1428 947 per
1468 891 1660 933 manus
1695 877 1930 948 prophe-

2044 882 2164 953 ήμῖν
2213 881 2354 936 κατὰ
2399 883 2529 955 ῥοῦν
2569 885 2596 938 ό
2639 885 2832 954 λόγος,
2884 889 2997 949 τοῖς
3039 886 3266 940 ἐκείνων
3301 887 3520 958 ὲμετοῖς
3565 886 3626 940 τὺ

340 984 516 1028 tarum
547 972 735 1028 edidit.
792 969 847 1026 Si
878 985 1006 1024 vero
1046 971 1097 1023 in
1134 968 1219 1024 bis
1253 968 1446 1023 Filium
1495 976 1765 1030 statuunt,
1800 982 1928 1036 pro-

337 1057 566 1140 phetica:
619 1065 732 1120 Sive
755 1053 760 1056 ’
787 1055 1095 1134 apo'Stolic'ae
1132 1055 1456 1116 conditionis
1484 1058 1663 1130 ipsum
1701 1057 1927 1114 fa‘ciuut.

2033 974 2246 1042 χαιρεϊν
2276 971 2468 1027 εἰπών.
2501 974 2566 1029 Ei
2595 974 2725 1045 γὰρ,
2750 974 2983 1045 ἐπείπερ
3010 971 3078 1046 ἦν
3107 978 3136 1029 6
3161 975 3336 1044 Λόγος
3366 978 3424 1029 ἐν
3452 974 3622 1047 αὐτῷ,

2037 1062 2285 1133 σημείων
2329 1063 2554 1134 γέγονεν
2589 1066 2980 1137 ἀποτελεστὴς,
3029 1067 3125 1120 ἕνα
3173 1063 3298 1121 πουι
3321 1067 3463 1138 τάχα
3516 1067 3624 1120 τῶν

339 1161 511 1230 ἁγίων
549 1149 843 1231 προφητῶν
897 1145 1063 1244 φασιν
1111 1154 1295 1208 αὐτόν.
1345 1148 1654 1226 Ἐνήργηκε
1693 1152 1803 1225 γὰρ
1841 1152 1930 1208 διὰ
1970 1156 2153 1227 χειρὸς
2198 1157 2370 1227 ἁγίων
2438 1160 2538 1222 τὰς
2572 1158 2893 1231 θεοσημεας.
2941 1158 3004 1212 Et
3035 1157 3092 1213 δὲ
3121 1160 3178 1213 ὲν
3242 1158 3452 1224 τούτοις
3479 1155 3624 1214 εἷναί

340 1275 475 1330 φασι
518 1256 609 1311 τὸν
644 1251 792 1322 Υἱὸν,
841 1255 900 1308 έν
953 1253 1314 1325 προφητικοῖς
1363 1250 1527 1304 αὐτὸν
1576 1251 1744 1322 ήγουν
1793 1251 2169 1318 ἀποστολικοῖς
2201 1256 2629 1327 κατακομίζουσι
2660 1253 2902 1327 μέτροις.

410 1355 472 1410 Β.
499 1352 690 1408 Nonne
723 1352 890 1415 enim,
925 1350 1211 1418 inquiunt,
1247 1347 1425 1402 dictus
1456 1355 1538 1402 est
1584 1347 1844 1417 preplieta
1877 1355 1931 1404 et

339 1443 615 1518 apostolus
642 1444 665 1498 ?
695 1433 1064 1520 Neque‘cnim
1101 1439 1325 1494 falleris.

413 1531 480 1592 Α.
513 1535 724 1606 Moyses
753 1533 972 1602 quidem
1000 1521 1136 1588 dixit
1159 1531 1223 1587 iis
1252 1531 1342 1602 qui
1371 1536 1529 1585 erant
1570 1543 1637 1586 ex
1669 1530 1931 1601 sanguine

341 1629 509 1687 Israel
543 1644 555 1681 :
592 1646 610 1679 ι
648 1626 975 1697 Pr0phetam
1003 1625 1156 1680 vobis
1191 1624 1478 1679 suscitabit
1503 1619 1763 1677 Dominus
1794 1623 1935 1678 Deus

2114 1349 2172 1403 Β.
2188 1350 2262 1402 Οὐ
2288 1350 2397 1420 γὰρ
2427 1349 2666 1422 εἴρηται,
2686 1351 2840 1421 φασὶ,
2867 1347 3154 1422 προφήτης
3175 1348 3267 1408 καὶ
3297 1347 3622 1414 ἀπόστολος;

2038 1441 2138 1496 οὐκ
2164 1442 2230 1496 ἂν
2253 1441 2595 1512 διαψεύσαιο.

2109 1537 2175 1589 Α.
2227 1535 2288 1588 '0
2316 1518 2522 1606 Μωσῆς
2572 1533 2670 1604 μὲν
2704 1533 2807 1605 ἔφη
2854 1535 2967 1598 τοῖς
3016 1533 3074 1600 ἐξ
3109 1533 3342 1603 αἵματος
3384 1530 3623 1600 Ἰσραήλ⁹

2047 1646 2067 1681 ι
2103 1629 2396 1702 Προφήτην
2428 1627 2557 1698 ὑμῖν
2595 1628 2894 1698 ἀναστήσει
2938 1625 3144 1696 Κύριος
3169 1625 3198 1676 6
3224 1623 3354 1686 Θεὸς
3379 1623 3534 1693 ὑμῶν
3564 1623 3628 1674 ἐκ

343 1732 525 1776 vester
556 1734 619 1774 ex
658 1717 916 1773 fratribus
960 1717 1190 1784 vestris,
1226 1716 1366 1771 sicut
1408 1729 1491 1768 me
1565 1713 1603 1768 ί.
1641 1732 1659 1766 ι
1715 1713 1852 1781 Quin
1885 1724 1940 1769 et

2044 1721 2150 1774 τῶν
2189 1719 2434 1790 ἀδελφῶν
2479 1719 2665 1791 ὑμῶν,
2712 1719 2786 1783 ὼς
2825 1717 2947 1789 ὲμέ.
2983 1737 3002 1770 ι
3045 1718 3297 1788 Γέγραφε
3345 1717 3402 1768 δὲ
3456 1715 3552 1768 καὶ
3599 1717 3628 1768 6

345 1812 559 1867 divinus
628 1808 825 1864 Paulus
887 1807 1118 1864 scribit:
1161 1825 1179 1857 ι
1229 1806 1441 1871 Uude,‘
1478 1806 1676 1860 fratres
1741 1806 1938 1872 sancti,

344 1893 644 1973 vacationis
659 1897 896 1953 caelestis
911 1895 1232 1965 participes,
1259 1894 1601 1950 considerate
1639 1879 1939 1964 apostolum

343 1997 400 2048 et
429 1985 736 2060 pontificem
765 1987 1121 2044 confessionis
1160 1994 1359 2043 nostra:
1388 1983 1571 2040 Jesum
1621 1981 1662 2038 ⁸.
1700 2003 1719 2036 ι

423 2077 894 2154 Quemadmodum
950 2081 1079 2139 vero
1128 2089 1253 2137 cu’m
1305 2080 1378 2138 sit
1424 2088 1618 2136 natura
1651 2079 1815 2144 Deus,
1876 2081 1928 2137 et

353 2195 485 2237 vere
527 2170 812 2243 Dominus,
853 2175 1079 2232 formam
1118 2175 1261 2231 servi
1287 2175 1519 2244 accepit,
1559 2184 1748 2244 utpote
1777 2173 1832 2228 in
1869 2188 1931 2229 ea

355 2285 539 2341 natus,
568 2276 623 2329 e't
653 2263 841 2328 nostra
873 2255 1174 2340 assumpsit
1202 2285 1214 2322 :
1251 2269 1323 2322 ita
1354 2282 1575 2337 quoque
1614 2264 1666 2317 et
1695 2262 1932 2335 prophe-

347 2366 448 2423 tiae
469 2366 715 2435 spiritum
749 2364 921 2429 dedit,
951 2373 1006 2418 et
1025 2358 1298 2433 apostolos
1317 2360 1677 2422 constituens,
1711 2367 1764 2434 et
1788 2373 1926 2428 pon-

359 2457 535 2528 tifices
564 2469 782 2523 creans,
818 2452 994 2511 factus
1029 2455 1113 2510 est
1153 2455 1260 2522 per
1292 2452 1474 2507 omnia
1521 2442 1717 2504 similis
1740 2447 1931 2503 fratri-

356 2549 485 2606 bus.
507 2537 589 2604 'lta
617 2543 762 2608 enini
786 2545 1013 2604 v'oratns
1033 2552 1117 2600 est
1142 2534 1200 2601 et
1231 2544 1516 2615 propheta,
1542 2554 1598 2598 et
1625 2543 1931 2613 apostolus,

245 2655 249 2662 '
360 2651 417 2696 et
445 2633 712 2712 pontifex.

414 2734 480 2792 Β.
513 2733 807 2804 Caeterum,
825 2729 1069 2795 utetiam
1093 2737 1223 2794 dent
1251 2729 1567 2809 ipsum‘e‘sse
1590 2739 1933 2812 prophetam,

348 2849 458 2892 non
492 2827 746 2903 tauQuam
779 2837 948 2888 unum
992 2847 1059 2888 ex
1119 2831 1397 2902 prophetis
1450 2831 1658 2886 factum
1725 2831 1934 2896 dicunt,

2042 1815 2331 1877 θεσπέσιος
2361 1812 2574 1876 Παῦλος
2601 1830 2615 1844 ·
2645 1832 2663 1864 ι
2703 1808 2886 1878 Ὥστε,
2919 1808 3142 1879 ἀδελφοὶ
3173 1805 3343 1877 ἅγιοι,
3379 1807 3629 1877 κλήσεως

2041 1886 2364 1976 ἐπουρανίου
2407 1903 2648 1974 μέτοχοι,
2675 1897 3053 1972 πατανοήσατε
3077 1900 3166 1954 τὸν
3202 1893 3501 1954 ἀπόστολον
3534 1897 3630 1952 καὶ

2042 1997 2302 2068 ἀρχιερέα
2339 1995 2439 2067 τῆς
2466 1994 2756 2067 ὁμολογίας
2781 1992 2944 2064 ἡμῶν
2981 1990 3216 2065 Ἰησοῦν.
3252 2010 3270 2042 ι
3571 2064 3574 2066 γ

2111 2081 2324 2152 Ὠσπερ
2341 2081 2396 2136 δὲ
2418 2081 2551 2147 Θεὸς
2575 2082 2653 2136 ὢν
2675 2083 2836 2154 φύσει
2863 2085 2959 2137 καὶ
2981 2083 3188 2156 Κύριος
3207 2079 3618 2154 ἁληθῶςλλαὸα

2031 2173 2227 2230 δούλου
2250 2173 2490 2248 μορφὴν,
2515 2174 2694 2250 παγὲν
2718 2178 2854 2249 αὐτῇ
2880 2177 3143 2254 γεγονὼς,
3161 2176 3256 2230 καὶ
3284 2177 3344 2230 ὲν
3374 2177 3618 2246 προσλή-

2038 2267 2130 2338 ψει
2162 2268 2271 2322 τῶν
2321 2265 2445 2323 καθ’
2497 2259 2671 2340 ἦμᾶς,
2709 2267 2854 2322 οὕτω
2889 2267 2990 2322 και
3022 2269 3122 2340 τῆς
3175 2263 3513 2339 προφητείας
3555 2261 3617 2322 τὸ

2044 2359 2267 2429 Πνεῦμα
2299 2359 2495 2424 διδοὺς,
2517 2358 2614 2414 καὶ
2647 2359 2979 2422 ἀποστόλους
3012 2359 3356 2425 ἀναδεικνὺς,
3387 2356 3482 2412 καὶ
3509 2375 3616 2434 κα-

2039 2451 2232 2516 θιστὰς
2269 2448 3046 2529 ἱερουργοὺς,ὁμοιῶθηκατὰ
3085 2452 3270 2507 ’πάντα
3312 2455 3426 2514 τοῖς
3465 2435 3622 2530 ἀδελ-

2041 2545 2161 2614 φοῖς
2183 2561 2196 2574 ·
2234 2544 2527 2614 ὠνομᾶσθη
2554 2545 2664 2614 γὰρ
2691 2545 2856 2610 οὕτω,
2889 2544 2983 2599 ita!
3019 2538 3336 2617 προφήτης,
3368 2548 3464 2598 καὶ
3489 2543 3626 2599 ἀπὸ·

2045 2636 2257 2701 στολος,
2293 2635 2388 2689 καὶ
2425 2635 2742 2708 ἀρχιερεύς.

2114 2739 2172 2793 Β.
2232 2727 2368 2792 Ἀλλ’
2401 2741 2448 2792 ει
2489 2738 2582 2790 καὶ
2623 2737 2767 2791 δοῖεν
2797 2737 2960 2792 αὑτὸν
2988 2733 3127 2792 εἶναι
3167 2735 3455 2810 προφήτην
3475 2782 3492 2807 ,
3526 2738 3627 2811 οὐχ

2042 2831 2118 2896 ὡς
2147 2833 2244 2885 ἕνα
2272 2830 2382 2885 τῶν
2414 2830 2712 2902 προφητῶν
2743 2820 2996 2898 γενέσθαι
3023 2831 3212 2899 φασιν,
3261 2829 3625 2902 ὑπερκεῖσθαι

349 2927 444 2982 sed
471 2919 648 2996 potius
669 2923 828 2995 lOng‘e
851 2921 973 2978 illos
990 2921 1272 3006 superare.
1305 2920 1369 2976 lli
1431 2919 1576 2977 enim
1626 2917 1827 2978 certam
1876 2937 1942 2978 ac

2044 2922 2091 2976 δὲ
2136 2921 2338 2992 μᾶλλον
2377 2922 2513 2976 πολὺ
2556 2922 2625 2975 τὰ
2672 2921 2916 2975 ἐκείνων.
2951 2922 3014 2974 Οἱ
3045 2922 3144 2991 μὲν
3171 2920 3301 2992 γὰρ,
3340 2933 3621 2993 μεμετρη-

350 3017 628 3076 deﬁnitam
677 3030 773 3086 pro
796 3032 860 3071 eo
889 3029 954 3070 ac
997 3014 1176 3069 visum
1230 3007 1330 3068 fuit
1358 3013 1468 3069 Deo
1488 3009 1716 3084 gratiam
1747 3017 1939 3070 conse-

2039 3015 2207 3085 μένην
2249 3014 2394 3067 κατᾶ
2417 3013 2478 3066 τὸ
2507 3011 2586 3084 τῷ
2624 3013 2746 3084 Θεῷ
2776 3013 2970 3068 δοκοῦν
3015 3015 3284 3085 ἐσχήκασι
3313 3015 3496 3086 χάριν,
3527 3014 3625 3068 καὶ

350 3112 458 3166 cuti
494 3119 642 3177 sunt,
668 3108 878 3181 et'qitre
905 3109 958 3164 in
985 3101 1385 3180 temporeipsis
1422 3105 1623 3164 accidit
1653 3125 1666 3160 :
1701 3109 1788 3161 hic
1811 3121 1940 3160 vero

2044 3109 2095 3160 ὲν
2119 3107 2296 3177 χρόνῳ
2328 3105 2774 3177 προσγενομένην
2799 3106 2981 3168 αὐτοῖς
3006 3121 3020 3136 ο
3043 3109 3071 3159 6
3092 3105 3147 3158 δὲ
3180 3107 3393 3178 πλήρης
3424 3103 3494 3178 ἦν
3522 3106 3625 3176 τῆς

349 3202 543 3275 plenus
560 3213 682 3257 erat
716 3200 944 3285 Deitatis
970 3201 1137 3255 etiam
1173 3217 1240 3255 ex
1274 3203 1386 3270 ipsa
1415 3201 1600 3256 statim
1636 3197 1938 3255 nativit‘ate‘.

2044 3197 2314 3270 θεότητος,
2347 3198 2441 3252 καὶ
2470 3197 2528 3264 ἐξ
2558 3199 2728 3268 αὐτῆς
2762 3196 2927 3261 εὐθὺς
2953 3198 3052 3268 τῆς
3079 3196 3388 3270 γεννήσεως
3409 3217 3422 3229 ⁸
3455 3198 3624 3269 συνῆν

348 3279 722 3366 Ἀάειοιειιὶιιι
755 3292 854 3360 ipsi
885 3279 1022 3347 Deus
1041 3293 1311 3348 e'xsistens
1339 3291 1593 3346 Verbum.

420 3383 489 3437 Α.
523 3383 658 3453 Ergo
678 3379 980 3458 quantitate
1004 3375 1208 3452 gratiis.
1228 3369 1283 3439 et
1316 3378 1935 3454 longinquitatetempo-

347 3471 433 3528 'ris
463 3457 735 3541 superavit
764 3465 1017 3525 Christus
1055 3465 1148 3527 eos
1182 3465 1272 3542 qui
1310 3481 1435 3527 ante
1487 3461 1662 3542 ipsum
1725 3475 1950 3528 exStite-

360 3573 491 3620 runt
515 3570 732 3622 sanctOs
758 3555 1048 3636 prophetas
1081 3583 1096 3621 :
1129 3565 1292 3634 atque
1333 3558 1435 3620 hoc
1465 3573 1549 3621 est
1599 3564 1650 3620 in
1687 3563 1802 3635 ipso
1826 3565 1948 3620 exi-

349 3649 550 3712 rmiutn.
578 3657 923 3728 Propositum
957 3663 1087 3713 vero
1121 3650 1202 3712 est
1224 3657 1522 3728 inquirere,
1556 3673 1683 3712 num
1712 3652 1949 3726 prophe-

361 3757 414 3804 ta
438 3734 660 3804 omnino
685 3735 866 3816 fuerit,
901 3766 1006 3806 non
1050 3741 1230 3804 autem
1261 3766 1327 3804 an
1391 3749 1564 3815 major
1609 3759 1702 3803 aut
1749 3751 1950 3815 minor,

368 3851 464 3896 aut
507 3831 758 3912 superior
787 3856 802 3894 :
835 3831 910 3912 ita
941 3849 999 3896 ut
1033 3842 1086 3897 in
1121 3856 1185 3896 eo
1217 3843 1360 3911 quod
1423 3841 1494 3895 sit
1545 3842 1811 3911 propheta
1838 3881 1851 3906 ,
1901 3850 1957 3895 et

363 3929 506 4003 quod
525 3927 643 3986 non
667 3917 906 3988 excedat
927 3939 1169 3988 nostram
1229 3925 1627 3994 conditionem.
1679 3920 1954 3986 linmilitas

346 4017 480 4089 "ejtts
506 4011 790 4087 consistat,
828 4023 1044 4078 tametsi
1099 4021 1152 4077 id
1195 4024 1262 4076 ab
1319 4023 1478 4076 initio
1524 4022 1801 4078 exstitisse
1828 4037 1955 4077 cen-

363 4125 571 4178 seatur,
593 4109 732 4169 sicut
763 4125 816 4168 et
839 4114 1057 4169 divinus
1093 4113 1440 4183 Baptista,'de
1454 4130 1561 4185 quo
1591 4103 1724 4169 dicit
1755 4113 1945 4168 beatus

365 4206 624 4276 angelus:
665 4226 681 4259 ι
714 4205 781 4260 Et
836 4205 1043 4274 Spiritu
1086 4216 1274 4260 sancto
1336 4205 1630 4274 replebitur
1681 4203 1860 4259 adhuc
1899 4204 1952 4259 in

365 4307 521 4351 utero
553 4293 742 4351 matris
769 4313 879 4350 sua:
939 4298 979 4350 ³.
1030 4316 1050 4349 ι
1080 4292 1281 4352 Deinde
1305 4292 1578 4367 quomodo
1611 4296 1699 4350 hic
1720 4293 1942 4365 quidem

2037 3291 2147 3361 γὰρ
2173 3287 2321 3360 αὐτῷ
2349 3287 2482 3352 Θεὸς
2511 3288 2586 3343 ὣν
2614 3290 2642 3342 6
2677 3289 2870 3358 Λόγος.

2111 3380 2176 3432 Λ.
2217 3375 2430 3432 Οὐκοῦν
2476 3381 2534 3434 ἐν
2587 3379 2852 3450 ποσότητι
2903 3379 3163 3450 χάριτος,
3208 3381 3300 3432 καὶ
3353 3383 3412 3436 ὲν
3455 3381 3615 3450 μήκει

2043 3459 2240 3533 καιροῦ
2285 3460 2756 3533 πεπλεονέκτηκεν
2788 3465 2817 3517 6
2844 3465 3100 3535 Χριστὸς,
3154 3465 3282 3528 τοὺς
3316 3466 3424 3535 πρὸ
3459 3468 3621 3519 αὐτοῦ

2043 3554 2338 3624 γεγονότας
2396 3553 2586 3623 ἁγίους
2634 3549 2921 3626 προφήτας
2948 3596 2964 3621 ,
3013 3557 3107 3611 καὶ
3163 3557 3323 3612 τοῦτό
3364 3560 3511 3613 ἐστιν
3569 3561 3626 3613 ὲν

2043 3643 2196 3715 αὐτῷ
2233 3645 2294 3698 τὸ
2327 3643 2625 3714 ἐξαίρετον.
2676 3646 2970 3717 Πρόκειται
3020 3647 3075 3700 δὲ
3123 3648 3627 3720 πολυπραγμονεῖν,

2043 3738 2095 3791 εἰ
2138 3738 2429 3807 προφήτης
2473 3736 2646 3800 ὅλως,
2697 3738 2791 3790 κοιλ⁵
2839 3738 2957 3790 οῦτι
3003 3755 3106 3791 που
3152 3739 3214 3792 τὸ
3259 3741 3524 3812 μᾶλλονῆ
3569 3743 3630 3795 τὸ

2049 3831 2200 3900 μεῖον
2227 3825 2384 3899 ἔχων,
2411 3827 2444 3900 ἢ
2487 3829 2581 3882 καὶ
2615 3827 3016 3900 ὑπερκείμενος
3035 3873 3048 3894 ,
3081 3831 3156 3894 ὡς
3186 3831 3244 3884 ἐν
3284 3847 3348 3900 γε
3383 3832 3459 3904 τῷ
3489 3830 3631 3888 εἶναι

2045 3924 2352 3993 προφήτην,
2402 3923 2497 3976 καὶ
2538 3921 2616 3992 τῷ
2649 3923 2724 3993 μὴ
2753 3923 2897 3994 πέρα
2936 3924 3134 3995 μέτρου
3166 3925 3414 3979 τοῦ·καθ’
3442 3929 3592 3998 ἡμᾶς
3612 3971 3627 3990 ,

2045 4015 2107 4067 τὸ
2142 4013 2557 4084 σμικροπρεπές
2583 4014 2731 4066 ἐστιν
2755 4014 2925 4084 αὐτῷ,
2953 4016 3057 4069 κᾶν
3087 4019 3135 4069 εὶ
3168 4017 3427 4088 ἅπαρχῆς
3456 4022 3629 4072 νοοῖτο

2045 4101 2206 4156 τοῦτο
2251 4104 2534 4174 ὑπάρχων,
2579 4104 2830 4175 καθάπερ
2879 4107 3072 4176 ἀμέλει
3107 4109 3208 4162 ’καὶ
3254 4111 3282 4161 6
3325 4110 3632 4181 θαυμάσιος

2045 4193 2361 4268 Βαπτιστὴς
2410 4197 2539 4268 περὶ
2562 4191 2622 4251 οὗ
2649 4216 2815 4271 φησιν
2838 4201 2866 4253 6
2897 4202 3170 4272 μακάριος
3200 4202 3448 4270 ἄγγελος·
3475 4223 3492 4254 ι
3519 4203 3630 4256 Καὶ

2047 4287 2369 4359 Πνεῦματος
2398 4290 2554 4358 ἁγίου
2587 4290 2962 4362 πλησθήσεται
2985 4292 3066 4344 ἔτι
3097 4295 3160 4346 ὲκ
3182 4293 3390 4357 κοιλίας
3425 4295 3630 4364 μητρὸς

365 4393 482 4438 erat
506 4399 719 4452 servus,
754 4383 842 4440 ille
869 4381 997 4441 Vero
1044 4365 1337 4440 Dominica
1368 4384 1630 4454 dignitate
1687 4383 1944 4440 illustrisi

2050 4381 2237 4437 αὑτοῦ.
2273 4401 2290 4435 ι
2328 4379 2460 4446 Εἶτα
2496 4383 2614 4447 πῶς
2658 4386 2686 4438 6
2732 4384 2830 4454 μὲν
2859 4379 2926 4456 ἦν
2953 4384 3192 4455 οἰκέτης,
3235 4387 3262 4438 6
3303 4385 3359 4437 δὲ
3395 4389 3506 4448 τοῖς
3546 4386 3629 4437 δε-

365 4476 443 4531 Ac
474 4477 538 4531 de
563 4478 740 4547 seipso
771 4469 962 4534 beatus
1000 4472 1238 4533 Joannes
1266 4478 1338 4532 ita
1357 4473 1438 4531 ait
1467 4492 1480 4530 :
1518 4495 1536 4529 ι
1573 4471 1674 4546 Qui
1707 4491 1773 4531 ex
1807 4471 1952 4533 terra

365 4580 469 4634 est,
495 4557 723 4625 terrena
757 4563 1021 4642 loquitur;
1058 4589 1077 4623 ι
1108 4569 1175 4626 de
1199 4569 1551 4626 Emmanuele
1584 4585 1715 4628 vero
1746 4588 1759 4626 :
1800 4589 1818 4624 ι
1847 4563 1950 4641 Qui

365 4679 397 4716 c
421 4665 671 4734 supernis
696 4665 858 4728 venit,
898 4680 1061 4734 supra
1093 4653 1290 4720 omnes
1319 4673 1404 4721 est
1469 4660 1508 4718 ⁸.
1551 4684 1571 4719 ι

423 4827 498 4890 Β.
526 4838 696 4917 Atqui
754 4827 994 4896 dixerint
1039 4840 1275 4896 fortasse
1324 4855 1358 4897 e
1391 4842 1664 4912 supernis,
1695 4849 1750 4898 et
1793 4834 1956 4912 supra

369 4947 559 4988 omnes
590 4927 713 4987 eSse
748 4919 980 4987 Verbum
1011 4929 1220 4988 ex'Deo
1243 4928 1406 4990 Patre
1436 4935 1678 5006 genitum
1708 4953 1722 5002 ;
1761 4936 1956 4990 veren-

371 5035 459 5078 tur
499 5013 677 5078 a'utem
720 5022 798 5078 illi
852 5025 1093 5080 tribuere
1133 5019 1392 5094 lium'ana,
1425 5040 1493 5081 ne
1539 5027 1714 5097 ipsum
1756 5025 1955 5096 injuria

369 5109 602 5181 aflicere,
655 5114 992 5185 gloriamque
1037 5115 1205 5187 ipsius
1266 5116 1586 5188 imminuere
1637 5107 1945 5172 videantur.

369 5208 576 5282 idcirco
604 5205 935 5264 contendunt
970 5199 1143 5282 ipsum
1180 5223 1460 5262 assumere
1475 5208 1778 5274 hominem,
1809 5205 1956 5264 etim-

370 5317 473 5370 que
504 5299 604 5355 sibi
620 5297 966 5367 conjungere,
990 5299 1040 5352 in
1063 5299 1066 5301 “
1091 5312 1252 5367 quem
1311 5301 1508 5354 cadant
1541 5309 1595 5355 et
1618 5302 1686 5355 de
1720 5315 1829 5372 quo
1879 5299 1953 5356 di-

370 5403 565 5446 cantur
610 5389 844 5446 hominis
877 5389 1237 5458 proprietates
1271 5407 1287 5457 ;
1321 5391 1394 5445 ita
1462 5401 1520 5445 ut
1566 5388 1730 5446 Verbi
1793 5387 1960 5463 ipSius

373 5471 565 5536 natura
603 5479 805 5535 nullum
835 5479 1058 5534 omnino
1092 5479 1476 5535 detrimentum
1513 5469 1780 5553 accipiat.

452 5657 618 5710 Aiunt
658 5664 844 5725 itaque
881 5641 1163 5714 Christum
1227 5645 1626 5714 sanctificatum
1689 5673 1720 5713 a
1771 5657 1954 5716 Patre.

456 5751 472 5782 ¹
510 5749 664 5808 Deut.
699 5766 856 5816 xrttt.
883 5753 972 5812 i5.
1073 5756 1092 5786 ³
1118 5754 1283 5811 llcbr.
1318 5771 1399 5821 Ill,
1431 5756 1481 5811 i.
1572 5757 1591 5787 ³
1615 5755 1747 5812 Luc.
1793 5773 1833 5823 ι,
1870 5755 1962 5812 15.

2052 4479 2330 4541 σποτικοῖς
2359 4475 2666 4548 ἀξιώμασιν
2697 4477 3084 4548 ἐναϐρύνεται;
3135 4477 3245 4531 Καὶ
3295 4477 3491 4531 ἑαυτοῦ
3532 4479 3630 4546 μὲν

2050 4567 2197 4641 πέρι,
2231 4569 2394 4641 φησιν
2439 4570 2467 4622 6
2499 4569 2769 4640 μακάριος
2821 4569 3109 4638 Ἰωάννης·
3151 4588 3168 4620 ι
3212 4570 3269 4622 Ὀ
3309 4568 3384 4622 ὢν
3424 4571 3488 4623 ὲκ
3529 4570 3631 4638 τῆς

2050 4662 2172 4733 γῆς,
2194 4663 2259 4715 ὲκ
2283 4662 2380 4734 τῆς
2413 4662 2515 4731 γῆς
2544 4661 2710 4714 λαλεῖ.
2746 4680 2765 4714 ι
2793 4662 2934 4732 Περὶ
2960 4661 3014 4714 δέ
3035 4679 3097 4729 γε
3125 4660 3218 4714 τοῦ
3257 4661 3626 4732 Ἐμμανουήλ·

2054 4774 2072 4805 ι
2097 4755 2153 4806 ’0
2187 4752 2390 4808 ἄνωθεν
2417 4753 2732 4824 ἐρχόμενος,
2764 4751 2949 4808 ἐπάνω
2985 4753 3202 4830 πάντων
3239 4754 3374 4809 ἐστί.
3415 4775 3433 4806 ι

2121 4845 2180 4900 Β.
2211 4837 2401 4898 Καίτοι
2426 4845 2583 4914 φαῖεν
2611 4845 2679 4900 ἂν
2715 4844 2867 4913 ἴσως,
2896 4845 3103 4900 ἄνωθέν
3126 4863 3192 4898 τε
3220 4842 3384 4911 εἶναι,
3407 4845 3501 4900 καὶ
3527 4845 3632 4917 μὴν

2050 4937 2144 4990 καὶ
2188 4931 2375 4988 ἐπάνω
2409 4934 2647 5002 πάντων,
2683 4935 2774 4988 τὸν
2809 4937 2890 5012 γὲκ
2933 4927 3068 4989 Θεοῦ
3109 4935 3323 5008 Πατρὶς
3354 4938 3634 5008 πεφηνότα

2052 5021 2258 5092 Λόγον,
2299 5025 2501 5080 δεδίασι
2549 5026 2606 5079 δὲ
2641 5027 2970 5098 προσνέμειν
3008 5027 3159 5098 αὑτῷ
3195 5028 3262 5082 τὰ
3297 5028 3632 5100 ἀνθρώπινα,

2053 5118 2128 5191 μὴ
2155 5119 2262 5188 ἄρα
2297 5137 2415 5181 πως
2461 5117 2698 5172 ἀδικοῖτο
2736 5119 2806 5172 δι’
2842 5119 3044 5186 αὐτῶν,
3087 5122 3181 5174 καὶ⁵
3212 5120 3640 5193 κατακομὶξοιτο

2051 5211 2187 5284 πρὸς
2234 5210 2296 5263 τὺ
2337 5205 2615 5274 δυσκλεές.
2660 5211 2851 5285 Ταύτῃ
2883 5210 2982 5265 ’τοι
3027 5212 3385 5266 διατείνονται
3434 5213 3635 5266 ’λαϐεῖν

2051 5302 2214 5357 αὐτὸν
2247 5301 2533 5373 ἄνθρωπον
2553 5344 2566 5368 ,
2601 5301 2778 5374 ἑαυτῷ
2809 5321 2867 5357 τε
2902 5301 3091 5358 τοῦτον
3123 5305 3390 5374 συνάψαι,
3424 5307 3552 5376 περὶ
3576 5306 3636 5360 ὃν

2053 5393 2119 5449 ἂν
2146 5395 2358 5464 γένοιτό
2390 5412 2449 5447 τε
2495 5395 2590 5448 καὶ
2631 5395 2841 5465 λέγοιτο
2868 5395 2938 5449 τὰ
2965 5382 3302 5465 ἀνθρώπινα.
3343 5389 3540 5452 Ἔσται
3579 5398 3636 5451 δὲ

2050 5486 2187 5550 ὅλως
2227 5489 2308 5551 εἰς
2349 5486 2446 5558 τὴν
2493 5488 2658 5541 αὐτοῦ
2709 5487 2804 5543 τοῦ
2847 5487 3023 5556 Λόγου
3080 5486 3274 5557 φύσιν,
3329 5488 3391 5541 τὸ
3438 5481 3637 5560 βλάϐος

2049 5578 2225 5632 οὐδέν.

2136 5661 2275 5713 Φασὶ
2309 5661 2626 5729 τοιγαροῦν,
2659 5662 2896 5733 Χριστὸν
2924 5651 3185 5733 ήγιάσθαι
3215 5663 3366 5735 παρὰ
3401 5662 3500 5717 τοῦ
3527 5663 3648 5719 Παο

2075 5757 2096 5789 ⁸
2121 5757 2275 5813 Joan.
2311 5775 2392 5826 ιιι,
2435 5759 2525 5812 5i.
