4082 6454
364 269 497 334 ’975

1620 267 1997 329 EUTHYMII
2040 266 2402 327 ZIGABENI

3546 270 3654 330 976

376 407 668 473 tenuitate,
700 403 872 479 gloria
905 403 1107 472 divina,
1152 414 1203 459 et
1247 403 1392 475 regia
1432 404 1668 475 dignitas
1696 400 1748 459 in
1790 408 1960 461 servi-

2062 394 2120 449 ὲν
2154 393 2469 466 ἀνθρωπίνῃ
2510 397 2982 469 σμικροπρεπείᾳ,
3019 396 3147 464 δόξα
3185 399 3521 475 θεοπρεπὴς,
3551 412 3646 461 καὶ

379 508 516 565 tute,
576 504 837 567 quantum
892 496 959 551 ad
1011 496 1259 550 humanae
1318 505 1528 551 natura!
1593 496 1954 551 conditionem

380 588 706 654 attinet;et
764 585 1040 641 humilitas
1100 600 1310 639 summa
1367 585 1660 640 eminentia
1710 587 1953 655 praedita.

381 678 579 733 Factus
602 686 688 734 est
710 677 862 733 enim
900 677 1062 730 homo
1094 674 1441 747 Unigenitus,
1467 692 1575 731 non
1607 686 1666 729 ut
1697 677 1748 730 in
1768 676 1962 731 exinao’

382 771 589 824 [titione
638 775 972 838 permaneat,
1034 766 1133 822 sed
1168 776 1233 822 ut
1273 767 1546 836 accipiens
1598 782 1720 820 cum
1751 781 1814 819 ea
1842 767 1960 836 ejus

382 861 789 930 proprietates;
823 859 965 915 Dens
1021 867 1202 914 tamen
1262 859 1583 915 naturaliter
1621 874 1741 916 esse
1796 861 1958 915 etiam

379 951 485 1007 hoc
501 957 657 1020 pacto
674 949 1028 1021 intelligatur,
1052 950 1395 1020 hominisque
1418 956 1663 1004 naturam
1693 949 1747 1004 in
1780 951 1961 1021 seipso

378 1041 634 1108 illustrat,
663 1051 945 1096 sacrarum
980 1058 1043 1097 ac
1070 1042 1373 1099 divinarum
1417 1042 1747 1113 dignitatum
1784 1040 1957 1112 parti-

373 1134 552 1205 cipem
612 1133 784 1204 ipsam
834 1132 1140 1189 declarans.
1210 1133 1342 1188 Nam
1400 1144 1457 1189 et
1518 1134 1692 1189 sancti
1738 1132 1958 1197 Filium,

378 1227 544 1279 etiam
595 1232 879 1293 postquam
919 1223 1105 1280 laetus
1156 1232 1244 1279 est
1277 1225 1465 1290 homo,
1503 1225 1726 1296 gloriam
1757 1224 1851 1280 Dei
1894 1236 1957 1281 ac

378 1315 581 1380 Patris,
642 1325 700 1371 et
756 1331 938 1387 regem
998 1331 1064 1370 ac
1115 1316 1399 1370 Dominum
1451 1316 1748 1388 appellant.
1792 1316 1960 1371 lsaias

376 1410 527 1462 enim
559 1408 631 1461 ita
668 1409 783 1462 ait:
820 1426 840 1458 ι
888 1406 1045 1461 Sicut
1094 1407 1259 1462 homo
1306 1407 1601 1463 vindemiat
1637 1408 1835 1473 oleam,
1887 1409 1958 1461 ita

383 1496 791 1551 vindetniabunt
818 1511 932 1563 eos,
959 1506 1017 1549 et
1046 1498 1263 1563 quando
1311 1500 1608 1553 cessaverit
1665 1498 1958 1564 vindemia,

385 1588 475 1644 isti
502 1602 635 1643 voce
668 1586 999 1641 clamabunt.
1047 1587 1147 1654 Qui
1179 1603 1306 1641 vero
1335 1590 1509 1643 relicti
1544 1589 1746 1642 fuerint
1796 1602 1962 1656 super

385 1685 613 1739 terram,
668 1675 1021 1731 exsultabant
1070 1689 1195 1730 eum
1244 1675 1414 1744 gloria
1469 1675 1677 1729 Domini
1733 1676 1771 1729 ⁸.
1825 1694 1846 1728 ι
1910 1675 1975 1729 Et

382 1782 576 1822 rursus
596 1767 737 1823 alius
765 1768 990 1837 quidam
1023 1780 1059 1821 ο
1085 1767 1292 1822 sanctis
1319 1783 1334 1822 :
1360 1783 1384 1816 τι
1421 1766 1756 1831 "luminare,
1775 1767 1970 1836 inquit,

377 1856 707 1917 Jerusalem.
760 1858 922 1914 Venit
962 1858 1113 1913 enim
1150 1859 1329 1912 lumen
1355 1865 1538 1921 tuum,
1567 1867 1623 1912 et
1652 1858 1825 1927 gloria
1864 1858 1969 1914 Do-

385 1952 518 2005 mini
563 1966 729 2020 super
769 1960 824 2005 te
870 1962 992 2007 orta
1025 1962 1131 2006 est.
1152 1952 1290 2018 Quia
1314 1965 1445 2006 ecce
1470 1951 1705 2007 tenebrae
1724 1952 1974 2021 operient

374 2051 608 2107 terram,
639 2053 694 2098 et
714 2042 894 2113 caligo
925 2043 1186 2113 populos:
1233 2056 1399 2111 super
1445 2050 1498 2095 te
1535 2049 1717 2096 autem
1763 2042 1972 2097 orietur

377 2135 668 2198 Dominus,
724 2144 781 2189 et
810 2134 983 2205 gloria
1032 2136 1158 2206 ejus
1188 2135 1242 2188 in
1299 2146 1357 2190 te
1410 2134 1679 2188 videbitur
1742 2134 1784 2189 ³.
1820 2151 1839 2186 ι
1907 2133 1973 2190 Et

374 2223 619 2282 Iacobus
648 2226 767 2297 ejus
795 2226 1094 2297 discipulus
1127 2245 1142 2282 :
1182 2244 1202 2279 ι
1267 2225 1509 2289 Fratres,
1544 2226 1744 2296 inquit,
1803 2226 1972 2283 nolite

376 2315 438 2371 in
487 2332 842 2388 personarum
894 2318 1216 2389 acceptione
1269 2319 1471 2373 habere
1540 2316 1702 2373 ﬁdem
1755 2318 1969 2375 Domini

378 2411 553 2465 nostri
609 2409 732 2466 Jesu
794 2410 999 2467 Christi
1034 2410 1220 2481 gloria:
1266 2409 1309 2465 ³.
1351 2427 1370 2460 ι
1404 2408 1598 2466 Petrus
1650 2424 1822 2465 vero:
1853 2429 1873 2462 ι
1910 2409 1969 2466 Si

374 2502 785 2572 esprohramini
817 2502 870 2557 in
887 2503 1130 2569 Christo,
1162 2502 1307 2558 beati
1340 2500 1519 2567 eritis,
1540 2502 1799 2573 quoniam
1826 2503 1969 2572 quod

376 2602 469 2649 est
504 2595 728 2649 honoris
754 2593 940 2666 gloriae
983 2604 1043 2651 et
1086 2594 1306 2651 virtutis
1346 2594 1469 2661 Dei,
1515 2604 1573 2652 et
1599 2594 1693 2667 qui
1731 2603 1813 2652 est
1855 2593 1972 2665 ejus

380 2682 617 2755 Spiritus
642 2700 811 2756 super
853 2699 950 2743 vos
978 2686 1293 2758 requiescet
1341 2688 1386 2743 ⁸.
1419 2706 1439 2742 ι

452 2860 741 2917 Sttﬁcitmt
806 2861 921 2930 jam
987 2861 1124 2916 haec.
1181 2858 1454 2916 Caeterum
1517 2859 1620 2913 hoc
1689 2856 1825 2912 mihi
1872 2856 1956 2913 dl-

382 2967 478 3009 cas
535 2953 736 3019 velint,
786 2953 1060 3023 quomodo
1121 2951 1529 3022 intelligendum
1580 2949 1657 3005 sit
1704 2947 1837 3021 illud
1892 2948 1963 3005 de

2063 485 2331 557 βασιλείας
2375 486 2689 558 αὐχήμασιν
2721 490 3184 561 ἐστεφανωμένον,
3229 493 3290 546 τὸ
3324 495 3428 548 ὑπὸ
3460 496 3643 566 ςυγλν,

2060 579 2121 633 τό
2153 596 2215 647 γε
2241 573 2372 650 ἧκον
2400 580 2479 641 είς
2504 579 2923 648 ἀνθρωπὸτητος
2955 580 3175 650 μέτρον,
3207 584 3300 636 καὶ
3326 587 3382 637 ἐν
3416 587 3654 659 ύπερτάι·

2062 687 2183 735 ταις
2213 671 2541 741 ὑπεροχαῖς,
2575 669 2637 722 τὸ
2662 671 2931 724 ταπεινόν.
2958 672 3153 739 Γέγονε
3182 674 3290 743 γὰρ
3311 675 3593 748 ἅνθρωπος
3620 681 3646 732 ἐ

2064 761 2394 832 Μονογενὴς,
2436 761 2534 831 οὐχ
2565 761 2652 814 ἵνα
2681 763 2792 826 τοῖς
2839 765 2937 833 τῆς
2983 762 3264 828 κενώσεως
3313 767 3649 841 ὲναπομείνῃ

2069 853 2308 924 μέτροις,
2335 851 2450 906 ἀλλ’
2474 852 2561 905 ῐνα
2584 851 2766 906 λαῦὼν
2794 852 2889 906 σὺν
2919 855 3055 926 αὐτῇ
3084 855 3153 908 τὰ
3187 857 3378 926 αὐτῆς,
3409 858 3541 922 Θεὸς
3570 861 3648 913 ὢν

2064 945 2245 1014 φύσει,
2278 943 2375 998 καὶ
2407 943 2548 997 οὕτω
2581 942 2935 1017 γνωρίζηται,
2971 947 3067 999 καὶ
3096 947 3193 1019 τὴν
3231 948 3326 1001 τοῦ
3350 951 3647 1021 ἀνθρώπου

2062 1033 2445 1106 κατασεμνύνῃ
2492 1034 2658 1105 φύσιν
2698 1035 2785 1103 ἐφ’
2824 1035 3020 1106 ἑαυτῷ,
3057 1037 3281 1108 μέτοχον
3306 1041 3477 1112 αὐτὴν
3508 1044 3645 1098 ἀπο-

2062 1128 2230 1197 φήνας
2289 1124 2452 1197 ίερῶν
2496 1126 2591 1180 καὶ
2637 1123 2800 1179 θείων
2843 1124 3204 1197 ἀξιωμάτων
3246 1130 3557 1202 εὑρήσομεν
3589 1135 3647 1189 δὲ

2061 1219 2157 1272 καὶ
2177 1218 2376 1282 αὐτοὺς
2401 1219 2527 1282 τοὺς
2557 1216 2767 1286 ἁγίους,
2799 1216 2958 1282 δόξαν
2984 1219 3345 1287 ὀνομάζοντας
3383 1223 3479 1277 τοῦ
3511 1226 3644 1279 Θεοῦ

2062 1310 2155 1364 καὶ
2202 1311 2446 1383 Πατρὸς,
2491 1310 2585 1363 καὶ
2625 1312 2806 1379 μέντοι
2852 1311 2948 1363 καὶ
2995 1310 3235 1379 βασιλέα,
3281 1314 3376 1366 καὶ
3423 1319 3641 1386 προσέτι
3700 1340 3717 1353 ε

2061 1403 2286 1475 Κύριον,
2314 1401 2405 1455 τὸν
2434 1401 2577 1462 Υίδν,
2602 1400 2697 1453 καὶ
2715 1401 2805 1453 ὅτε
2825 1402 3047 1470 γέγονεν
3086 1402 3390 1475 ἄνθρωπος.
3422 1406 3641 1472 Ἡσαΐας

2064 1495 2161 1563 μὲν
2192 1496 2303 1565 γὰρ
2346 1484 2448 1546 ὧδέ
2481 1509 2556 1562 πη
2603 1492 2788 1560 φησίν·
2825 1509 2845 1543 t
2881 1495 2979 1545 Ὃν
2999 1493 3201 1564 τρόπον
3232 1495 3324 1546 ἐὰν
3361 1496 3644 1569 ἄνθρωπος

2063 1587 2373 1656 καλαμᾶται
2420 1584 2628 1647 ἐλαίαν,
2655 1581 2798 1635 οὕτω
2849 1583 3259 1652 καλαμήσονται
3293 1585 3487 1645 αὐτοὺς
3508 1627 3521 1646 ι
3552 1591 3647 1643 καὶ

2059 1674 2156 1727 ἐὰν
2196 1674 2472 1743 παύσηται
2509 1671 2539 1726 ὃ
2567 1675 2859 1746 τρυγητδς,
2886 1669 3032 1728 οὗτοι
3061 1675 3211 1744 φωνῇ
3255 1673 3559 1742 βοήσονται*
3594 1674 3644 1724 oi

2059 1765 2114 1819 δὲ
2143 1764 2592 1836 καταλειφθέντες
2619 1767 2713 1821 ἐπὶ
2744 1770 2844 1839 τῆς
2865 1767 2988 1837 γῆς,
3019 1765 3489 1836 εὐφρανθήσονται
3528 1763 3646 1835 ana

2062 1861 2126 1929 τῇ
2174 1859 2300 1930 δόξῃ
2354 1861 2629 1931 Κυρίου.»
2687 1860 2797 1915 Καὶ
2861 1860 3025 1914 πάλιν
3061 1860 3251 1931 ἔτερος
3296 1857 3406 1912 τῶν
3455 1857 3654 1926 ἁγίων,

2066 1966 2086 1999 ι
2109 1950 2371 2016 Φωτίζου,
2396 1954 2583 2022 φησὶν,
2614 1951 2993 2024 Ἰερουσαλήμ·
3019 1953 3143 2022 ἥκει
3169 1952 3279 2023 γάρ
3307 1967 3400 2004 σου
3421 1950 3480 2003 τὸ
3511 1949 3646 2019 φῶς,

2061 2042 2153 2094 καὶ
2178 2045 2212 2112 ή
2245 2042 2372 2107 δόξα
2410 2044 2619 2115 Κυρίου
2660 2045 2752 2098 ἐπὶ
2784 2044 2844 2097 σὲ
2874 2044 3260 2098 ἀνατέταλκεν.
3295 2043 3427 2097 Ἰδοὺ
3458 2042 3651 2105 σκότος

2062 2132 2154 2184 καὶ
2182 2132 2378 2200 γνόφος
2401 2133 2633 2200 καλύψει
2663 2134 2785 2205 γῆν,
2823 2136 2917 2189 ἐπὶ
2935 2135 2991 2188 δὲ
3014 2135 3073 2187 σὲ
3092 2135 3395 2205 φανήσεται
3425 2132 3644 2203 Κύριος,

2063 2223 2157 2276 καὶ
2197 2222 2357 2290 δόξα·
2388 2225 2596 2296 Κυρίου
2643 2226 2736 2279 ἐπὶ
2786 2225 2845 2278 σὲ
2890 2224 3209 2296 ὀφθήσεται.
3235 2244 3254 2274 ι
3293 2222 3549 2286 Ἰάκωὸός
3585 2240 3649 2292 γε

2064 2310 2173 2383 μὴν
2202 2314 2229 2365 ὁ
2257 2313 2423 2367 αύτοῦ
2460 2314 2728 2386 μαθητὴς,
2758 2334 2776 2366 ι
2808 2314 3073 2384 Ἀδελφοί,
3102 2313 3256 2386 φησὶ,
3292 2313 3362 2385 μὴ
3389 2316 3447 2367 ὲν
3485 2328 3650 2384 προσ-

2061 2403 2401 2475 ωποληψίαις
2435 2405 2586 2476 ἔχετε
2627 2406 2725 2477 τὴν
2767 2406 2953 2460 πίστιν
2995 2405 3091 2460 τοῦ
3125 2405 3330 2477 Κυρίου
3358 2403 3511 2475 ἡμῶν
3546 2404 3651 2473 'lq-

2062 2497 2157 2550 σοῦ
2194 2498 2430 2569 Χριστοῦ
2458 2500 2554 2569 τῆς
2578 2499 2754 2572 δόξης.
2785 2517 2804 2552 ι
2847 2500 3053 2571 Πέτρος
3096 2500 3154 2552 δὲ
3180 2494 3248 2552 αὖ
3273 2499 3301 2552 ὁ
3338 2496 3646 2561 θεσπέσιος,

2068 2608 2088 2642 t
2122 2590 2184 2645 El
2216 2591 2537 2657 ὀνειδίζεσθε
2576 2595 2635 2647 ὲν
2683 2592 2926 2665 Χριστῷ,
2968 2592 3231 2665 μακάριοί
3271 2594 3395 2647 ὲστε
3427 2591 3526 2663 τῆς
3558 2590 3647 2647 δύο

2064 2679 2181 2752 ξης,
2223 2684 2319 2736 καὶ
2349 2683 2411 2736 τὸ
2440 2681 2535 2737 τοῦ
2573 2683 2710 2738 Θεοῦ
2740 2683 2968 2757 Πνεῦμα
2999 2686 3084 2755 ἐφ’
3129 2684 3276 2756 ὑμᾶς
3325 2684 3650 2738 ἀναπέπαυ-

2063 2787 2202 2826 ται.»

2142 2860 2300 2924 Ἀλις
2354 2863 2456 2934 μιν
2500 2861 2565 2935 δὴ
2610 2862 2720 2917 τῶν
2780 2864 3037 2923 τοιούτων
3092 2867 3226 2941 ήμτν
3244 2910 3260 2935 ,
3317 2863 3365 2925 ὦ
3407 2875 3649 2943 γενναῖε.

2064 2954 2246 3026 {rpite
2305 2954 2363 3010 δὲ
2416 2957 2564 3017 ὅπως
2622 2956 2757 3028 πρδς
2802 2956 2964 3029 ήμῶν
3027 2962 3266 3016 νοεῖσθαι
3326 2967 3528 3035 πρέπει
3579 2968 3643 3024 τδ

378 3045 600 3103 Christo
656 3043 924 3115 scriptum
973 3060 993 3097 :
1040 3061 1066 3096 s
1131 3042 1235 3112 Qui
1285 3044 1342 3099 in
1394 3043 1584 3100 diebus
1643 3046 1829 3100 carnis
1868 3060 1972 3103 suae

2071 3047 2200 3143 περὶ
2232 3047 2470 3131 Χριστοῦ
2509 3049 2915 3143 γεγραμμένον,
2958 3067 2979 3103 t
3026 3053 3125 3116 '0;
3154 3056 3214 3108 ιν
3247 3057 3365 3121 ταῖς
3402 3058 3648 3131 ήμέραις

384 3150 576 3209 preces
601 3136 1135 3209 supplicationesque
1185 3136 1251 3192 ad
1294 3151 1420 3193 eum
1458 3136 1552 3207 qui
1589 3137 1762 3209 possit
1802 3136 1972 3208 ipsum

2062 3132 2160 3202 τῆς
2196 3138 2397 3207 σαρκὸς
2442 3137 2648 3204 αὐτοῦ,
2695 3139 2910 3209 δεήσεις
2946 3158 3006 3195 τε
3046 3142 3139 3196 καὶ
3179 3143 3463 3215 ἱκετηρίας
3511 3144 3650 3217 πρὸς

382 3230 594 3285 salvum
645 3230 829 3287 facere
879 3247 907 3285 a
955 3241 1130 3285 morte
1171 3244 1292 3286 cum
1330 3231 1571 3288 clamore
1619 3231 1800 3288 valido
1822 3242 1878 3288 et
1902 3232 1981 3288 la-

385 3324 591 3394 crymis
632 3320 892 3386 oder-ens,
928 3323 1218 3378 exauditus
1259 3334 1343 3379 est
1366 3339 1466 3395 pro
1503 3339 1603 3380 sua
1647 3324 1976 3382 reverentia.

386 3414 455 3469 Et
483 3415 700 3481 quidem
728 3430 853 3471 cum
891 3424 1039 3470 esset
1069 3413 1240 3470 Filius
1274 3416 1391 3485 Dei,
1430 3415 1622 3473 didicit
1651 3430 1717 3472 ex
1754 3418 1823 3474 iis
1859 3432 1979 3490 qua;

386 3520 580 3573 passus
612 3515 727 3573 est,
794 3506 1185 3562 obedientiam.
1215 3506 1283 3564 Et
1333 3518 1748 3567 consummatus
1805 3511 1980 3569 factus

382 3611 472 3655 est
541 3598 797 3657 omnibus
843 3599 1352 3668 obtemperantibus
1404 3601 1507 3657 sibi
1563 3617 1729 3658 causa
1783 3603 1979 3661 salutis

386 3699 603 3746 aeternae
649 3690 694 3747 ⁸.
759 3709 779 3745 ι
836 3690 1101 3761 Adjiciam
1160 3704 1295 3748 vero
1350 3692 1513 3749 dictis
1578 3694 1742 3750 etiam
1800 3693 1977 3752 illud:

390 3800 415 3835 ι
446 3783 586 3839 Deus
614 3796 790 3850 meus,
814 3782 961 3841 Deus
984 3800 1156 3849 meus,
1179 3799 1351 3856 quare
1370 3800 1456 3842 me
1480 3788 1813 3859 dereliquisti
1840 3788 1866 3821 ⁸
1896 3788 1924 3843 τ
1954 3807 1976 3843 ι

384 3875 575 3931 Aliena
603 3876 747 3932 enim
797 3877 915 3934 haec
970 3892 1093 3934 esse
1124 3879 1311 3934 dicunt
1361 3894 1391 3934 a
1442 3881 1552 3935 Deo
1586 3879 1783 3949 Verbo,
1816 3894 1982 3953 atque

386 3980 488 4038 ego
519 3968 736 4038 quidem
770 3968 1034 4040 dignitate
1071 3970 1240 4041 ipsius
1274 3981 1438 4042 atque
1468 3971 1787 4028 excellentia
1825 3974 1983 4047 longe

386 4061 646 4118 inferiora
675 4078 738 4119 ea
766 4079 887 4120 esse
916 4062 1301 4132 indicaverim.
1796 4078 1801 4085 '

458 4152 526 4209 A.
577 4153 718 4220 Quin
785 4164 842 4209 et
903 4159 1145 4226 egoipse
1200 4154 1364 4212 'facile
1414 4158 1656 4231 intelligo
1702 4161 1819 4217 hare
1875 4177 1981 4219 non

388 4244 684 4299 convenire
712 4244 893 4300 Verbo
920 4248 1105 4317 genito
1127 4262 1194 4302 ex
1235 4247 1346 4304 Deo
1394 4242 1574 4315 Patre,
1635 4242 1681 4308 si
1736 4251 1865 4309 illud
1914 4255 1984 4312 ab

382 4335 863 4392 administratione
919 4339 975 4393 in
1032 4352 1201 4395 carne
1244 4352 1648 4411 remoream'us,
1680 4361 1858 4417 neque
1884 4346 1982 4404 ad-

2056 3223 2153 3279 σιὸν
2178 3224 2476 3299 δυνάμενον
2506 3229 2700 3295 σώζειν
2736 3231 2897 3286 αὐτὸν
2928 3232 2994 3286 ὲκ
3025 3231 3280 3299 θανάτου,
3316 3236 3454 3305 μετὰ
3482 3253 3653 3307 κραυ-

2058 3314 2166 3384 γῆς
2196 3316 2424 3389 ίσχυρᾶς
2448 3320 2543 3373 καὶ
2566 3318 2822 3392 δακρύων
2850 3323 3246 3394 προσενέγκας,
3281 3326 3375 3378 καὶ
3399 3327 3653 3380 εἰσακου-

2066 3406 2208 3472 ¹τθεὶς
2254 3408 2362 3462 ἀπὸ
2403 3408 2508 3481 τῆς
2535 3411 2859 3485 εὐλαϐείας,
2884 3414 3086 3486 καίπερ
3125 3414 3202 3468 ὢν
3234 3414 3382 3480 Υἱὸς,
3424 3412 3645 3486 ἔμαθεν,

2059 3497 2153 3569 ἀφ’
2177 3492 2252 3555 ὧν
2290 3499 2481 3568 ἔπαθε,
2514 3502 2616 3576 τὴν
2646 3504 2916 3578 ὑπακοὴν,
2949 3507 3045 3560 καὶ
3069 3505 3397 3572 τελειωθεὶς,
3434 3509 3654 3577 ἐγένετο

2058 3594 2172 3657 τοῖς
2224 3592 2592 3650 ὑπακούουσιν
2637 3595 2788 3669 αὐτῷ
2827 3596 3004 3663 αίτιος
3058 3599 3333 3671 σωτηρίας
3380 3601 3655 3655 ἀκαταλύ-

2056 3698 2189 3738 τουσ
2214 3703 2233 3737 ι
2273 3687 2621 3758 προσεποίσω
2662 3689 2719 3743 δὲ
2774 3691 2996 3744 κάκεῖνο
3036 3684 3118 3756 οἷς
3165 3691 3326 3764 ἔφην,
3362 3693 3451 3759 τδ,
3495 3711 3514 3744 t
3550 3692 3652 3747 Θεέ

2062 3791 2184 3847 μου,
2223 3775 2327 3831 Θεέ
2371 3795 2494 3850 μου,
2525 3779 2613 3834 ἵνα
2647 3778 2700 3833 τί
2736 3796 2803 3851 με
2844 3781 3237 3851 ἐγκατέλιπεςς
3266 3802 3284 3834 ι
3329 3783 3652 3836 Ἀπεοικότα

2058 3868 2169 3942 γὰρ
2208 3864 2350 3924 εἷναί
2382 3887 2518 3941 φασι
2550 3872 2620 3926 τὰ
2650 3872 2830 3928 τοιάδε
2878 3874 2957 3946 τῷ
2990 3873 3109 3947 Θεῷ
3153 3874 3331 3946 Λόγῳ,
3363 3876 3457 3928 καὶ
3489 3876 3657 3947 ἡττῆ-

2061 3956 2187 4012 σθαι
2209 3959 2347 4012 πολὺ
2373 3958 2476 4030 τῆς
2504 3961 2730 4033 ἐνούσης
2754 3963 3035 4035 ὑπεροχῆς
3061 3964 3211 4035 αύτῴ
3237 3966 3403 4035 φαίην
3433 3964 3518 4019 ἄν.

2128 4169 2192 4221 Α.
2236 4167 2424 4237 Ἴσημι
2473 4169 2565 4221 καὶ
2596 4169 2760 4234 αὐτὸς
2802 4168 2933 4239 ἐγὼ,
3000 4168 3076 4240 μὴ
3114 4168 3179 4223 ἂν
3213 4168 3458 4241 ἁρμόσαι
3493 4168 3655 4224 ταυτὶ

2057 4257 2134 4330 τῷ
2178 4260 2242 4311 ὲκ
2274 4256 2410 4312 Θεοῦ
2462 4258 2671 4331 Πατρδς
2749 4259 2906 4333 φῦντι
2982 4261 3165 4332 Λόγῳ,
3196 4259 3523 4325 ὲξωσθέντος
3555 4259 3649 4315 τοῦ

2058 4349 2261 4419 τρόπου
2298 4350 2399 4420 τῆς
2432 4349 2775 4422 οἰκονομίας,
2823 4350 2918 4403 καὶ
2970 4350 3070 4403 ούκ
3113 4349 3481 4422 εἰσδεχθέντος
3516 4351 3649 4422 πρὸς

383 4427 673 4520 mittamus
720 4429 774 4484 id
798 4430 945 4499 quod
998 4427 1284 4502 Scriptura
1340 4442 1596 4503 testatur,
1640 4439 1783 4508 quod
1815 4440 1972 4497 nimi-

2062 4440 2218 4517 ήμῶν
2285 4440 2411 4510 τοῦ,
2465 4440 2545 4496 δτι
2597 4443 2789 4512 γέγονε
2849 4441 2988 4515 σὰρξ
3038 4441 3182 4498 κατὰ
3244 4445 3344 4507 τὰς
3401 4441 3646 4516 Γραφὰς.

381 4528 510 4574 rum
544 4519 719 4578 factus
747 4524 823 4578 sit”
845 4532 995 4580 caro.
1029 4522 1165 4580 Cum
1188 4540 1327 4582 vero
1363 4527 1467 4584 hoc
1525 4527 1756 4587 firmiter
1792 4540 1982 4595 tenea-

390 4628 510 4668 nms
566 4623 624 4669 et
675 4614 951 4672 dubitatio
1004 4616 1113 4673 hac
1161 4619 1215 4674 in
1268 4632 1334 4674 re
1376 4626 1499 4675 cum
1575 4623 1855 4694 impietate
1908 4630 1982 4685 sit

388 4706 712 4776 conjuncta,
763 4709 1161 4767 incarnationis
1195 4712 1518 4786 mysterium
1568 4726 1831 4786 quantum
1862 4721 1980 4778 lieri

388 4807 566 4866 potest
596 4804 1017 4871 perpendamus.
1043 4804 1310 4874 Apparuit
1349 4803 1535 4874 itaque
1566 4810 1724 4867 nobis
1746 4804 1981 4869 Verbum

388 4902 455 4941 ex
492 4887 602 4943 Deo
642 4891 723 4944 in
753 4891 929 4947 forma
959 4905 1158 4950 nostrae
1217 4898 1405 4963 simili,
1472 4900 1775 4958 innumeris
1809 4905 1983 4962 modis

392 4980 989 5040 humauam'naturam
1049 4986 1275 5055 juvans,
1320 4989 1632 5062 optimeque
1684 4996 1839 5051 nobis
1888 4997 1985 5052 de-

388 5081 702 5125 monstrans
743 5073 885 5128 viam
919 5089 1041 5144 qua
1094 5079 1161 5133 ad
1209 5080 1415 5148 optima
1473 5098 1703 5153 quaeque
1742 5086 1980 5142 deducit.

391 5160 624 5218 Necesse
664 5162 850 5234 itaque
901 5177 1018 5222 erat
1082 5182 1140 5225 ttt
1187 5170 1521 5239 diceremus,
1581 5190 1706 5230 cum
1753 5180 1985 5236 teutatio

390 5254 602 5309 invadit
652 5269 749 5311 eos
805 5257 899 5327 qui
951 5258 1021 5314 ob
1066 5260 1411 5318 dilectionem
1447 5263 1545 5321 Dei
1582 5264 1982 5338 periclitantur,

389 5347 581 5417 quales
615 5350 868 5419 oporteat
901 5364 1023 5406 esse
1044 5366 1140 5407 eos
1171 5353 1261 5423 qui
1304 5356 1629 5413 laudabilem
1660 5367 1823 5430 atque
1863 5356 1983 5415 exi-

391 5438 558 5494 miam
587 5440 758 5497 vitam
787 5441 1077 5501 instituere
1109 5444 1281 5501 velint
1321 5464 1336 5503 :
1388 5458 1571 5506 utrum
1597 5450 1664 5506 ad
1712 5451 1983 5523 ignaviam

467 5635 484 5668 ⁸
514 5635 619 5712 l_sa.
649 5650 797 5704 xxtv,
838 5635 926 5712 ιδ.
961 5634 1048 5690 lt.
1124 5636 1144 5667 '
1176 5635 1281 5695 lsa.
1303 5653 1396 5707 ιι,
1429 5638 1478 5706 l,
1514 5638 1570 5698 2.
1638 5641 1659 5674 ³
1683 5642 1798 5700 Jac.
1843 5659 1902 5712 ιι,
1938 5645 1986 5702 l.

394 5704 583 5759 Matth.
622 5721 790 5772 xxvn,
825 5708 917 5761 Mi.

2071 4535 2293 4610 Ἐπειδὴ
2323 4536 2380 4590 δὲ
2415 4536 2551 4610 πρὸς
2580 4535 2738 4590 τοῦτο
2767 4535 3213 4609 διερηρείσμεθα,
3244 4536 3340 4591 καὶ
3368 4535 3428 4590 τὸ
3453 4535 3654 4591 ἐνδοιά-

2060 4629 2177 4699 ζειν
2207 4631 2344 4695 ὅλως
2370 4628 2691 4695 δυσσεϐείας
2753 4628 2870 4701 ἔχει
2922 4628 3162 4700 γραφὴν,
3205 4632 3339 4701 φέρε
3377 4629 3477 4700 τῆς
3512 4631 3657 4685 οἰκο-

2062 4726 2254 4800 νομίας
2277 4724 2338 4777 τὸ
2372 4723 2555 4795 βάθος,
2579 4724 2654 4786 ὡς
2681 4724 2781 4787 ἔνι,
2813 4722 3345 4793 κατασμπτιῦμεθα.
3383 4722 3654 4792 Ἑπέφανε

2061 4813 2243 4868 τοίνυν
2295 4815 2429 4885 ἡμῖν
2484 4814 2539 4865 ἐν
2578 4812 2713 4867 εἴδει
2762 4811 2840 4884 τῷ
2892 4812 3013 4867 καθ’
3062 4814 3209 4884 ἡμᾶς
3262 4813 3290 4867 ὁ
3322 4813 3387 4864 ὲκ
3444 4812 3654 4882 Κυρίου

2065 4904 2277 4977 [ἰατρὸς
2335 4903 2543 4974 Λόγος,
2592 4904 2732 4959 κατὰ
2790 4904 3017 4977 μυρίους
3067 4905 3225 4968 ὅσους
3281 4905 3493 4975 ὀνήσων
3539 4903 3658 4975 τρό-

2067 5015 2202 5069 πους
2239 4996 2308 5052 τὰ
2338 4995 2681 5068 ἀνθρώπινα,
2736 4998 2830 5052 καὶ
2875 4998 3208 5065 καταδείξων
3267 4993 3327 5051 εὖ
3370 4997 3517 5069 μάλα
3556 4998 3658 5068 τὴν

2067 5090 2147 5153 είς
2194 5089 2302 5143 πᾶν
2332 5088 2510 5143 ὁτιοῦν
2545 5088 2654 5142 τῶν
2695 5075 3185 5161 τεθαυμασμένων
3212 5089 3659 5158 ἀποκομίζουσαν

2065 5180 2273 5255 τρίϐον.
2318 5177 2428 5235 Ἦν
2477 5176 2570 5236 οὖν
2618 5181 2917 5252 ἀναγκαῖον
2962 5181 3290 5251 ἀναμαθεῖν,
3348 5180 3659 5255 πειρασμοῦ

2068 5254 2425 5339 καταθέοντας
2463 5273 2590 5337 τοὺς
2617 5272 2727 5363 τῆςθ
2759 5273 2839 5337 είς
2868 5272 3002 5326 Θεὸν
3033 5272 3253 5343 ἀγάπης
3286 5271 3450 5327 ἕνεκα
3482 5254 3654 5325 κινδυ-

2068 5365 2348 5432 νεύοντας.
2378 5368 2596 5433 ὁποίους
2640 5367 2791 5432 τινὰς
2821 5363 2961 5423 εἶναι
2993 5368 3099 5440 χρὴ
3149 5369 3274 5432 τοὺς
3323 5367 3421 5439 τὴν
3461 5366 3659 5421 εὐκλεᾶ

2071 5454 2166 5508 καὶ
2192 5454 2467 5527 ἐξαίρετον
2500 5455 2777 5511 πολιτείαν
2811 5456 2906 5508 καὶ⁷
2937 5452 3082 5526 ζωὴν
3115 5456 3415 5529 κατορθοῦν
3443 5454 3659 5529 ᾑρημέ-

2064 5646 2084 5679 ι
2112 5649 2130 5701 ι
2162 5649 2305 5707 Petr.
2344 5667 2418 5720 tv,
2466 5653 2549 5711 14.
2628 5656 2650 5687 ⁸
2682 5654 2852 5713 Hebr.
2892 5674 2943 5726 ν,
2980 5662 3010 5715 7
3050 5665 3100 5717 9.
3162 5665 3216 5729 ,⁸
3244 5664 3388 5723 Psal.
3423 5681 3543 5737 ut,
3576 5668 3652 5737 ιδ
