4082 6390
372 402 484 468 917

1356 393 1729 454 PANOPLIA
1777 394 2236 456 DOGMATICA.
2264 419 2335 431 -
2360 396 2505 458 Tl'l‘.
2551 395 2674 457 XV.

3547 394 3663 458 9’33

372 544 531 591 νους,
578 527 785 595 πότερα
819 520 1173 593 μεθιεμένους
1203 518 1299 572 καὶ
1348 518 1753 581 ἀναπίπτοντας
1797 519 1875 580 εις
1906 520 1966 570 τὸ

2087 545 2288 594 ironos,
2323 539 2379 585 et
2420 531 2630 586 deliciis
2668 531 2913 597 deditos,
2950 532 3324 603 hilaritatique
3376 542 3434 588 et
3463 534 3669 602 gaudio

373 618 639 690 ῥᾴθυμον,
676 617 771 669 καὶ
804 615 903 667 οὑκ
936 614 993 666 ὲν
1029 610 1207 683 καιρῷ
1234 610 1557 682 τρυφῶντας
1600 612 1697 664 καὶ
1738 610 1965 681 εὑρυνο-

376 711 575 781 μένους
602 710 679 771 είς
706 706 991 777 εὐθυμίαν,
1020 706 1053 777 ἢ
1088 704 1536 775 συντεινομένους
1562 705 1639 767 είς
1668 704 1839 769 λιτὰς,
1872 704 1967 758 καὶ

373 799 814 871 δεδακρυμένους
852 796 1082 868 ὁρᾶσθαι
1118 796 1199 867 τῷ
1232 796 1497 861 σώζοντι,
1548 796 1643 849 καὶ
1689 794 1790 866 τὴν
1834 805 1966 867 παρ)

377 892 546 945 αὑτοῦ
592 892 861 962 διψῶντας
912 888 1255 959 ἐπικουρίαν,
1304 890 1397 942 καὶ
1433 888 1618 959 μέντοι
1664 888 1758 943 καὶ
1806 888 1965 942 εὐαν-

376 983 550 1057 δρίαν,
585 982 744 1051 εἴπερ
784 981 958 1034 ἕλοιτο
1004 982 1098 1033 καὶ
1128 980 1321 1034 παθεῖν
1350 982 1515 1051 ἡμᾶς.
1552 982 1699 1034 Ἔδει
1742 998 1801 1034 τε
1834 980 1966 1052 πρὸς

380 1073 594 1137 τούτοις
642 1073 838 1126 εἰδέναι
892 1072 1209 1143 χρησίμως,
1259 1073 1381 1125 ὅποι
1423 1071 1552 1126 ποτὲ
1600 1073 1710 1143 ἀρα
1759 1072 1821 1125 τὸ
1867 1072 1969 1142 τῆς

382 1166 628 1233 ὑπακοῆς
669 1164 891 1229 διέξεισι
924 1162 1100 1234 πέρας
1120 1205 1135 1227 ,
1174 1163 1269 1215 καὶ
1310 1162 1399 1216 διά
1429 1163 1598 1217 ποίων
1624 1163 1845 1234 ἔρχεται
1876 1182 1969 1233 γε·

382 1260 519 1329 ρῶν,
545 1259 668 1321 ὅσος
691 1274 751 1309 τε
779 1258 872 1310 καὶ
896 1253 1007 1319 οἷος
1051 1255 1153 1325 τῆς
1178 1255 1458 1325 ὑπομονῆς
1480 1258 1509 1309 ὁ
1537 1255 1746 1326 μισθός.
1773 1256 1969 1325 Γέγονε

382 1352 562 1404 τοίνυν
584 1348 934 1412 ὑποτύπωσις
959 1348 1065 1401 τῶν
1097 1347 1351 1401 τοιούτων
1379 1350 1509 1419 ἡμῖν
1546 1349 1572 1401 ὁ
1596 1348 1853 1420 Χριστὸς,
1872 1352 1973 1404 καὶ

387 1441 525 1512 πρὸς
560 1457 619 1508 γε
655 1439 811 1493 τοῦτο
842 1441 993 1509 ἡμᾶς
1020 1439 1245 1510 ἑμπεδοῖ
1272 1439 1446 1507 λέγων
1486 1441 1515 1491 ὁ
1548 1440 1839 1505 Θεσπέσιος
1870 1441 1975 1495 Πέ-

384 1548 535 1604 τρος·
576 1548 595 1584 ι
630 1533 787 1584 Ποῖον
823 1531 933 1601 γάρ
960 1530 1137 1595 κλέος,
1168 1532 1216 1584 εί
1246 1532 1654 1601 ἁμαρτάνοντες
1690 1534 1784 1588 καὶ
1814 1533 1975 1589 κολα·

386 1626 671 1695 φιζόμενοι
717 1622 1051 1693 ὑπομένετε;
1095 1621 1233 1675 Ἀλλ’
1266 1623 1315 1676 εἰ
1349 1622 1805 1690 ἀγαθοποιοῦντες
1838 1625 1976 1680 ὑπο-

390 1717 608 1781 μένετε,
652 1712 813 1766 τοῦτο
849 1712 1009 1784 χάρις
1073 1714 1223 1784 παρά
1274 1712 1413 1784 Θεῷ,
1462 1715 1545 1767 ὅτι
1598 1715 1692 1767 καὶ
1741 1716 1976 1785 Χριστὸς

2068 622 2310 677 animum
2337 625 2581 678 laxantes
2611 642 2625 678 :
2655 638 2724 677 an
2758 623 2939 693 potius
2970 640 3076 679 una
3117 625 3370 694 precibus
3394 624 3661 689 intentos,

2070 726 2125 771 et
2173 716 2538 788 lacrymantes
2564 732 2751 772 coram
2817 716 3103 774 Salvatore
3168 719 3341 785 cerni,
3385 731 3441 774 et
3494 719 3666 787 ipsius

2068 808 2329 865 auxilium
2384 810 2544 866 avide
2605 821 2945 880 appetentes,
3006 811 3241 881 fortique
3298 811 3487 867 animo
3527 828 3666 881 pra:-

2070 901 2213 955 ditos
2261 915 2407 967 esse,
2464 902 2509 956 si
2545 901 2708 955 etiam
2757 918 2855 957 nos
2889 905 2999 972 pati
3039 903 3292 958 voluerit.
3343 902 3668 960 Consultuttt

2072 1004 2331 1062 praeterea
2385 1006 2505 1049 erat
2543 997 2686 1052 seire
2742 998 2864 1066 quis
2920 997 2993 1050 sit
3034 996 3357 1051 obedientio:
3407 995 3556 1059 finis,
3610 1004 3678 1050 et

2072 1084 2250 1153 qualis
2286 1098 2601 1157 quantaque
2626 1086 2926 1143 tolerantia:
2980 1100 3194 1142 merces
3234 1085 3308 1141 sit
3361 1085 3665 1155 proposita.

2078 1175 2285 1232 llorum
2346 1180 2535 1247 itaque
2598 1180 2842 1235 omnium
2902 1178 3071 1249 figura
3128 1186 3295 1248 atque
3357 1177 3666 1247 exemplum

2080 1267 2236 1323 nobis
2292 1269 2465 1325 factus
2533 1278 2619 1325 est
2670 1268 2942 1335 Christus,
2999 1270 3144 1338 quod
3190 1278 3247 1323 et
3298 1267 3521 1324 divinus
3580 1266 3666 1322 ille

2079 1359 2273 1415 Petrus
2304 1361 2591 1417 conﬁrmat
2614 1362 2847 1417 dicens:
2885 1380 2904 1414 ι
2940 1360 3071 1427 Quae
3108 1360 3256 1416 enim
3298 1370 3381 1415 est
3435 1360 3573 1425 laus,
3621 1360 3668 1414 si

2079 1461 2371 1519 peccantes
2435 1462 2490 1506 et
2542 1452 2867 1522 colaphizati
2923 1452 3164 1510 suﬂertis
3199 1451 3226 1506 τ
3270 1450 3376 1507 Sed
3427 1451 3476 1507 si
3533 1452 3671 1506 bene

2082 1541 2344 1597 facientes
2372 1544 2642 1612 patienter
2698 1546 3002 1611 sustinetis,
3028 1545 3144 1600 haec
3180 1552 3263 1598 est
3307 1543 3480 1613 gratia
3530 1542 3673 1611 apud

2083 1632 2248 1687 Deum
2284 1654 2298 1687 :
2329 1636 2454 1704 quia
2481 1646 2537 1691 et
2556 1636 2805 1692 Christus
2833 1651 3029 1705 passus
3046 1643 3129 1691 est
3156 1648 3254 1705 pro
3295 1632 3473 1696 vobis,
3500 1632 3689 1687 relinr

2081 1738 2257 1790 quens
2280 1725 2431 1778 vobis
2452 1727 2760 1796 exemplum
2779 1736 2841 1779 ul.
2858 1727 3165 1796 sequamini
3180 1722 3533 1795 vestigiacjus
3578 1722 3611 1778 ¹.
3649 1741 3674 1778 ι

396 1817 674 1869 ἀπέθανεν
704 1816 846 1887 ὑπὲρ
883 1814 1062 1883 ὑμῶν,
1090 1813 1217 1881 ὑμῖν
1266 1809 1664 1881 ὑπολιμπάνων
1696 1810 1985 1880 ὑπογραμ-

2092 1819 2342 1883 Proinde,
2398 1837 2505 1873 non
2539 1821 2740 1873 nudum
2795 1830 2851 1872 et
2904 1817 3295 1872 exinanitionis
3349 1833 3545 1886 expers
3580 1817 3677 1872 Dei

397 1907 519 1976 μὸν,
552 1908 639 1961 ἴνα
672 1905 1148 1974 ἐπακολουθήσητε
1178 1905 1293 1965 τοῖς
1324 1902 1528 1972 ἴχνεσιν
1568 1902 1754 1960 αὑτοῦ.
1782 1924 1800 1958 ι
1841 1905 1988 1960 06x-

393 1999 510 2061 οὖν,
553 1999 611 2050 οὑ
644 1997 850 2067 γυμνὴς
876 1995 951 2049 ὢν
979 1995 1058 2047 ἔτι
1097 1995 1190 2047 καὶ
1221 1994 1332 2047 τῶν
1363 1995 1462 2064 τῆς
1496 1993 1780 2059 κενώσεως
1816 1996 1987 2067 ἀμέτ-

395 2105 521 2157 οχος
550 2090 770 2158 τρόπων
791 2091 819 2139 ὁ
844 2086 939 2139 τοῦ
996 2085 1130 2138 Θεοῦ
1158 2084 1352 2154 Λόγος,
1383 2084 1496 2138 ἀλλ’
1522 2087 1578 2138 ὲν
1609 2088 1727 2147 ταῖς
1751 2087 1989 2157 ήμέραις

392 2182 495 2252 τῆς
535 2180 737 2250 σαρκὸς
778 2177 941 2232 αὑτοῦ
987 2177 1211 2246 γέγονεν
1257 2178 1393 2248 ἡμῖν
1452 2176 1843 2247 ὑπογραμμὸς,
1891 2179 1988 2233 ἆτε

394 2273 491 2324 καὶ
514 2272 937 2341 ἀνεπιπλήκτως
965 2269 1084 2334 ὲξδν
1122 2268 1271 2339 αὑτῷ
1299 2271 1410 2331 τοῖς
1440 2271 1538 2339 τῆς
1573 2268 1990 2341 ἁνθρωπότητος

394 2362 634 2432 χρῆσθαι
668 2362 912 2432 μέτροις,
950 2361 1045 2415 καὶ
1071 2360 1350 2413 ἀνατεῖναι
1381 2360 1558 2428 λιτὴν,
1590 2361 1680 2413 καὶ
1714 2362 1990 2416 καταστά-

396 2456 487 2517 ξαι
530 2454 787 2524 δάκρυον,
834 2452 927 2506 καὶ
971 2452 1153 2505 δοκεῖν
1190 2451 1292 2521 ήδη
1342 2468 1461 2513 πως
1511 2451 1606 2504 καὶ
1652 2451 1858 2506 δεῖσθαι
1896 2449 1990 2505 τοῦ

399 2541 687 2605 σώζοντος,
718 2542 813 2595 καὶ
846 2540 1140 2609 μανθάνειν
1189 2541 1288 2610 τὴν
1318 2540 1588 2611 ὑπακοὴν,
1623 2541 1822 2612 καίπερ
1862 2542 1991 2596 ὄντα

398 2634 548 2687 Υιόν.
577 2633 943 2703 Κατατέθηπε
982 2633 1093 2704 γὰρ
1120 2632 1311 2702 ὥσπερ
1336 2632 1398 2685 τὸ
1431 2634 1729 2703 μυστήριον
1762 2636 1791 2686 ὁ
1820 2650 1989 2687 πνευ-

401 2722 731 2793 ματοφόρος,
762 2724 845 2775 ὅτι
880 2721 1041 2790 φύσει
1080 2740 1140 2776 τε
1172 2723 1267 2776 καὶ
1296 2722 1511 2793 ἀληθῶς
1545 2723 1806 2794 ὑπάρχων
1842 2724 1989 2789 Υἱὸς,

399 2813 495 2866 καὶ
521 2815 633 2875 τοῖς
657 2812 757 2881 τῆς
788 2811 1038 2882 θεότητος
1071 2815 1388 2883 αὐχήμασιν
1415 2815 1726 2884 ἐμπρεπὴς,
1752 2816 1994 2885 καθῆκεν

399 2904 593 2959 ἑαυτὸν
623 2905 704 2966 είς
731 2904 1080 2969 ταπείνωσιν,
1105 2904 1180 2967 ὡς
1211 2905 1311 2974 τῆς
1343 2904 1686 2976 ἀνθρωπίνης
1721 2908 1993 2977 πτωχείας

399 2995 655 3049 ὑπελθεῖν
700 2994 763 3048 τὸ
811 2995 1245 3066 σμικροπρεπές.
1282 2995 1421 3047 Ἀλλ’
1463 2990 1529 3067 ἦν
1567 2999 1648 3060 εἰς
1688 2998 1870 3068 ἡμᾶς,
1917 2998 1995 3061 ὡς

400 3087 558 3155 ἔφην,
588 3089 616 3140 ὁ
636 3084 732 3139 τοῦ
764 3086 1087 3156 πράγματος
1112 3086 1302 3152 τύπος,
1336 3086 1496 3151 καλὸς
1526 3090 1619 3140 καὶ
1646 3090 1991 3161 ὀνησιφόροςο

2084 1911 2348 1974 νυτιωω,
2555 1908 2651 1963 sed
2694 1908 2746 1961 in
2773 1906 2963 1962 diebus
2991 1908 3176 1962 carnis
3214 1923 3325 1963 sure
3361 1907 3566 1963 factum
3587 1919 3671 1964 est

2090 1998 2247 2054 nobis
2295 1996 2601 2068 exemplum
2639 2014 2656 2063 ;
2690 2000 2825 2051 adeo
2888 2008 2951 2051 ut
3008 1998 3146 2052 citra
3191 1999 3687 2067 reprehensionem-

2090 2091 2246 2146 liceat
2284 2091 2331 2145 ei
2360 2089 2609 2144 humanis
2641 2089 2884 2143 moribus
2924 2088 3027 2153 uti,
3058 2097 3115 2143 et
3159 2106 3347 2159 preces
3370 2089 3586 2150 offerre.
3615 2098 3672 2144 et

2092 2183 2360 2253 lacrymas
2422 2180 2775 2251 profundere,
2832 2188 2887 2234 et
2939 2179 3277 2236 Salvatorem
3330 2162 3695 2251 exspectare-

2090 2285 2255 2340 atqne
2295 2271 2611 2341 implorare,
2662 2281 2718 2324 et
2745 2271 3112 2325 obedientiam
3166 2270 3401 2331 discere.
3457 2270 3670 2323 tametsi

2087 2366 2158 2417 sit
2189 2362 2377 2417 Filius.
2396 2362 2674 2417 Attonitus
2695 2362 2839 2416 enim
2867 2362 3271 2430 quodammodo
3296 2361 3397 2415 fuit
3428 2362 3670 2431 mysterii

2090 2452 2463 2523 magnitudine
2508 2452 2798 2521 Apostolus
2863 2450 3067 2521 Spiritu
3104 2450 3342 2517 alii-atus,
3402 2452 3545 2519 quod
3577 2466 3674 2504 na-

2090 2556 2206 2597 tura
2241 2559 2306 2599 ac
2335 2558 2461 2599 vere
2483 2544 2757 2599 exsistens
2779 2542 2970 2609 Filius,
3024 2552 3080 2597 et
3112 2543 3291 2595 divina
3330 2542 3500 2610 gleria
3532 2541 3672 2595 emi-

2090 2654 2249 2705 nens,
2300 2638 2536 2707 seipsum
2581 2637 2649 2689 ad
2695 2652 2817 2691 eam
2872 2635 3227 2689 humilitatem
3276 2633 3578 2695 demiserit,
3615 2642 3673 2685 ut

2090 2735 2338 2787 humanm
2369 2731 2563 2800 inopiae
2584 2730 2845 2784 vilitatem
2880 2729 3063 2783 subire
3092 2744 3199 2782 non
3225 2728 3513 2781 recusarit.
3542 2726 3675 2791 Sed,

2089 2824 2310 2889 otdixi,
2362 2822 2561 2893 negotii
2615 2821 2779 2891 hujus
2834 2819 3140 2889 exemplum
3193 2819 3260 2872 ad
3313 2833 3413 2873 nos
3481 2833 3676 2888 magno

2089 2926 2276 2970 nostro
2324 2913 2609 2969 commodo
2678 2911 2958 2982 spectabat
3004 2928 3021 2965 :
3071 2916 3131 2964 ιιι
3179 2908 3507 2964 doceremur
3569 2925 3673 2963 non

2090 3009 2290 3062 debere
2314 3021 2412 3060 nos
2448 3005 2503 3059 in
2549 3004 2711 3058 aliam
2749 3004 2888 3057 viam
2933 3001 3241 3065 deflectere,
3279 2985 3412 3055 cum.
3461 3008 3675 3069 tempus

2091 3096 2459 3152 fortitudinem
2485 3101 2673 3163 poscat
2695 3109 2711 3158 ;
2732 3094 2877 3163 quod
2913 3092 2994 3147 vel
3031 3092 3158 3146 hinc
3181 3092 3385 3160 optime
3405 3089 3677 3159 quispiam

400 3175 478 3239 ὡς
511 3176 570 3228 τό
604 3192 687 3229 τοι
723 3174 798 3245 μὴ
828 3176 1025 3245 χρῆναι
1054 3175 1292 3245 διᾴττειν
1322 3178 1470 3247 ἡμᾶς
1514 3180 1594 3242 εἰς
1627 3179 1823 3251 ἑτέραν
1852 3180 1985 3247 ὁδὸν,

2095 3184 2440 3241 intellexerit.
2509 3182 2764 3239 Christus
2809 3182 2955 3237 enim
3009 3180 3136 3235 alibi
3185 3179 3402 3249 quidem
3456 3180 3672 3248 inquit:

403 3266 499 3317 καὶ
538 3265 600 3318 οὑ
629 3265 745 3337 [71).
773 3264 993 3338 καιροῦ]
1019 3265 1311 3331 καλοῦντος
1339 3270 1419 3331 είς
1446 3269 1753 3338 εὐανδρίαν,
1781 3271 1996 3342 ἀναμά-

398 3359 484 3411 θοι
515 3375 601 3422 τις
634 3359 702 3413 ἂν
736 3358 1013 3426 ἐντεῦθεν,
1054 3359 1149 3413 καὶ
1176 3360 1350 3430 ῥᾷστά
1374 3378 1437 3428 γε
1460 3361 1546 3432 δή.
1581 3363 1689 3416 Καὶ
1722 3364 1854 3432 γοῦν
1890 3367 1992 3438 ἔφη

394 3452 654 3523 Χριστὸς,
696 3451 829 3504 ποτὲ
864 3451 985 3522 μὲν,
1014 3451 1097 3506 ὅτι
1136 3453 1231 3507 καὶ
1270 3473 1287 3505 ι
1319 3453 1412 3524 Μὴ
1453 3454 1705 3522 φοϐεῖσθε
1739 3457 1847 3509 ἀπὸ
1880 3458 1994 3511 τῶν

396 3543 840 3598 ἀποκτιννύντων
872 3543 935 3596 τὸ
967 3545 1148 3615 σῶμα,
1200 3547 1299 3616 τὴν
1330 3546 1387 3599 δὲ
1416 3546 1596 3617 ψυχὴν
1634 3547 1708 3618 μὴ
1754 3548 1992 3620 δυναμέ-

397 3654 508 3689 νων
541 3637 897 3689 ἀποκτεῖναι·
932 3636 1208 3707 φοϐήθητε
1234 3636 1290 3689 δὲ
1327 3638 1530 3706 μᾶλλον
1576 3638 1666 3691 τὸν
1694 3638 1994 3709 δυνάμενον

400 3731 493 3783 καὶ
521 3727 699 3799 ψυχὴν
728 3729 823 3780 καὶ
852 3727 1012 3799 σῶμα
1055 3728 1321 3781 ἀπολέσαι
1357 3730 1416 3781 ὲν
1454 3729 1680 3803 γεέννῃ·
1708 3748 1726 3780 ι
1765 3732 1892 3783 ποτὲ
1935 3732 1993 3785 δὲ

391 3817 483 3886 αὖ,
537 3839 555 3872 ι
585 3818 651 3874 El’
682 3836 765 3883 τις
802 3819 945 3872 θέλει
985 3820 1161 3873 ὀπίσω
1194 3838 1295 3890 μου
1341 3820 1535 3885 ἐλθεῖν,
1583 3822 1994 3893 ἀπαρνησάσθω

394 3913 610 3978 ἑαυτὸν,
649 3913 745 3966 καὶ
779 3912 969 3982 ἀράτω
995 3913 1088 3967 τὸν
1117 3913 1351 3983 σταυρὸν
1383 3913 1600 3978 ἑαυτοῦ,
1635 3914 1728 3967 καῖ
1763 3913 1993 3967 ἀκολου-

396 4003 561 4057 θείτω
593 4020 705 4073 μοι.
731 4021 749 4054 ι
784 4003 858 4056 Τὸ
889 4003 948 4057 δὲ
973 4003 1083 4057 δεῖν
1108 4005 1318 4057 οἴεσθαι
1356 4005 1779 4058 κατακολουθεῖν
1816 4004 1990 4074 αὐτῷ,

396 4095 452 4147 τί
491 4094 559 4149 ἀν
589 4095 779 4165 ἓτερον
831 4095 919 4167 εἴη
963 4096 1115 4166 παρά
1144 4112 1207 4164 γε
1236 4097 1300 4149 τὸ
1323 4096 1517 4166 χρῆναι
1544 4096 1994 4167 κατανὸρίζεσθαι

399 4189 744 4256 πειρασμῶν,
777 4190 915 4260 μετά
940 4188 1036 4242 τοῦ
1063 4190 1164 4260 τὴν
1188 4190 1396 4245 ἀνωθεν
1434 4192 1757 4261 ἐπικουρίαν
1798 4192 1991 4253 αἰτεῖν,

2095 3298 2113 3331 ι
2146 3278 2322 3334 Nolite
2350 3278 2539 3332 timere
2565 3290 2661 3331 eos
2689 3275 2781 3345 qui
2812 3274 3151 3331 interficiunt
3172 3287 3397 3343 corpus,
3429 3273 3685 3328 animam

2088 3382 2267 3426 autem
2331 3385 2437 3424 non
2496 3378 2725 3437 possunt
2774 3365 3028 3422 occidere
3070 3365 3212 3421 :sed
3262 3366 3443 3435 potius
3488 3364 3676 3420 timete

2092 3478 2211 3517 eum
2274 3462 2363 3529 qui
2416 3469 2591 3529 potest
2620 3468 2676 3512 et
2706 3458 2948 3512 animam
3007 3465 3064 3512 et
3109 3471 3309 3527 corpus
3344 3455 3571 3525 perdere
3616 3454 3678 3509 in

2091 3552 2394 3622 gehennam
2420 3550 2485 3602 ⁸⁸.
2522 3568 2542 3601 ι
2575 3549 2714 3602 Alibi
2746 3563 2874 3604 vero
2907 3565 2921 3601 :
2958 3565 2980 3598 ι
3023 3546 3081 3601 Si
3118 3548 3242 3616 quis
3274 3545 3391 3601 vult
3433 3555 3555 3615 post
3584 3560 3681 3600 me

2095 3645 2295 3703 venire,
2320 3644 2552 3712 abneget
2581 3645 2958 3711 semetipsum,
2994 3649 3049 3694 et
3096 3639 3250 3694 tollat
3273 3652 3491 3693 crucem
3515 3653 3679 3693 suam

2068 3745 2143 3792 et
2188 3743 2447 3805 sequatur
2481 3748 2566 3787 me
2588 3732 2653 3787 ⁶⁹.
2687 3750 2706 3784 ι
2761 3731 2915 3797 Quod
2973 3738 3156 3786 autem
3202 3739 3454 3801 oporteat
3498 3730 3678 3799 ipsum

2091 3828 2264 3897 sequi,
2307 3827 2569 3896 quidnam
2613 3825 2758 3878 aliud
2799 3824 3095 3893 signiﬁcet,
3125 3839 3289 3893 quam
3335 3822 3537 3878 debere
3577 3838 3679 3877 nos
3760 3860 3763 3863 ι

2092 3921 2304 3976 fortiter
2345 3918 2617 3974 obsistere
2680 3915 3096 3980 tentationibos,
3159 3930 3285 3970 cum
3333 3915 3677 3969 invocatione

2091 4012 2279 4068 auxilii
2301 4010 2491 4074 divini,
2517 4024 2626 4064 non
2654 4008 2993 4078 negligenter
3014 4021 3080 4062 ac
3107 4008 3355 4071 remisse,
3384 4007 3477 4061 sed
3499 4005 3681 4076 potius

2092 4114 2307 4161 utentes
2334 4104 2589 4173 precibus
2612 4098 3056 4165 ferventissimis,
3087 4099 3204 4170 pias
3224 4100 3379 4153 nobis
3417 4114 3484 4153 ex
3507 4098 3679 4154 oculis

2094 4198 2360 4264 lacrymas
2393 4192 2818 4250 excutientibus.

398 4288 502 4341 οὑκ
529 4281 822 4354 ἀτημελῶς
860 4296 921 4332 τε
961 4280 1055 4333 καὶ
1086 4278 1464 4348 παρειμένους,
1498 4275 1882 4347 κεχρημένους
1920 4273 1978 4326 δὲ
2026 4274 2230 4347 μᾶλλον
2264 4273 2440 4337 λιταῖς
2487 4274 2607 4336 ταῖς
2638 4272 3058 4335 ὲκτενεστάταις
3100 4271 3196 4327 καὶ
3224 4270 3519 4335 καθιέντας
3569 4268 3679 4343 6p.-

404 4385 595 4454 μάτων
625 4382 689 4431 τὸ
721 4376 780 4441 ἐξ
807 4375 1096 4436 εὐλαϐείας
1120 4375 1386 4444 δάκρυονς

406 4476 519 4529 Τοῦ
557 4471 745 4525 αὐτοῦ
786 4470 854 4521 ἐκ
888 4466 1007 4521 τῶν
1037 4466 1172 4533 περὶ
1214 4465 1326 4531 τῆς
1360 4461 1635 4524 ἐνώσεως
1675 4458 1975 4526 Σχολίων.

474 4565 549 4617 Τὸ
574 4565 675 4628 τῆς
708 4562 955 4621 ἑνώσεως
994 4558 1183 4628 χρῆμα
1214 4557 1358 4608 κατὰ
1390 4551 1621 4613 πολλοὺς
1654 4549 1988 4602 ἐπιτελεῖται

2432 4459 2683 4527 Ejusdem
2713 4476 2777 4513 ex
2810 4458 3029 4512 Scholiis
3059 4458 3125 4511 de
3154 4460 3365 4513 unione.

2169 4549 2445 4603 Adunatio
2477 4549 2663 4603 multis
2699 4550 2876 4603 modis
2916 4548 3176 4617 impletur
3207 4566 3223 4603 :
3268 4549 3504 4617 sejuncti
3532 4551 3685 4604 enim

400 4616 672 4725 triduoue:
707 4616 1043 4725 διῃρημένοι¹
1076 4616 1183 4716 νάρ
1220 4665 1365 4709 τινες
1420 4645 1560 4698 κατὰ
1615 4641 1861 4696 διάθεσιν
1894 4641 1985 4693 καὶ

2098 4638 2345 4694 nonnulli
2367 4637 2563 4694 allecto
2599 4640 2681 4694 vel
2714 4616 3015 4703 voluntate,
3037 4646 3092 4692 et
3117 4616 3500 4693 discordantes
3543 4639 3685 4692 inter

404 4748 651 4820 γνώμην,
685 4748 781 4802 καὶ
820 4743 1182 4815 διχονοοῦντες
1216 4741 1351 4808 πρὸς
1385 4736 1653 4805 ἀλλήλους
1674 4772 1689 4795 ,
1738 4730 1989 4785 ένοῦσθαι

404 4822 658 4910 λέξονται
685 4840 825 4894 κατά
852 4837 1123 4907 σύμβασιν
1153 4832 1401 4902 φιλικὴν,
1424 4832 1485 4882 ἐκ
1508 4828 1673 4893 μέσου
1701 4823 1988 4886 ποιοῦντες

402 4937 503 4997 τάς
547 4934 815 5004 διαφοράς
839 4949 853 4964 ·
887 4928 1141 4984 ὲνοῦσθαι
1171 4924 1229 4978 δέ
1255 4940 1441 4994 φαμεν
1488 4923 1585 4974 καὶ
1617 4920 1685 4974 τὰ
1735 4916 1988 4989 ἀλλήλοις

406 5026 743 5095 κολλώμενα,
775 5024 943 5094 ήγουν
995 5016 1373 5089 συνηνεγμένα
1429 5013 1553 5067 καθ’
1587 5012 1810 5082 ἐτέρους
1862 5006 1988 5079 τρό-

408 5132 563 5179 πους,
597 5116 631 5184 ἢ
668 5114 809 5168 κατά
846 5110 1173 5181 παράθεσιν,
1212 5107 1243 5178 ἢ
1284 5105 1451 5175 μίξιν,
1496 5102 1529 5173 ἢ
1575 5104 1771 5172 κρᾶσιν
1795 5117 1809 5132 ·
1857 5101 1989 5154 ὅταν

407 5204 500 5259 οὖν
541 5205 792 5259 ὲνοῦσθαι
824 5206 1059 5274 λέγομεν
1096 5204 1160 5270 τῇ
1198 5198 1321 5252 καθ’
1362 5198 1507 5266 ἡμᾶς
1542 5193 1705 5263 φύσει
1752 5193 1845 5249 τὸν
1892 5193 1987 5247 τοῦ

406 5298 543 5352 Θεοῦ
574 5297 767 5364 Λόγον,
794 5298 1057 5365 κρείττων
1079 5294 1276 5365 ὁρᾶται
1307 5290 1406 5358 τῆς
1431 5286 1721 5357 ἀνθρώπου
1748 5286 1987 5349 διανοίας

406 5393 559 5461 ὁτῆς
607 5393 855 5453 ὲνώσεως
893 5389 1131 5459 τρόπος⁸
1165 5388 1227 5439 οὑ
1282 5384 1389 5451 γάρ
1436 5398 1520 5432 τοι
1565 5378 1691 5432 καθ’
1740 5378 1841 5431 ἕνα
1884 5378 1994 5430 τῶν

409 5485 716 5555 εἰρημένων
741 5486 887 5536 ἐστίν
908 5496 921 5510 ⁸
950 5481 1262 5551 ἀπόρρητος
1288 5477 1342 5528 δὲ
1378 5471 1679 5536 παντελῶς,
1699 5473 1795 5525 καὶ
1816 5470 1994 5523 οὐδενὶ

409 5579 548 5649 τάχα
578 5577 686 5629 τῶν
720 5576 893 5629 ὄντων
947 5572 1369 5642 διεγνωσμένος,
1407 5566 1550 5638 πλὴν
1596 5566 1678 5619 ὅτι
1740 5562 1888 5633 μόνῳ
1918 5562 1998 5633 τῷ

413 5673 593 5726 πάντα
633 5670 797 5723 εἰδότι
830 5666 952 5737 Θεῷ

484 5858 500 5888 ⁸
538 5857 557 5911 ι
590 5852 733 5912 Petr.
760 5869 820 5918 tt,
849 5850 939 5915 ‘20,
970 5849 1060 5905 2t.

2096 4744 2177 4793 se,
2214 4727 2443 4783 adunari
2502 4728 2782 4794 dicuntur,
2824 4742 2921 4796 per
2970 4726 3476 4783 reconciliationem
3514 4742 3543 4781 s
3579 4728 3685 4781 cii-

2098 4824 2227 4891 lem,
2258 4822 2503 4891 deposita
2550 4822 2847 4878 simultate.
2893 4821 3138 4877 Aduuari
3188 4819 3320 4875 item
3354 4819 3590 4875 dicimus
3622 4834 3687 4875 ea

2097 4932 2219 4987 quae
2248 4917 2352 4972 sibi
2381 4915 2853 4987 conglutinantur,
2880 4914 2999 4970 sive
3021 4912 3198 4968 modis
3225 4912 3348 4969 aliis
3384 4912 3685 4967 conferun-

2098 5019 2205 5078 tur,
2228 5018 2323 5065 aut
2348 5025 2445 5080 per
2477 5008 3075 5078 compositionem,aut
3105 5020 3204 5075 per
3232 5005 3686 5069 mistinnem,aut

2098 5116 2197 5171 per
2224 5100 2696 5171 temperationem.
2746 5098 2975 5163 Quoties
3014 5105 3198 5152 autem
3236 5097 3531 5150 adunatum
3567 5110 3689 5149 esse

2101 5202 2304 5248 nostra:
2341 5202 2551 5247 naturae
2577 5191 2667 5246 Dei
2705 5190 2942 5246 Verbum
2974 5188 3413 5255 dicimus;omni
3447 5187 3689 5241 humana

2096 5286 2422 5357 cogitatione
2480 5284 2829 5339 adunationis
2880 5282 3002 5352 ejus
3059 5280 3256 5336 modus
3311 5278 3523 5333 videtur
3563 5291 3689 5333 esse

2098 5380 2368 5449 superior.
2435 5376 2622 5446 Neque
2669 5375 2816 5429 cnim
2864 5391 2960 5443 per
3010 5389 3174 5443 supra
3218 5371 3452 5438 scriptos
3494 5370 3690 5425 modos

2101 5470 2241 5524 facta
2272 5480 2357 5526 cst
2398 5485 2596 5525 arcana
2631 5469 2741 5530 illa,
2774 5478 2829 5522 et
2872 5466 3009 5523 nulli
3052 5463 3268 5534 penitus
3309 5468 3462 5529 nota,
3494 5461 3599 5518 nisi
3635 5461 3687 5516 ci

2100 5564 2187 5618 cui
2219 5564 2402 5618 omnia
2434 5572 2563 5619 nota
2597 5572 2746 5623 sunt,
2782 5560 2936 5614 unio.
