  <div class='ocr_page' id='page_1' title='image "/cluster/home/n/w/nwhite01/storage/ocr_20150623/130:no.3/coo.31924054870351/502.png"; bbox 0 0 4082 6418; ppageno 0'>
   <div class='ocr_carea' id='block_1_1' title="bbox 408 396 520 458">
    <p class='ocr_par' dir='ltr' id='par_1_1' title="bbox 408 396 520 458">
     <span class='ocr_line' id='line_1_1' title="bbox 408 396 520 458; baseline -0.018 -2"><span class='ocrx_word' id='word_1_1' title='bbox 408 396 520 458; x_wconf 74' lang='grc'><strong>985</strong></span> 
     </span>
    </p>
   </div>
   <div class='ocr_carea' id='block_1_2' title="bbox 1379 378 2696 447">
    <p class='ocr_par' dir='ltr' id='par_1_2' title="bbox 1379 378 2696 447">
     <span class='ocr_line' id='line_1_2' title="bbox 1379 378 2696 447; baseline -0.003 0"><span class='ocrx_word' id='word_1_2' title='bbox 1379 390 1749 447; x_wconf 59' lang='grc' dir='ltr'>ιολπειιίιιΛ</span> <span class='ocrx_word' id='word_1_3' title='bbox 1796 378 2255 442; x_wconf 78' lang='lat' dir='ltr'><strong>DOGMATICA.</strong></span> <span class='ocrx_word' id='word_1_4' title='bbox 2285 404 2355 417; x_wconf 89' lang='lat'><strong>—</strong></span> <span class='ocrx_word' id='word_1_5' title='bbox 2384 381 2531 443; x_wconf 84' lang='lat' dir='ltr'><strong>TlT.</strong></span> <span class='ocrx_word' id='word_1_6' title='bbox 2576 381 2696 443; x_wconf 80' lang='lat' dir='ltr'><strong>XV.</strong></span> 
     </span>
    </p>
   </div>
   <div class='ocr_carea' id='block_1_3' title="bbox 3580 386 3684 447">
    <p class='ocr_par' dir='ltr' id='par_1_3' title="bbox 3580 386 3684 447">
     <span class='ocr_line' id='line_1_3' title="bbox 3580 386 3684 447; baseline 0.038 -4"><span class='ocrx_word' id='word_1_7' title='bbox 3580 386 3684 447; x_wconf 73' lang='lat'><strong>986</strong></span> 
     </span>
    </p>
   </div>
   <div class='ocr_carea' id='block_1_4' title="bbox 412 514 2003 597">
    <p class='ocr_par' dir='ltr' id='par_1_4' title="bbox 412 514 1996 590">
     <span class='ocr_line' id='line_1_4' title="bbox 412 514 1996 590; baseline -0.004 -15"><span class='ocrx_word' id='word_1_8' title='bbox 412 522 559 575; x_wconf 71' lang='grc' dir='ltr'>κατὶ</span> <span class='ocrx_word' id='word_1_9' title='bbox 584 520 762 590; x_wconf 71' lang='grc' dir='ltr'>σάρκα</span> <span class='ocrx_word' id='word_1_10' title='bbox 789 536 855 573; x_wconf 82' lang='grc' dir='ltr'><strong>εκ</strong></span> <span class='ocrx_word' id='word_1_11' title='bbox 881 534 1161 589; x_wconf 76' lang='grc' dir='ltr'>γυναικος,</span> <span class='ocrx_word' id='word_1_12' title='bbox 1192 530 1292 588; x_wconf 66' lang='grc' dir='ltr'><strong>οὑχ</strong></span> <span class='ocrx_word' id='word_1_13' title='bbox 1313 521 1387 581; x_wconf 85' lang='grc' dir='ltr'>ὼς</span> <span class='ocrx_word' id='word_1_14' title='bbox 1409 520 1509 587; x_wconf 82' lang='grc' dir='ltr'><strong>τῆς</strong></span> <span class='ocrx_word' id='word_1_15' title='bbox 1536 519 1685 577; x_wconf 79' lang='grc' dir='ltr'>Θείας</span> <span class='ocrx_word' id='word_1_16' title='bbox 1710 514 1876 570; x_wconf 81' lang='grc' dir='ltr'>αὑτοῦ</span> <span class='ocrx_word' id='word_1_17' title='bbox 1906 514 1996 584; x_wconf 73' lang='grc' dir='ltr'>φύ-</span> 
     </span>
    </p>
   </div>
   <div class='ocr_carea' id='block_1_5' title="bbox 2090 514 3681 597">
    <p class='ocr_par' dir='ltr' id='par_1_5' title="bbox 2102 526 3681 597">
     <span class='ocr_line' id='line_1_5' title="bbox 2102 526 3681 597; baseline 0.002 -16"><span class='ocrx_word' id='word_1_18' title='bbox 2102 538 2183 581; x_wconf 89' lang='lat' dir='ltr'><strong>tre</strong></span> <span class='ocrx_word' id='word_1_19' title='bbox 2207 527 2425 597; x_wconf 76' lang='lat' dir='ltr'><strong>genitus</strong></span> <span class='ocrx_word' id='word_1_20' title='bbox 2445 526 2567 591; x_wconf 83' lang='lat' dir='ltr'><strong>fuit,</strong></span> <span class='ocrx_word' id='word_1_21' title='bbox 2602 526 2907 580; x_wconf 88' lang='lat' dir='ltr'><strong>secundum</strong></span> <span class='ocrx_word' id='word_1_22' title='bbox 2937 541 3156 581; x_wconf 86' lang='lat' dir='ltr'><strong>carnem</strong></span> <span class='ocrx_word' id='word_1_23' title='bbox 3181 542 3246 581; x_wconf 81' lang='lat' dir='ltr'><strong>ex</strong></span> <span class='ocrx_word' id='word_1_24' title='bbox 3270 529 3498 583; x_wconf 83' lang='lat' dir='ltr'><strong>muliere</strong></span> <span class='ocrx_word' id='word_1_25' title='bbox 3520 540 3681 585; x_wconf 88' lang='lat' dir='ltr'><strong>natus</strong></span> 
     </span>
    </p>
   </div>
   <div class='ocr_carea' id='block_1_6' title="bbox 416 607 1997 683">
    <p class='ocr_par' dir='ltr' id='par_1_6' title="bbox 416 607 1997 683">
     <span class='ocr_line' id='line_1_6' title="bbox 416 607 1997 683; baseline -0.004 -17"><span class='ocrx_word' id='word_1_26' title='bbox 416 630 555 676; x_wconf 87' lang='grc' dir='ltr'>σεως</span> <span class='ocrx_word' id='word_1_27' title='bbox 588 612 765 683; x_wconf 78' lang='grc' dir='ltr'>ἀρχὴν</span> <span class='ocrx_word' id='word_1_28' title='bbox 797 613 890 665; x_wconf 89' lang='grc' dir='ltr'><strong>τοῦ</strong></span> <span class='ocrx_word' id='word_1_29' title='bbox 924 607 1066 665; x_wconf 77' lang='grc' dir='ltr'>εἶναι</span> <span class='ocrx_word' id='word_1_30' title='bbox 1109 610 1381 679; x_wconf 69' lang='grc' dir='ltr'>λαϐούσης</span> <span class='ocrx_word' id='word_1_31' title='bbox 1469 611 1527 661; x_wconf 81' lang='grc' dir='ltr'><strong>ἐν</strong></span> <span class='ocrx_word' id='word_1_32' title='bbox 1573 612 1638 680; x_wconf 82' lang='grc' dir='ltr'>τῇ</span> <span class='ocrx_word' id='word_1_33' title='bbox 1680 609 1815 678; x_wconf 70' lang='grc' dir='ltr'>ἁγίᾳ.</span> <span class='ocrx_word' id='word_1_34' title='bbox 1847 609 1997 678; x_wconf 85' lang='grc' dir='ltr'>Παρ-</span> 
     </span>
    </p>
   </div>
   <div class='ocr_carea' id='block_1_7' title="bbox 413 701 1996 778">
    <p class='ocr_par' dir='ltr' id='par_1_7' title="bbox 413 701 1996 778">
     <span class='ocr_line' id='line_1_7' title="bbox 413 701 1996 778; baseline -0.005 -17"><span class='ocrx_word' id='word_1_35' title='bbox 413 706 573 777; x_wconf 79' lang='grc' dir='ltr'>θένῳ’</span> <span class='ocrx_word' id='word_1_36' title='bbox 598 707 723 761; x_wconf 82' lang='grc' dir='ltr'>οὕτε</span> <span class='ocrx_word' id='word_1_37' title='bbox 757 707 865 778; x_wconf 84' lang='grc' dir='ltr'>μὴν</span> <span class='ocrx_word' id='word_1_38' title='bbox 886 707 1170 776; x_wconf 78' lang='grc' dir='ltr'><strong>δεηθείσης</strong></span> <span class='ocrx_word' id='word_1_39' title='bbox 1206 703 1522 772; x_wconf 78' lang='grc' dir='ltr'><strong>ἀναγκαίως</strong></span> <span class='ocrx_word' id='word_1_40' title='bbox 1552 704 1617 757; x_wconf 82' lang='grc' dir='ltr'>δι’</span> <span class='ocrx_word' id='word_1_41' title='bbox 1649 701 1847 773; x_wconf 79' lang='grc' dir='ltr'>ἑαυτὴν</span> <span class='ocrx_word' id='word_1_42' title='bbox 1871 702 1996 754; x_wconf 83' lang='grc' dir='ltr'>δευ-</span> 
     </span>
    </p>
   </div>
   <div class='ocr_carea' id='block_1_8' title="bbox 413 792 1999 870">
    <p class='ocr_par' dir='ltr' id='par_1_8' title="bbox 413 792 1999 870">
     <span class='ocr_line' id='line_1_8' title="bbox 413 792 1999 870; baseline -0.004 -18"><span class='ocrx_word' id='word_1_43' title='bbox 413 792 589 870; x_wconf 78' lang='grc' dir='ltr'>τέρας</span> <span class='ocrx_word' id='word_1_44' title='bbox 626 800 964 869; x_wconf 81' lang='grc' dir='ltr'><strong>γεννήσεως,</strong></span> <span class='ocrx_word' id='word_1_45' title='bbox 1008 796 1146 867; x_wconf 77' lang='grc' dir='ltr'>μετὰ</span> <span class='ocrx_word' id='word_1_46' title='bbox 1188 796 1288 866; x_wconf 80' lang='grc' dir='ltr'>τὴν</span> <span class='ocrx_word' id='word_1_47' title='bbox 1320 799 1385 849; x_wconf 82' lang='grc' dir='ltr'><strong>ὲκ</strong></span> <span class='ocrx_word' id='word_1_48' title='bbox 1421 794 1655 865; x_wconf 87' lang='grc' dir='ltr'>Πατρός.</span> <span class='ocrx_word' id='word_1_49' title='bbox 1698 794 1852 846; x_wconf 83' lang='grc' dir='ltr'>Ἔστι</span> <span class='ocrx_word' id='word_1_50' title='bbox 1889 794 1999 865; x_wconf 81' lang='grc' dir='ltr'><strong>γὰρ</strong></span> 
     </span>
    </p>
   </div>
   <div class='ocr_carea' id='block_1_9' title="bbox 414 887 1999 960">
    <p class='ocr_par' dir='ltr' id='par_1_9' title="bbox 414 887 1999 960">
     <span class='ocr_line' id='line_1_9' title="bbox 414 887 1999 960; baseline -0.004 -15"><span class='ocrx_word' id='word_1_51' title='bbox 414 890 622 945; x_wconf 72' lang='grc' dir='ltr'>σίκαῖόν</span> <span class='ocrx_word' id='word_1_52' title='bbox 651 907 711 944; x_wconf 86' lang='grc' dir='ltr'><strong>τε</strong></span> <span class='ocrx_word' id='word_1_53' title='bbox 739 888 875 960; x_wconf 85' lang='grc' dir='ltr'>ὁμοῦ</span> <span class='ocrx_word' id='word_1_54' title='bbox 906 890 999 942; x_wconf 76' lang='grc' dir='ltr'><strong>καὶ</strong></span> <span class='ocrx_word' id='word_1_55' title='bbox 1022 888 1234 959; x_wconf 81' lang='grc' dir='ltr'>ἀμαθὲς</span> <span class='ocrx_word' id='word_1_56' title='bbox 1257 888 1349 941; x_wconf 81' lang='grc' dir='ltr'>τὸν</span> <span class='ocrx_word' id='word_1_57' title='bbox 1377 889 1690 959; x_wconf 80' lang='grc' dir='ltr'>ὑπάρχοντα</span> <span class='ocrx_word' id='word_1_58' title='bbox 1726 887 1835 958; x_wconf 84' lang='grc' dir='ltr'><strong>πρὸ</strong></span> <span class='ocrx_word' id='word_1_59' title='bbox 1862 904 1999 940; x_wconf 86' lang='grc' dir='ltr'>παν-</span> 
     </span>
    </p>
   </div>
   <div class='ocr_carea' id='block_1_10' title="bbox 413 976 1993 1052">
    <p class='ocr_par' dir='ltr' id='par_1_10' title="bbox 413 976 1993 1052">
     <span class='ocr_line' id='line_1_10' title="bbox 413 976 1993 1052; baseline -0.003 -18"><span class='ocrx_word' id='word_1_60' title='bbox 413 984 508 1044; x_wconf 75' lang='grc' dir='ltr'>τὺς</span> <span class='ocrx_word' id='word_1_61' title='bbox 535 982 762 1048; x_wconf 74' lang='grc' dir='ltr'>αἰῶνος,</span> <span class='ocrx_word' id='word_1_62' title='bbox 790 981 886 1034; x_wconf 74' lang='grc' dir='ltr'>καὶ</span> <span class='ocrx_word' id='word_1_63' title='bbox 911 980 1179 1035; x_wconf 72' lang='grc' dir='ltr'>ωναῖδιον</span> <span class='ocrx_word' id='word_1_64' title='bbox 1206 980 1285 1051; x_wconf 84' lang='grc' dir='ltr'>τῷ</span> <span class='ocrx_word' id='word_1_65' title='bbox 1329 981 1506 1052; x_wconf 77' lang='grc' dir='ltr'>Πατρὶ</span> <span class='ocrx_word' id='word_1_66' title='bbox 1527 1020 1542 1043; x_wconf 93' lang='grc'><strong>,</strong></span> <span class='ocrx_word' id='word_1_67' title='bbox 1570 976 1778 1031; x_wconf 82' lang='grc' dir='ltr'>δεῖσθαι</span> <span class='ocrx_word' id='word_1_68' title='bbox 1810 978 1993 1046; x_wconf 80' lang='grc' dir='ltr'>λέγειν</span> 
     </span>
    </p>
   </div>
   <div class='ocr_carea' id='block_1_11' title="bbox 415 1067 1992 1143">
    <p class='ocr_par' dir='ltr' id='par_1_11' title="bbox 415 1067 1992 1143">
     <span class='ocr_line' id='line_1_11' title="bbox 415 1067 1992 1143; baseline -0.003 -17"><span class='ocrx_word' id='word_1_69' title='bbox 415 1072 591 1143; x_wconf 81' lang='grc' dir='ltr'>ἀρχῆς</span> <span class='ocrx_word' id='word_1_70' title='bbox 623 1073 722 1142; x_wconf 80' lang='grc' dir='ltr'><strong>τῆς</strong></span> <span class='ocrx_word' id='word_1_71' title='bbox 743 1075 822 1136; x_wconf 76' lang='grc' dir='ltr'>εἰς</span> <span class='ocrx_word' id='word_1_72' title='bbox 844 1073 906 1126; x_wconf 85' lang='grc' dir='ltr'><strong>τὸ</strong></span> <span class='ocrx_word' id='word_1_73' title='bbox 929 1067 1065 1127; x_wconf 79' lang='grc' dir='ltr'>εἶναι</span> <span class='ocrx_word' id='word_1_74' title='bbox 1088 1073 1367 1143; x_wconf 79' lang='grc' dir='ltr'><strong>δευτέρας.</strong></span> <span class='ocrx_word' id='word_1_75' title='bbox 1413 1069 1632 1141; x_wconf 78' lang='grc' dir='ltr'>Ἐπειδὴ</span> <span class='ocrx_word' id='word_1_76' title='bbox 1653 1070 1709 1122; x_wconf 82' lang='grc' dir='ltr'>δὲ</span> <span class='ocrx_word' id='word_1_77' title='bbox 1733 1070 1799 1123; x_wconf 85' lang='grc' dir='ltr'>δι’</span> <span class='ocrx_word' id='word_1_78' title='bbox 1822 1070 1992 1139; x_wconf 83' lang='grc' dir='ltr'>ἡμᾶς,</span> 
     </span>
    </p>
   </div>
   <div class='ocr_carea' id='block_1_12' title="bbox 416 1161 1994 1234">
    <p class='ocr_par' dir='ltr' id='par_1_12' title="bbox 416 1161 1994 1234">
     <span class='ocr_line' id='line_1_12' title="bbox 416 1161 1994 1234; baseline -0.001 -18"><span class='ocrx_word' id='word_1_79' title='bbox 416 1164 509 1216; x_wconf 72' lang='grc' dir='ltr'><strong>καὶ</strong></span> <span class='ocrx_word' id='word_1_80' title='bbox 543 1163 631 1216; x_wconf 86' lang='grc' dir='ltr'><strong>διὰ</strong></span> <span class='ocrx_word' id='word_1_81' title='bbox 659 1165 758 1233; x_wconf 76' lang='grc' dir='ltr'>τὴν</span> <span class='ocrx_word' id='word_1_82' title='bbox 787 1163 1059 1234; x_wconf 75' lang='grc' dir='ltr'><strong>ἡμετέραν</strong></span> <span class='ocrx_word' id='word_1_83' title='bbox 1094 1164 1372 1234; x_wconf 81' lang='grc' dir='ltr'><strong>σωτηρίαν</strong></span> <span class='ocrx_word' id='word_1_84' title='bbox 1404 1162 1613 1226; x_wconf 76' lang='grc' dir='ltr'>ὲνὼσας</span> <span class='ocrx_word' id='word_1_85' title='bbox 1642 1163 1825 1232; x_wconf 80' lang='grc' dir='ltr'>ἑαυτῷ</span> <span class='ocrx_word' id='word_1_86' title='bbox 1871 1161 1994 1215; x_wconf 79' lang='grc' dir='ltr'>καθ’</span> 
     </span>
    </p>
   </div>
   <div class='ocr_carea' id='block_1_13' title="bbox 415 1254 1991 1326">
    <p class='ocr_par' dir='ltr' id='par_1_13' title="bbox 415 1254 1991 1326">
     <span class='ocr_line' id='line_1_13' title="bbox 415 1254 1991 1326; baseline 0.002 -22"><span class='ocrx_word' id='word_1_87' title='bbox 415 1254 712 1307; x_wconf 81' lang='grc' dir='ltr'><strong>ὑπόστασιν</strong></span> <span class='ocrx_word' id='word_1_88' title='bbox 759 1256 821 1307; x_wconf 79' lang='grc' dir='ltr'><strong>τὸ</strong></span> <span class='ocrx_word' id='word_1_89' title='bbox 871 1254 1232 1326; x_wconf 79' lang='grc' dir='ltr'>ἀνθρώπινον,</span> <span class='ocrx_word' id='word_1_90' title='bbox 1278 1254 1550 1325; x_wconf 77' lang='grc' dir='ltr'><strong>προῆλθεν</strong></span> <span class='ocrx_word' id='word_1_91' title='bbox 1597 1257 1662 1306; x_wconf 80' lang='grc' dir='ltr'>ἐκ</span> <span class='ocrx_word' id='word_1_92' title='bbox 1705 1254 1991 1322; x_wconf 79' lang='grc' dir='ltr'>γυναικὸς,</span> 
     </span>
    </p>
   </div>
   <div class='ocr_carea' id='block_1_14' title="bbox 416 1344 1998 1417">
    <p class='ocr_par' dir='ltr' id='par_1_14' title="bbox 416 1344 1998 1417">
     <span class='ocr_line' id='line_1_14' title="bbox 416 1344 1998 1417; baseline 0 -21"><span class='ocrx_word' id='word_1_93' title='bbox 416 1344 589 1417; x_wconf 78' lang='grc' dir='ltr'>ταύτῃ</span> <span class='ocrx_word' id='word_1_94' title='bbox 607 1362 687 1398; x_wconf 88' lang='grc' dir='ltr'><strong>τοι</strong></span> <span class='ocrx_word' id='word_1_95' title='bbox 710 1345 924 1413; x_wconf 76' lang='grc' dir='ltr'>λέγεται</span> <span class='ocrx_word' id='word_1_96' title='bbox 946 1345 1269 1417; x_wconf 81' lang='grc' dir='ltr'>γεννηθῆναι</span> <span class='ocrx_word' id='word_1_97' title='bbox 1293 1345 1592 1415; x_wconf 78' lang='grc' dir='ltr'>σαρκικῶς.</span> <span class='ocrx_word' id='word_1_98' title='bbox 1614 1347 1688 1399; x_wconf 77' lang='grc' dir='ltr'>Οὐ</span> <span class='ocrx_word' id='word_1_99' title='bbox 1714 1345 1823 1414; x_wconf 83' lang='grc' dir='ltr'><strong>γὰρ</strong></span> <span class='ocrx_word' id='word_1_100' title='bbox 1852 1346 1998 1415; x_wconf 80' lang='grc' dir='ltr'>πρῶ-</span> 
     </span>
    </p>
   </div>
   <div class='ocr_carea' id='block_1_15' title="bbox 415 1436 1997 1509">
    <p class='ocr_par' dir='ltr' id='par_1_15' title="bbox 415 1436 1997 1509">
     <span class='ocr_line' id='line_1_15' title="bbox 415 1436 1997 1509; baseline 0.001 -22"><span class='ocrx_word' id='word_1_101' title='bbox 415 1452 508 1488; x_wconf 90' lang='grc' dir='ltr'><strong>τον</strong></span> <span class='ocrx_word' id='word_1_102' title='bbox 538 1436 822 1503; x_wconf 69' lang='grc' dir='ltr'>ἄνθρωπος</span> <span class='ocrx_word' id='word_1_103' title='bbox 854 1437 1117 1508; x_wconf 75' lang='grc' dir='ltr'><strong>ἐγεννήθη</strong></span> <span class='ocrx_word' id='word_1_104' title='bbox 1146 1436 1324 1499; x_wconf 75' lang='grc' dir='ltr'>κοινὸς</span> <span class='ocrx_word' id='word_1_105' title='bbox 1351 1439 1415 1491; x_wconf 83' lang='grc' dir='ltr'><strong>ὲκ</strong></span> <span class='ocrx_word' id='word_1_106' title='bbox 1442 1436 1543 1506; x_wconf 86' lang='grc' dir='ltr'><strong>τῆς</strong></span> <span class='ocrx_word' id='word_1_107' title='bbox 1580 1437 1742 1505; x_wconf 79' lang='grc' dir='ltr'>ἁγίας</span> <span class='ocrx_word' id='word_1_108' title='bbox 1783 1437 1997 1509; x_wconf 78' lang='grc' dir='ltr'>Παρθέο</span> 
     </span>
    </p>
   </div>
   <div class='ocr_carea' id='block_1_16' title="bbox 416 1523 1997 1598">
    <p class='ocr_par' dir='ltr' id='par_1_16' title="bbox 416 1523 1997 1598">
     <span class='ocr_line' id='line_1_16' title="bbox 416 1523 1997 1598; baseline 0.002 -20"><span class='ocrx_word' id='word_1_109' title='bbox 416 1544 506 1579; x_wconf 79' lang='grc' dir='ltr'><strong>νου</strong></span> <span class='ocrx_word' id='word_1_110' title='bbox 530 1544 541 1557; x_wconf 86' lang='grc'>·</span> <span class='ocrx_word' id='word_1_111' title='bbox 587 1523 685 1579; x_wconf 73' lang='grc' dir='ltr'>εἷθ’</span> <span class='ocrx_word' id='word_1_112' title='bbox 731 1526 874 1580; x_wconf 88' lang='grc' dir='ltr'>οὕτω</span> <span class='ocrx_word' id='word_1_113' title='bbox 913 1529 1388 1598; x_wconf 85' lang='grc' dir='ltr'>καταπεφοίτηκεν</span> <span class='ocrx_word' id='word_1_114' title='bbox 1428 1528 1515 1579; x_wconf 77' lang='grc' dir='ltr'><strong>ἐπ’</strong></span> <span class='ocrx_word' id='word_1_115' title='bbox 1550 1528 1714 1581; x_wconf 73' lang='grc' dir='ltr'>αὐτὸν</span> <span class='ocrx_word' id='word_1_116' title='bbox 1748 1530 1776 1581; x_wconf 98' lang='lat'><strong>6</strong></span> <span class='ocrx_word' id='word_1_117' title='bbox 1806 1529 1997 1594; x_wconf 80' lang='grc' dir='ltr'><strong>Λόγος·</strong></span> 
     </span>
    </p>
   </div>
   <div class='ocr_carea' id='block_1_17' title="bbox 414 1616 2000 1690">
    <p class='ocr_par' dir='ltr' id='par_1_17' title="bbox 414 1616 2000 1690">
     <span class='ocr_line' id='line_1_17' title="bbox 414 1616 2000 1690; baseline 0.001 -20"><span class='ocrx_word' id='word_1_118' title='bbox 414 1616 530 1670; x_wconf 58' lang='grc' dir='ltr'><strong>ἀλλ’</strong></span> <span class='ocrx_word' id='word_1_119' title='bbox 576 1617 634 1683; x_wconf 78' lang='grc' dir='ltr'><strong>ἐξ</strong></span> <span class='ocrx_word' id='word_1_120' title='bbox 678 1619 849 1687; x_wconf 79' lang='grc' dir='ltr'>αὐτῆς</span> <span class='ocrx_word' id='word_1_121' title='bbox 896 1620 1109 1690; x_wconf 84' lang='grc' dir='ltr'>μήτρας</span> <span class='ocrx_word' id='word_1_122' title='bbox 1155 1620 1414 1684; x_wconf 72' lang='grc' dir='ltr'>ἐνωθεὶς,</span> <span class='ocrx_word' id='word_1_123' title='bbox 1444 1621 1737 1689; x_wconf 84' lang='grc' dir='ltr'>ὑπομεῖναι</span> <span class='ocrx_word' id='word_1_124' title='bbox 1782 1621 2000 1686; x_wconf 80' lang='grc' dir='ltr'>λέγεται</span> 
     </span>
    </p>
   </div>
   <div class='ocr_carea' id='block_1_18' title="bbox 416 1708 2001 1781">
    <p class='ocr_par' dir='ltr' id='par_1_18' title="bbox 416 1708 2001 1781">
     <span class='ocr_line' id='line_1_18' title="bbox 416 1708 2001 1781; baseline 0.004 -22"><span class='ocrx_word' id='word_1_125' title='bbox 416 1708 669 1775; x_wconf 81' lang='grc' dir='ltr'><strong>γέννησιν</strong></span> <span class='ocrx_word' id='word_1_126' title='bbox 700 1710 987 1781; x_wconf 83' lang='grc' dir='ltr'>σαρκικὴν,</span> <span class='ocrx_word' id='word_1_127' title='bbox 1027 1710 1104 1774; x_wconf 82' lang='grc' dir='ltr'>ὡς</span> <span class='ocrx_word' id='word_1_128' title='bbox 1135 1710 1235 1780; x_wconf 87' lang='grc' dir='ltr'><strong>τῆς</strong></span> <span class='ocrx_word' id='word_1_129' title='bbox 1275 1712 1409 1775; x_wconf 82' lang='grc' dir='ltr'>ιδίας</span> <span class='ocrx_word' id='word_1_130' title='bbox 1441 1712 1644 1781; x_wconf 78' lang='grc' dir='ltr'>σαρκὸς</span> <span class='ocrx_word' id='word_1_131' title='bbox 1674 1712 1775 1779; x_wconf 73' lang='grc' dir='ltr'>τὴν</span> <span class='ocrx_word' id='word_1_132' title='bbox 1806 1714 2001 1779; x_wconf 73' lang='grc' dir='ltr'><strong>γέννη-</strong></span> 
     </span>
    </p>
   </div>
   <div class='ocr_carea' id='block_1_19' title="bbox 416 1794 2004 1862">
    <p class='ocr_par' dir='ltr' id='par_1_19' title="bbox 416 1794 2004 1862">
     <span class='ocr_line' id='line_1_19' title="bbox 416 1794 2004 1862; baseline -0.001 -15"><span class='ocrx_word' id='word_1_133' title='bbox 416 1811 502 1847; x_wconf 89' lang='grc' dir='ltr'><strong>σιν</strong></span> <span class='ocrx_word' id='word_1_134' title='bbox 540 1794 930 1858; x_wconf 86' lang='grc' dir='ltr'>οἱκειούμενος.</span> <span class='ocrx_word' id='word_1_135' title='bbox 965 1794 1123 1846; x_wconf 85' lang='grc' dir='ltr'>Οὕτω</span> <span class='ocrx_word' id='word_1_136' title='bbox 1152 1794 1333 1862; x_wconf 84' lang='grc' dir='ltr'>φαμὲν</span> <span class='ocrx_word' id='word_1_137' title='bbox 1356 1794 1519 1848; x_wconf 83' lang='grc' dir='ltr'>αὐτὸν</span> <span class='ocrx_word' id='word_1_138' title='bbox 1552 1795 1647 1848; x_wconf 81' lang='grc' dir='ltr'><strong>καὶ</strong></span> <span class='ocrx_word' id='word_1_139' title='bbox 1672 1796 1885 1857; x_wconf 79' lang='grc' dir='ltr'>παθεῖν,</span> <span class='ocrx_word' id='word_1_140' title='bbox 1912 1796 2004 1847; x_wconf 77' lang='grc' dir='ltr'>καὶ</span> 
     </span>
    </p>
   </div>
   <div class='ocr_carea' id='block_1_20' title="bbox 2099 614 3681 684">
    <p class='ocr_par' dir='ltr' id='par_1_20' title="bbox 2099 614 3681 684">
     <span class='ocr_line' id='line_1_20' title="bbox 2099 614 3681 684; baseline 0.002 -15"><span class='ocrx_word' id='word_1_141' title='bbox 2099 615 2338 670; x_wconf 85' lang='lat' dir='ltr'><strong>dicitur:</strong></span> <span class='ocrx_word' id='word_1_142' title='bbox 2370 631 2478 669; x_wconf 90' lang='lat' dir='ltr'><strong>non</strong></span> <span class='ocrx_word' id='word_1_143' title='bbox 2522 615 2669 684; x_wconf 90' lang='lat' dir='ltr'><strong>quod</strong></span> <span class='ocrx_word' id='word_1_144' title='bbox 2707 614 2892 667; x_wconf 83' lang='lat' dir='ltr'><strong>divina</strong></span> <span class='ocrx_word' id='word_1_145' title='bbox 2939 615 3089 669; x_wconf 90' lang='lat' dir='ltr'><strong>illius</strong></span> <span class='ocrx_word' id='word_1_146' title='bbox 3124 626 3317 671; x_wconf 89' lang='lat' dir='ltr'><strong>natura</strong></span> <span class='ocrx_word' id='word_1_147' title='bbox 3352 619 3681 674; x_wconf 61' lang='lat' dir='ltr'><strong>exsistentia:</strong></span> 
     </span>
    </p>
   </div>
   <div class='ocr_carea' id='block_1_21' title="bbox 2099 707 3679 781">
    <p class='ocr_par' dir='ltr' id='par_1_21' title="bbox 2099 707 3679 781">
     <span class='ocr_line' id='line_1_21' title="bbox 2099 707 3679 781; baseline 0.001 -19"><span class='ocrx_word' id='word_1_148' title='bbox 2099 722 2213 762; x_wconf 67' lang='lat' dir='ltr'><strong>sua:</strong></span> <span class='ocrx_word' id='word_1_149' title='bbox 2247 707 2463 762; x_wconf 85' lang='lat' dir='ltr'><strong>initium</strong></span> <span class='ocrx_word' id='word_1_150' title='bbox 2501 707 2558 761; x_wconf 89' lang='lat' dir='ltr'><strong>in</strong></span> <span class='ocrx_word' id='word_1_151' title='bbox 2592 722 2748 761; x_wconf 89' lang='lat' dir='ltr'><strong>sacra</strong></span> <span class='ocrx_word' id='word_1_152' title='bbox 2787 707 3010 777; x_wconf 80' lang='lat' dir='ltr'><strong>Virgine</strong></span> <span class='ocrx_word' id='word_1_153' title='bbox 3045 709 3361 777; x_wconf 82' lang='lat' dir='ltr'><strong>sumpserit,</strong></span> <span class='ocrx_word' id='word_1_154' title='bbox 3396 721 3491 763; x_wconf 89' lang='lat' dir='ltr'><strong>aut</strong></span> <span class='ocrx_word' id='word_1_155' title='bbox 3535 713 3679 781; x_wconf 90' lang='lat' dir='ltr'><strong>quod</strong></span> 
     </span>
    </p>
   </div>
   <div class='ocr_carea' id='block_1_22' title="bbox 2099 799 3682 872">
    <p class='ocr_par' dir='ltr' id='par_1_22' title="bbox 2099 799 3682 872">
     <span class='ocr_line' id='line_1_22' title="bbox 2099 799 3682 872; baseline 0.001 -18"><span class='ocrx_word' id='word_1_156' title='bbox 2099 808 2223 869; x_wconf 86' lang='lat' dir='ltr'><strong>post</strong></span> <span class='ocrx_word' id='word_1_157' title='bbox 2272 799 2503 868; x_wconf 78' lang='lat' dir='ltr'><strong>primam</strong></span> <span class='ocrx_word' id='word_1_158' title='bbox 2548 814 2616 853; x_wconf 88' lang='lat' dir='ltr'><strong>ex</strong></span> <span class='ocrx_word' id='word_1_159' title='bbox 2647 799 2827 862; x_wconf 84' lang='lat' dir='ltr'><strong>Patre,</strong></span> <span class='ocrx_word' id='word_1_160' title='bbox 2860 800 3029 852; x_wconf 88' lang='lat' dir='ltr'><strong>altera</strong></span> <span class='ocrx_word' id='word_1_161' title='bbox 3055 807 3279 868; x_wconf 90' lang='lat' dir='ltr'><strong>propter</strong></span> <span class='ocrx_word' id='word_1_162' title='bbox 3317 802 3550 871; x_wconf 86' lang='lat' dir='ltr'><strong>seipsam</strong></span> <span class='ocrx_word' id='word_1_163' title='bbox 3585 820 3682 872; x_wconf 79' lang='lat' dir='ltr'><strong>ge-</strong></span> 
     </span>
    </p>
   </div>
   <div class='ocr_carea' id='block_1_23' title="bbox 2099 887 3678 957">
    <p class='ocr_par' dir='ltr' id='par_1_23' title="bbox 2099 887 3678 957">
     <span class='ocr_line' id='line_1_23' title="bbox 2099 887 3678 957; baseline 0 -16"><span class='ocrx_word' id='word_1_164' title='bbox 2099 887 2384 942; x_wconf 86' lang='lat' dir='ltr'><strong>neratione</strong></span> <span class='ocrx_word' id='word_1_165' title='bbox 2428 888 2737 943; x_wconf 85' lang='lat' dir='ltr'><strong>necessario</strong></span> <span class='ocrx_word' id='word_1_166' title='bbox 2778 887 3073 957; x_wconf 79' lang='lat' dir='ltr'><strong>indiguerit</strong></span> <span class='ocrx_word' id='word_1_167' title='bbox 3102 904 3114 939; x_wconf 91' lang='lat'>:</span> <span class='ocrx_word' id='word_1_168' title='bbox 3151 889 3377 942; x_wconf 87' lang='lat' dir='ltr'><strong>stultum</strong></span> <span class='ocrx_word' id='word_1_169' title='bbox 3413 898 3497 943; x_wconf 90' lang='lat' dir='ltr'><strong>est</strong></span> <span class='ocrx_word' id='word_1_170' title='bbox 3532 891 3678 944; x_wconf 88' lang='lat' dir='ltr'><strong>enim</strong></span> 
     </span>
    </p>
   </div>
   <div class='ocr_carea' id='block_1_24' title="bbox 2097 980 3676 1051">
    <p class='ocr_par' dir='ltr' id='par_1_24' title="bbox 2097 980 3676 1051">
     <span class='ocr_line' id='line_1_24' title="bbox 2097 980 3676 1051; baseline 0.001 -18"><span class='ocrx_word' id='word_1_171' title='bbox 2097 982 2377 1051; x_wconf 77' lang='lat' dir='ltr'><strong>planeque&quot;</strong></span> <span class='ocrx_word' id='word_1_172' title='bbox 2422 980 2669 1050; x_wconf 89' lang='lat' dir='ltr'><strong>ineptum</strong></span> <span class='ocrx_word' id='word_1_173' title='bbox 2718 995 2967 1034; x_wconf 89' lang='lat' dir='ltr'><strong>asserere</strong></span> <span class='ocrx_word' id='word_1_174' title='bbox 3018 994 3145 1033; x_wconf 89' lang='lat' dir='ltr'><strong>eum</strong></span> <span class='ocrx_word' id='word_1_175' title='bbox 3186 980 3279 1048; x_wconf 90' lang='lat' dir='ltr'><strong>qui</strong></span> <span class='ocrx_word' id='word_1_176' title='bbox 3334 990 3460 1035; x_wconf 86' lang='lat' dir='ltr'><strong>ante</strong></span> <span class='ocrx_word' id='word_1_177' title='bbox 3494 983 3676 1035; x_wconf 88' lang='lat' dir='ltr'><strong>omnia</strong></span> 
     </span>
    </p>
   </div>
   <div class='ocr_carea' id='block_1_25' title="bbox 2094 1070 3680 1142">
    <p class='ocr_par' dir='ltr' id='par_1_25' title="bbox 2094 1070 3680 1142">
     <span class='ocr_line' id='line_1_25' title="bbox 2094 1070 3680 1142; baseline -0.001 -15"><span class='ocrx_word' id='word_1_178' title='bbox 2094 1073 2291 1127; x_wconf 65' lang='lat' dir='ltr'><strong>saecula</strong></span> <span class='ocrx_word' id='word_1_179' title='bbox 2330 1071 2477 1126; x_wconf 83' lang='lat' dir='ltr'><strong>Patri</strong></span> <span class='ocrx_word' id='word_1_180' title='bbox 2503 1080 2810 1126; x_wconf 74' lang='lat' dir='ltr'><strong>coaeternus</strong></span> <span class='ocrx_word' id='word_1_181' title='bbox 2844 1070 3080 1134; x_wconf 74' lang='lat' dir='ltr'><strong>exsistit,</strong></span> <span class='ocrx_word' id='word_1_182' title='bbox 3117 1071 3286 1125; x_wconf 89' lang='lat' dir='ltr'><strong>altera</strong></span> <span class='ocrx_word' id='word_1_183' title='bbox 3322 1072 3524 1135; x_wconf 90' lang='lat' dir='ltr'><strong>denuo,</strong></span> <span class='ocrx_word' id='word_1_184' title='bbox 3568 1089 3680 1142; x_wconf 85' lang='lat' dir='ltr'><strong>quo</strong></span> 
     </span>
    </p>
   </div>
   <div class='ocr_carea' id='block_1_26' title="bbox 2090 1162 3676 1233">
    <p class='ocr_par' dir='ltr' id='par_1_26' title="bbox 2090 1162 3676 1233">
     <span class='ocr_line' id='line_1_26' title="bbox 2090 1162 3676 1233; baseline -0.001 -13"><span class='ocrx_word' id='word_1_185' title='bbox 2090 1165 2354 1220; x_wconf 83' lang='lat' dir='ltr'><strong>exsistere</strong></span> <span class='ocrx_word' id='word_1_186' title='bbox 2388 1172 2584 1233; x_wconf 85' lang='lat' dir='ltr'><strong>queat,</strong></span> <span class='ocrx_word' id='word_1_187' title='bbox 2617 1163 2970 1233; x_wconf 78' lang='lat' dir='ltr'><strong>generatione</strong></span> <span class='ocrx_word' id='word_1_188' title='bbox 3006 1162 3308 1233; x_wconf 80' lang='lat' dir='ltr'><strong>indiguisse</strong></span> <span class='ocrx_word' id='word_1_189' title='bbox 3341 1180 3353 1215; x_wconf 93' lang='lat'>:</span> <span class='ocrx_word' id='word_1_190' title='bbox 3396 1164 3491 1217; x_wconf 89' lang='lat' dir='ltr'><strong>sed</strong></span> <span class='ocrx_word' id='word_1_191' title='bbox 3530 1166 3676 1233; x_wconf 86' lang='lat' dir='ltr'><strong>quod</strong></span> 
     </span>
    </p>
   </div>
   <div class='ocr_carea' id='block_1_27' title="bbox 2093 1256 3675 1326">
    <p class='ocr_par' dir='ltr' id='par_1_27' title="bbox 2093 1256 3675 1326">
     <span class='ocr_line' id='line_1_27' title="bbox 2093 1256 3675 1326; baseline 0 -17"><span class='ocrx_word' id='word_1_192' title='bbox 2093 1268 2315 1326; x_wconf 86' lang='lat' dir='ltr'><strong>propter</strong></span> <span class='ocrx_word' id='word_1_193' title='bbox 2360 1270 2479 1317; x_wconf 88' lang='lat' dir='ltr'><strong>nos,</strong></span> <span class='ocrx_word' id='word_1_194' title='bbox 2524 1263 2579 1309; x_wconf 90' lang='lat' dir='ltr'><strong>et</strong></span> <span class='ocrx_word' id='word_1_195' title='bbox 2616 1264 2842 1325; x_wconf 83' lang='lat' dir='ltr'><strong>propter</strong></span> <span class='ocrx_word' id='word_1_196' title='bbox 2884 1261 3126 1311; x_wconf 89' lang='lat' dir='ltr'><strong>nostram</strong></span> <span class='ocrx_word' id='word_1_197' title='bbox 3168 1256 3397 1309; x_wconf 86' lang='lat' dir='ltr'><strong>salutem</strong></span> <span class='ocrx_word' id='word_1_198' title='bbox 3440 1256 3675 1309; x_wconf 87' lang='lat' dir='ltr'><strong>humana</strong></span> 
     </span>
    </p>
   </div>
   <div class='ocr_carea' id='block_1_28' title="bbox 2094 1344 3676 1415">
    <p class='ocr_par' dir='ltr' id='par_1_28' title="bbox 2094 1344 3676 1415">
     <span class='ocr_line' id='line_1_28' title="bbox 2094 1344 3676 1415; baseline 0 -16"><span class='ocrx_word' id='word_1_199' title='bbox 2094 1355 2290 1399; x_wconf 87' lang='lat' dir='ltr'><strong>natura</strong></span> <span class='ocrx_word' id='word_1_200' title='bbox 2320 1345 2622 1399; x_wconf 86' lang='lat' dir='ltr'><strong>secundum</strong></span> <span class='ocrx_word' id='word_1_201' title='bbox 2662 1344 2997 1415; x_wconf 84' lang='lat' dir='ltr'><strong>hypostasim</strong></span> <span class='ocrx_word' id='word_1_202' title='bbox 3022 1344 3127 1397; x_wconf 89' lang='lat' dir='ltr'><strong>sibi</strong></span> <span class='ocrx_word' id='word_1_203' title='bbox 3153 1344 3326 1409; x_wconf 87' lang='lat' dir='ltr'><strong>unita,</strong></span> <span class='ocrx_word' id='word_1_204' title='bbox 3353 1360 3419 1399; x_wconf 86' lang='lat' dir='ltr'><strong>ex</strong></span> <span class='ocrx_word' id='word_1_205' title='bbox 3446 1345 3676 1399; x_wconf 84' lang='lat' dir='ltr'><strong>muliere</strong></span> 
     </span>
    </p>
   </div>
   <div class='ocr_carea' id='block_1_29' title="bbox 2093 1435 3677 1505">
    <p class='ocr_par' dir='ltr' id='par_1_29' title="bbox 2093 1435 3677 1505">
     <span class='ocr_line' id='line_1_29' title="bbox 2093 1435 3677 1505; baseline -0.002 -13"><span class='ocrx_word' id='word_1_206' title='bbox 2093 1449 2255 1492; x_wconf 84' lang='lat' dir='ltr'><strong>natus</strong></span> <span class='ocrx_word' id='word_1_207' title='bbox 2300 1446 2417 1492; x_wconf 88' lang='lat' dir='ltr'><strong>est:</strong></span> <span class='ocrx_word' id='word_1_208' title='bbox 2456 1438 2587 1490; x_wconf 88' lang='lat' dir='ltr'><strong>hinc</strong></span> <span class='ocrx_word' id='word_1_209' title='bbox 2620 1445 2706 1490; x_wconf 91' lang='lat' dir='ltr'><strong>est</strong></span> <span class='ocrx_word' id='word_1_210' title='bbox 2749 1435 2897 1505; x_wconf 88' lang='lat' dir='ltr'><strong>quod</strong></span> <span class='ocrx_word' id='word_1_211' title='bbox 2940 1436 3240 1489; x_wconf 89' lang='lat' dir='ltr'><strong>secundum</strong></span> <span class='ocrx_word' id='word_1_212' title='bbox 3266 1450 3485 1488; x_wconf 83' lang='lat' dir='ltr'><strong>carnem</strong></span> <span class='ocrx_word' id='word_1_213' title='bbox 3514 1445 3677 1489; x_wconf 87' lang='lat' dir='ltr'><strong>natus</strong></span> 
     </span>
    </p>
   </div>
   <div class='ocr_carea' id='block_1_30' title="bbox 2094 1525 3675 1598">
    <p class='ocr_par' dir='ltr' id='par_1_30' title="bbox 2094 1525 3675 1598">
     <span class='ocr_line' id='line_1_30' title="bbox 2094 1525 3675 1598; baseline -0.003 -17"><span class='ocrx_word' id='word_1_214' title='bbox 2094 1527 2443 1598; x_wconf 62' lang='lat' dir='ltr'><strong>praedicatur.</strong></span> <span class='ocrx_word' id='word_1_215' title='bbox 2504 1527 2624 1581; x_wconf 84' lang='lat' dir='ltr'><strong>Non</strong></span> <span class='ocrx_word' id='word_1_216' title='bbox 2678 1526 2823 1579; x_wconf 87' lang='lat' dir='ltr'><strong>enim</strong></span> <span class='ocrx_word' id='word_1_217' title='bbox 2881 1525 3060 1595; x_wconf 90' lang='lat' dir='ltr'><strong>primo</strong></span> <span class='ocrx_word' id='word_1_218' title='bbox 3109 1526 3349 1595; x_wconf 81' lang='lat' dir='ltr'><strong>vulgaris</strong></span> <span class='ocrx_word' id='word_1_219' title='bbox 3404 1526 3675 1594; x_wconf 81' lang='lat' dir='ltr'><strong>quispiam</strong></span> 
     </span>
    </p>
   </div>
   <div class='ocr_carea' id='block_1_31' title="bbox 2095 1616 3674 1689">
    <p class='ocr_par' dir='ltr' id='par_1_31' title="bbox 2095 1616 3674 1689">
     <span class='ocr_line' id='line_1_31' title="bbox 2095 1616 3674 1689; baseline -0.001 -17"><span class='ocrx_word' id='word_1_220' title='bbox 2095 1620 2261 1673; x_wconf 85' lang='lat' dir='ltr'><strong>homo</strong></span> <span class='ocrx_word' id='word_1_221' title='bbox 2301 1636 2369 1673; x_wconf 80' lang='lat' dir='ltr'><strong>ex</strong></span> <span class='ocrx_word' id='word_1_222' title='bbox 2410 1619 2633 1689; x_wconf 83' lang='lat' dir='ltr'><strong>Virgine</strong></span> <span class='ocrx_word' id='word_1_223' title='bbox 2683 1627 2838 1673; x_wconf 85' lang='lat' dir='ltr'><strong>ortus</strong></span> <span class='ocrx_word' id='word_1_224' title='bbox 2885 1628 2990 1681; x_wconf 88' lang='lat' dir='ltr'><strong>est,</strong></span> <span class='ocrx_word' id='word_1_225' title='bbox 3030 1616 3084 1669; x_wconf 92' lang='lat' dir='ltr'><strong>in</strong></span> <span class='ocrx_word' id='word_1_226' title='bbox 3125 1633 3286 1686; x_wconf 84' lang='lat' dir='ltr'><strong>quem</strong></span> <span class='ocrx_word' id='word_1_227' title='bbox 3315 1617 3412 1671; x_wconf 86' lang='lat' dir='ltr'><strong>Dei</strong></span> <span class='ocrx_word' id='word_1_228' title='bbox 3438 1618 3674 1671; x_wconf 85' lang='lat' dir='ltr'><strong>Verbum</strong></span> 
     </span>
    </p>
   </div>
   <div class='ocr_carea' id='block_1_32' title="bbox 2097 1707 3669 1780">
    <p class='ocr_par' dir='ltr' id='par_1_32' title="bbox 2097 1707 3669 1780">
     <span class='ocr_line' id='line_1_32' title="bbox 2097 1707 3669 1780; baseline -0.001 -17"><span class='ocrx_word' id='word_1_229' title='bbox 2097 1711 2295 1765; x_wconf 87' lang='lat' dir='ltr'><strong>deinde</strong></span> <span class='ocrx_word' id='word_1_230' title='bbox 2331 1727 2449 1767; x_wconf 87' lang='lat' dir='ltr'><strong>sese</strong></span> <span class='ocrx_word' id='word_1_231' title='bbox 2474 1712 2791 1776; x_wconf 86' lang='lat' dir='ltr'><strong>demiserit;</strong></span> <span class='ocrx_word' id='word_1_232' title='bbox 2837 1710 2930 1765; x_wconf 90' lang='lat' dir='ltr'><strong>sed</strong></span> <span class='ocrx_word' id='word_1_233' title='bbox 2959 1710 3013 1765; x_wconf 92' lang='lat' dir='ltr'><strong>in</strong></span> <span class='ocrx_word' id='word_1_234' title='bbox 3042 1712 3160 1780; x_wconf 90' lang='lat' dir='ltr'><strong>ipso</strong></span> <span class='ocrx_word' id='word_1_235' title='bbox 3186 1717 3345 1764; x_wconf 90' lang='lat' dir='ltr'><strong>utero</strong></span> <span class='ocrx_word' id='word_1_236' title='bbox 3368 1710 3519 1763; x_wconf 92' lang='lat' dir='ltr'><strong>carni</strong></span> <span class='ocrx_word' id='word_1_237' title='bbox 3549 1707 3669 1763; x_wconf 87' lang='lat' dir='ltr'><strong>uni-</strong></span> 
     </span>
    </p>
   </div>
   <div class='ocr_carea' id='block_1_33' title="bbox 2079 1797 3670 1867">
    <p class='ocr_par' dir='ltr' id='par_1_33' title="bbox 2079 1797 3670 1867">
     <span class='ocr_line' id='line_1_33' title="bbox 2079 1797 3670 1867; baseline -0.001 -15"><span class='ocrx_word' id='word_1_238' title='bbox 2079 1808 2197 1853; x_wconf 89' lang='lat' dir='ltr'><strong>tum</strong></span> <span class='ocrx_word' id='word_1_239' title='bbox 2234 1797 2537 1852; x_wconf 86' lang='lat' dir='ltr'><strong>secundum</strong></span> <span class='ocrx_word' id='word_1_240' title='bbox 2578 1811 2799 1850; x_wconf 85' lang='lat' dir='ltr'><strong>carnem</strong></span> <span class='ocrx_word' id='word_1_241' title='bbox 2846 1798 3191 1867; x_wconf 83' lang='lat' dir='ltr'><strong>progenitum</strong></span> <span class='ocrx_word' id='word_1_242' title='bbox 3234 1797 3457 1859; x_wconf 89' lang='lat' dir='ltr'><strong>dicitur,</strong></span> <span class='ocrx_word' id='word_1_243' title='bbox 3481 1806 3670 1865; x_wconf 85' lang='lat' dir='ltr'><strong>utpote</strong></span> 
     </span>
    </p>
   </div>
   <div class='ocr_carea' id='block_1_34' title="bbox 414 1884 2003 1956">
    <p class='ocr_par' dir='ltr' id='par_1_34' title="bbox 414 1884 2003 1955">
     <span class='ocr_line' id='line_1_34' title="bbox 414 1884 2003 1955; baseline 0.002 -17"><span class='ocrx_word' id='word_1_244' title='bbox 414 1885 736 1955; x_wconf 81' lang='grc' dir='ltr'><strong>ἀναστῆναι,</strong></span> <span class='ocrx_word' id='word_1_245' title='bbox 761 1886 860 1955; x_wconf 84' lang='grc' dir='ltr'>οὐχ</span> <span class='ocrx_word' id='word_1_246' title='bbox 886 1884 962 1949; x_wconf 80' lang='grc' dir='ltr'>ὡς</span> <span class='ocrx_word' id='word_1_247' title='bbox 990 1885 1086 1938; x_wconf 88' lang='grc' dir='ltr'><strong>τοῦ</strong></span> <span class='ocrx_word' id='word_1_248' title='bbox 1115 1884 1250 1938; x_wconf 83' lang='grc' dir='ltr'>Θεοῦ</span> <span class='ocrx_word' id='word_1_249' title='bbox 1270 1886 1444 1953; x_wconf 85' lang='grc' dir='ltr'>Λόγου</span> <span class='ocrx_word' id='word_1_250' title='bbox 1475 1886 1741 1950; x_wconf 73' lang='grc' dir='ltr'>παθόντος</span> <span class='ocrx_word' id='word_1_251' title='bbox 1762 1890 1843 1950; x_wconf 79' lang='grc' dir='ltr'>εἰς</span> <span class='ocrx_word' id='word_1_252' title='bbox 1869 1889 2003 1941; x_wconf 78' lang='grc' dir='ltr'>ἰδίαν</span> 
     </span>
    </p>
   </div>
   <div class='ocr_carea' id='block_1_35' title="bbox 2090 1884 3667 1956">
    <p class='ocr_par' dir='ltr' id='par_1_35' title="bbox 2090 1886 3667 1956">
     <span class='ocr_line' id='line_1_35' title="bbox 2090 1886 3667 1956; baseline -0.002 -13"><span class='ocrx_word' id='word_1_253' title='bbox 2090 1905 2193 1944; x_wconf 67' lang='lat' dir='ltr'><strong>suae</strong></span> <span class='ocrx_word' id='word_1_254' title='bbox 2234 1886 2418 1942; x_wconf 87' lang='lat' dir='ltr'><strong>carnis</strong></span> <span class='ocrx_word' id='word_1_255' title='bbox 2462 1887 2876 1955; x_wconf 79' lang='lat' dir='ltr'><strong>generationem</strong></span> <span class='ocrx_word' id='word_1_256' title='bbox 2918 1888 3023 1940; x_wconf 83' lang='lat' dir='ltr'><strong>sibi</strong></span> <span class='ocrx_word' id='word_1_257' title='bbox 3068 1897 3128 1941; x_wconf 90' lang='lat' dir='ltr'><strong>ut</strong></span> <span class='ocrx_word' id='word_1_258' title='bbox 3174 1887 3450 1956; x_wconf 87' lang='lat' dir='ltr'><strong>propriam</strong></span> <span class='ocrx_word' id='word_1_259' title='bbox 3485 1888 3667 1940; x_wconf 73' lang='lat' dir='ltr'><strong>vindi-</strong></span> 
     </span>
    </p>
   </div>
   <div class='ocr_carea' id='block_1_36' title="bbox 414 1976 2007 2051">
    <p class='ocr_par' dir='ltr' id='par_1_36' title="bbox 414 1976 2007 2051">
     <span class='ocr_line' id='line_1_36' title="bbox 414 1976 2007 2051; baseline 0.003 -23"><span class='ocrx_word' id='word_1_260' title='bbox 414 1976 598 2045; x_wconf 83' lang='grc' dir='ltr'>φύσιν,</span> <span class='ocrx_word' id='word_1_261' title='bbox 625 1976 657 2046; x_wconf 80' lang='grc' dir='ltr'>ἢ</span> <span class='ocrx_word' id='word_1_262' title='bbox 698 1976 935 2045; x_wconf 81' lang='grc' dir='ltr'>πληγὰς,</span> <span class='ocrx_word' id='word_1_263' title='bbox 965 1977 999 2047; x_wconf 77' lang='grc' dir='ltr'><strong>ἢ</strong></span> <span class='ocrx_word' id='word_1_264' title='bbox 1026 1978 1336 2048; x_wconf 82' lang='grc' dir='ltr'>διατρήσεις</span> <span class='ocrx_word' id='word_1_265' title='bbox 1364 1976 1532 2047; x_wconf 80' lang='grc' dir='ltr'>ἥλων,</span> <span class='ocrx_word' id='word_1_266' title='bbox 1558 1978 1724 2048; x_wconf 70' lang='grc' dir='ltr'>ἤγουν</span> <span class='ocrx_word' id='word_1_267' title='bbox 1753 1980 1821 2033; x_wconf 85' lang='grc' dir='ltr'>τὰ</span> <span class='ocrx_word' id='word_1_268' title='bbox 1845 1981 2007 2051; x_wconf 72' lang='grc' dir='ltr'>ἕτερα</span> 
     </span>
    </p>
   </div>
   <div class='ocr_carea' id='block_1_37' title="bbox 413 2065 2007 2137">
    <p class='ocr_par' dir='ltr' id='par_1_37' title="bbox 413 2065 2007 2137">
     <span class='ocr_line' id='line_1_37' title="bbox 413 2065 2007 2137; baseline 0.003 -18"><span class='ocrx_word' id='word_1_269' title='bbox 413 2065 522 2119; x_wconf 84' lang='grc' dir='ltr'>τῶν</span> <span class='ocrx_word' id='word_1_270' title='bbox 558 2067 911 2137; x_wconf 80' lang='grc' dir='ltr'><strong>τραυμάτων·</strong></span> <span class='ocrx_word' id='word_1_271' title='bbox 945 2067 1157 2131; x_wconf 81' lang='grc' dir='ltr'>ἀπαθὲς</span> <span class='ocrx_word' id='word_1_272' title='bbox 1190 2069 1301 2136; x_wconf 86' lang='grc' dir='ltr'>γὰρ</span> <span class='ocrx_word' id='word_1_273' title='bbox 1331 2068 1394 2121; x_wconf 83' lang='grc' dir='ltr'><strong>τὸ</strong></span> <span class='ocrx_word' id='word_1_274' title='bbox 1409 2069 1585 2133; x_wconf 87' lang='grc' dir='ltr'>Θεῖον,</span> <span class='ocrx_word' id='word_1_275' title='bbox 1620 2071 1701 2123; x_wconf 84' lang='grc' dir='ltr'>ὄτι</span> <span class='ocrx_word' id='word_1_276' title='bbox 1732 2071 1829 2123; x_wconf 80' lang='grc' dir='ltr'><strong>καὶ</strong></span> <span class='ocrx_word' id='word_1_277' title='bbox 1859 2071 2007 2124; x_wconf 75' lang='grc' dir='ltr'><strong>ἀσὼο</strong></span> 
     </span>
    </p>
   </div>
   <div class='ocr_carea' id='block_1_38' title="bbox 416 2158 2008 2232">
    <p class='ocr_par' dir='ltr' id='par_1_38' title="bbox 416 2158 2008 2232">
     <span class='ocr_line' id='line_1_38' title="bbox 416 2158 2008 2232; baseline 0.003 -22"><span class='ocrx_word' id='word_1_278' title='bbox 416 2174 607 2228; x_wconf 88' lang='grc' dir='ltr'>ματον·</span> <span class='ocrx_word' id='word_1_279' title='bbox 644 2158 832 2229; x_wconf 81' lang='grc' dir='ltr'>ἐπειδὴ</span> <span class='ocrx_word' id='word_1_280' title='bbox 874 2159 931 2212; x_wconf 83' lang='grc' dir='ltr'>δὲ</span> <span class='ocrx_word' id='word_1_281' title='bbox 958 2159 1019 2211; x_wconf 86' lang='grc' dir='ltr'><strong>τὸ</strong></span> <span class='ocrx_word' id='word_1_282' title='bbox 1050 2160 1274 2227; x_wconf 86' lang='grc' dir='ltr'>γεγονὸς</span> <span class='ocrx_word' id='word_1_283' title='bbox 1305 2160 1471 2213; x_wconf 83' lang='grc' dir='ltr'>αὐτοῦ</span> <span class='ocrx_word' id='word_1_284' title='bbox 1529 2160 1658 2213; x_wconf 74' lang='grc' dir='ltr'>ἴδιον</span> <span class='ocrx_word' id='word_1_285' title='bbox 1708 2162 1867 2232; x_wconf 86' lang='grc' dir='ltr'>σῶμα</span> <span class='ocrx_word' id='word_1_286' title='bbox 1914 2163 2008 2215; x_wconf 81' lang='grc' dir='ltr'><strong>πέ-</strong></span> 
     </span>
    </p>
   </div>
   <div class='ocr_carea' id='block_1_39' title="bbox 415 2248 2002 2323">
    <p class='ocr_par' dir='ltr' id='par_1_39' title="bbox 415 2248 2002 2323">
     <span class='ocr_line' id='line_1_39' title="bbox 415 2248 2002 2323; baseline 0.003 -21"><span class='ocrx_word' id='word_1_287' title='bbox 415 2249 578 2302; x_wconf 84' lang='grc' dir='ltr'>πονθε</span> <span class='ocrx_word' id='word_1_288' title='bbox 600 2248 794 2313; x_wconf 84' lang='grc' dir='ltr'>ταῦτα,</span> <span class='ocrx_word' id='word_1_289' title='bbox 822 2250 986 2304; x_wconf 79' lang='grc' dir='ltr'>πάλιν</span> <span class='ocrx_word' id='word_1_290' title='bbox 1010 2251 1175 2313; x_wconf 71' lang='grc' dir='ltr'>αὐτὸς</span> <span class='ocrx_word' id='word_1_291' title='bbox 1194 2250 1415 2320; x_wconf 85' lang='grc' dir='ltr'>λέγεται</span> <span class='ocrx_word' id='word_1_292' title='bbox 1445 2251 1637 2305; x_wconf 81' lang='grc' dir='ltr'>παθεῖν</span> <span class='ocrx_word' id='word_1_293' title='bbox 1658 2252 1801 2323; x_wconf 84' lang='grc' dir='ltr'>ὑπὲρ</span> <span class='ocrx_word' id='word_1_294' title='bbox 1826 2253 2002 2322; x_wconf 80' lang='grc' dir='ltr'>ήμῶν.</span> 
     </span>
    </p>
   </div>
   <div class='ocr_carea' id='block_1_40' title="bbox 413 2338 2008 2414">
    <p class='ocr_par' dir='ltr' id='par_1_40' title="bbox 413 2338 2008 2414">
     <span class='ocr_line' id='line_1_40' title="bbox 413 2338 2008 2414; baseline 0.003 -19"><span class='ocrx_word' id='word_1_295' title='bbox 413 2338 526 2395; x_wconf 88' lang='grc' dir='ltr'><strong>Ἦν</strong></span> <span class='ocrx_word' id='word_1_296' title='bbox 549 2342 656 2414; x_wconf 85' lang='grc' dir='ltr'>γὰρ</span> <span class='ocrx_word' id='word_1_297' title='bbox 684 2342 714 2394; x_wconf 90' lang='lat'><strong>6</strong></span> <span class='ocrx_word' id='word_1_298' title='bbox 744 2341 959 2411; x_wconf 75' lang='grc' dir='ltr'>ἀπαθὴς</span> <span class='ocrx_word' id='word_1_299' title='bbox 983 2344 1041 2395; x_wconf 82' lang='grc' dir='ltr'><strong>ἐν</strong></span> <span class='ocrx_word' id='word_1_300' title='bbox 1067 2343 1148 2413; x_wconf 79' lang='grc' dir='ltr'><strong>τῷ</strong></span> <span class='ocrx_word' id='word_1_301' title='bbox 1175 2343 1440 2413; x_wconf 75' lang='grc' dir='ltr'>πάσχοντι</span> <span class='ocrx_word' id='word_1_302' title='bbox 1464 2341 1699 2413; x_wconf 84' lang='grc' dir='ltr'>σώματι.</span> <span class='ocrx_word' id='word_1_303' title='bbox 1734 2344 1890 2398; x_wconf 84' lang='grc' dir='ltr'>Κατὰ</span> <span class='ocrx_word' id='word_1_304' title='bbox 1916 2346 2008 2399; x_wconf 81' lang='grc' dir='ltr'>τὸν</span> 
     </span>
    </p>
   </div>
   <div class='ocr_carea' id='block_1_41' title="bbox 413 2431 2009 2504">
    <p class='ocr_par' dir='ltr' id='par_1_41' title="bbox 413 2431 2009 2504">
     <span class='ocr_line' id='line_1_41' title="bbox 413 2431 2009 2504; baseline 0.003 -20"><span class='ocrx_word' id='word_1_305' title='bbox 413 2432 532 2484; x_wconf 72' lang='grc' dir='ltr'>ἴσον</span> <span class='ocrx_word' id='word_1_306' title='bbox 563 2431 619 2484; x_wconf 82' lang='grc' dir='ltr'>δὲ</span> <span class='ocrx_word' id='word_1_307' title='bbox 648 2431 869 2501; x_wconf 83' lang='grc' dir='ltr'>τρόπον,</span> <span class='ocrx_word' id='word_1_308' title='bbox 905 2433 1002 2486; x_wconf 82' lang='grc' dir='ltr'><strong>καὶ</strong></span> <span class='ocrx_word' id='word_1_309' title='bbox 1041 2433 1133 2485; x_wconf 76' lang='grc' dir='ltr'><strong>ὲπὶ</strong></span> <span class='ocrx_word' id='word_1_310' title='bbox 1164 2432 1259 2487; x_wconf 87' lang='grc' dir='ltr'><strong>τοῦ</strong></span> <span class='ocrx_word' id='word_1_311' title='bbox 1300 2432 1554 2488; x_wconf 81' lang='grc' dir='ltr'>τεθνάναι</span> <span class='ocrx_word' id='word_1_312' title='bbox 1586 2434 1835 2504; x_wconf 78' lang='grc' dir='ltr'>νοοῦμεν·</span> <span class='ocrx_word' id='word_1_313' title='bbox 1872 2436 2009 2489; x_wconf 77' lang='grc' dir='ltr'><strong>ἀθά-</strong></span> 
     </span>
    </p>
   </div>
   <div class='ocr_carea' id='block_1_42' title="bbox 413 2523 2009 2597">
    <p class='ocr_par' dir='ltr' id='par_1_42' title="bbox 413 2523 2009 2597">
     <span class='ocr_line' id='line_1_42' title="bbox 413 2523 2009 2597; baseline 0.003 -21"><span class='ocrx_word' id='word_1_314' title='bbox 413 2540 574 2586; x_wconf 84' lang='grc' dir='ltr'>νατος</span> <span class='ocrx_word' id='word_1_315' title='bbox 606 2523 712 2595; x_wconf 76' lang='grc' dir='ltr'>γὰρ</span> <span class='ocrx_word' id='word_1_316' title='bbox 758 2523 899 2576; x_wconf 82' lang='grc' dir='ltr'>κατὰ</span> <span class='ocrx_word' id='word_1_317' title='bbox 933 2523 1114 2593; x_wconf 86' lang='grc' dir='ltr'>φύσιν,</span> <span class='ocrx_word' id='word_1_318' title='bbox 1160 2525 1257 2577; x_wconf 71' lang='grc' dir='ltr'>καὶ</span> <span class='ocrx_word' id='word_1_319' title='bbox 1290 2525 1592 2597; x_wconf 75' lang='grc' dir='ltr'>ἄφθαρτος,</span> <span class='ocrx_word' id='word_1_320' title='bbox 1634 2527 1728 2579; x_wconf 73' lang='grc' dir='ltr'><strong>καὶ</strong></span> <span class='ocrx_word' id='word_1_321' title='bbox 1762 2526 1875 2596; x_wconf 77' lang='grc' dir='ltr'><strong>ζωὴ</strong></span> <span class='ocrx_word' id='word_1_322' title='bbox 1914 2530 2009 2580; x_wconf 74' lang='grc' dir='ltr'><strong>καὶ</strong></span> 
     </span>
    </p>
   </div>
   <div class='ocr_carea' id='block_1_43' title="bbox 412 2613 2008 2689">
    <p class='ocr_par' dir='ltr' id='par_1_43' title="bbox 412 2613 2008 2689">
     <span class='ocr_line' id='line_1_43' title="bbox 412 2613 2008 2689; baseline 0.003 -22"><span class='ocrx_word' id='word_1_323' title='bbox 412 2614 678 2678; x_wconf 81' lang='grc' dir='ltr'>ζωοποιός</span> <span class='ocrx_word' id='word_1_324' title='bbox 702 2616 850 2668; x_wconf 77' lang='grc' dir='ltr'>ἐστιν</span> <span class='ocrx_word' id='word_1_325' title='bbox 877 2617 905 2668; x_wconf 89' lang='grc' dir='ltr'>ὁ</span> <span class='ocrx_word' id='word_1_326' title='bbox 926 2613 1021 2668; x_wconf 86' lang='grc' dir='ltr'><strong>τοῦ</strong></span> <span class='ocrx_word' id='word_1_327' title='bbox 1048 2616 1185 2669; x_wconf 79' lang='grc' dir='ltr'>Θεοῦ</span> <span class='ocrx_word' id='word_1_328' title='bbox 1215 2624 1254 2647; x_wconf 83' lang='grc'><strong>¹¹¹</strong></span> <span class='ocrx_word' id='word_1_329' title='bbox 1279 2617 1471 2686; x_wconf 84' lang='grc' dir='ltr'>Λόγος.</span> <span class='ocrx_word' id='word_1_330' title='bbox 1513 2618 1734 2689; x_wconf 81' lang='grc' dir='ltr'>Ἐπειδὴ</span> <span class='ocrx_word' id='word_1_331' title='bbox 1764 2619 1821 2671; x_wconf 81' lang='grc' dir='ltr'>δὲ</span> <span class='ocrx_word' id='word_1_332' title='bbox 1846 2619 2008 2671; x_wconf 77' lang='grc' dir='ltr'>πάλιν</span> 
     </span>
    </p>
   </div>
   <div class='ocr_carea' id='block_1_44' title="bbox 411 2705 2009 2780">
    <p class='ocr_par' dir='ltr' id='par_1_44' title="bbox 411 2705 2009 2780">
     <span class='ocr_line' id='line_1_44' title="bbox 411 2705 2009 2780; baseline 0.003 -22"><span class='ocrx_word' id='word_1_333' title='bbox 411 2706 477 2759; x_wconf 85' lang='grc' dir='ltr'><strong>τὸ</strong></span> <span class='ocrx_word' id='word_1_334' title='bbox 503 2705 632 2760; x_wconf 77' lang='grc' dir='ltr'>ἴδιον</span> <span class='ocrx_word' id='word_1_335' title='bbox 665 2705 831 2759; x_wconf 76' lang='grc' dir='ltr'>αὑτοῦ</span> <span class='ocrx_word' id='word_1_336' title='bbox 857 2706 1018 2776; x_wconf 74' lang='grc' dir='ltr'>σῶμα</span> <span class='ocrx_word' id='word_1_337' title='bbox 1048 2708 1233 2777; x_wconf 81' lang='grc' dir='ltr'>χάριτι</span> <span class='ocrx_word' id='word_1_338' title='bbox 1261 2708 1422 2771; x_wconf 83' lang='grc' dir='ltr'>Θεοῦ,</span> <span class='ocrx_word' id='word_1_339' title='bbox 1454 2709 1599 2763; x_wconf 86' lang='grc' dir='ltr'>καθά</span> <span class='ocrx_word' id='word_1_340' title='bbox 1628 2727 1794 2780; x_wconf 82' lang='grc' dir='ltr'>φησιν</span> <span class='ocrx_word' id='word_1_341' title='bbox 1814 2712 1843 2763; x_wconf 90' lang='lat'><strong>6</strong></span> <span class='ocrx_word' id='word_1_342' title='bbox 1870 2710 2009 2763; x_wconf 84' lang='grc' dir='ltr'>Παῦ-</span> 
     </span>
    </p>
   </div>
   <div class='ocr_carea' id='block_1_45' title="bbox 412 2797 2009 2870">
    <p class='ocr_par' dir='ltr' id='par_1_45' title="bbox 412 2797 2009 2870">
     <span class='ocr_line' id='line_1_45' title="bbox 412 2797 2009 2870; baseline 0.004 -20"><span class='ocrx_word' id='word_1_343' title='bbox 412 2798 525 2860; x_wconf 86' lang='grc' dir='ltr'>λος,</span> <span class='ocrx_word' id='word_1_344' title='bbox 560 2797 702 2867; x_wconf 86' lang='grc' dir='ltr'>ὑπὲρ</span> <span class='ocrx_word' id='word_1_345' title='bbox 736 2798 938 2863; x_wconf 81' lang='grc' dir='ltr'>παντὸς</span> <span class='ocrx_word' id='word_1_346' title='bbox 968 2799 1233 2867; x_wconf 77' lang='grc' dir='ltr'>ἐγεύσατο</span> <span class='ocrx_word' id='word_1_347' title='bbox 1265 2799 1533 2865; x_wconf 82' lang='grc' dir='ltr'>θανάτου,</span> <span class='ocrx_word' id='word_1_348' title='bbox 1564 2801 1783 2870; x_wconf 84' lang='grc' dir='ltr'>λέγεται</span> <span class='ocrx_word' id='word_1_349' title='bbox 1814 2804 2009 2857; x_wconf 81' lang='grc' dir='ltr'>παθεῖν</span> 
     </span>
    </p>
   </div>
   <div class='ocr_carea' id='block_1_46' title="bbox 412 2889 2009 2967">
    <p class='ocr_par' dir='ltr' id='par_1_46' title="bbox 412 2889 2009 2967">
     <span class='ocr_line' id='line_1_46' title="bbox 412 2889 2009 2967; baseline 0.006 -25"><span class='ocrx_word' id='word_1_350' title='bbox 412 2889 577 2952; x_wconf 83' lang='grc' dir='ltr'>αὐτὸς</span> <span class='ocrx_word' id='word_1_351' title='bbox 618 2890 709 2943; x_wconf 79' lang='grc' dir='ltr'><strong>τὸν</strong></span> <span class='ocrx_word' id='word_1_352' title='bbox 740 2890 882 2960; x_wconf 82' lang='grc' dir='ltr'>ὑπὲρ</span> <span class='ocrx_word' id='word_1_353' title='bbox 922 2891 1084 2961; x_wconf 75' lang='grc' dir='ltr'>ἡμῶν</span> <span class='ocrx_word' id='word_1_354' title='bbox 1132 2892 1385 2946; x_wconf 83' lang='grc' dir='ltr'>θάνατον·</span> <span class='ocrx_word' id='word_1_355' title='bbox 1430 2895 1529 2964; x_wconf 81' lang='grc' dir='ltr'>οὐχ</span> <span class='ocrx_word' id='word_1_356' title='bbox 1574 2895 1649 2958; x_wconf 83' lang='grc' dir='ltr'>ὡς</span> <span class='ocrx_word' id='word_1_357' title='bbox 1684 2898 1765 2958; x_wconf 86' lang='grc' dir='ltr'><strong>είς</strong></span> <span class='ocrx_word' id='word_1_358' title='bbox 1810 2899 2009 2967; x_wconf 82' lang='grc' dir='ltr'>πεῖραν</span> 
     </span>
    </p>
   </div>
   <div class='ocr_carea' id='block_1_47' title="bbox 413 2978 2009 3057">
    <p class='ocr_par' dir='ltr' id='par_1_47' title="bbox 413 2978 2009 3057">
     <span class='ocr_line' id='line_1_47' title="bbox 413 2978 2009 3057; baseline 0.006 -25"><span class='ocrx_word' id='word_1_359' title='bbox 413 2978 584 3033; x_wconf 76' lang='grc' dir='ltr'>ἐλθὼν</span> <span class='ocrx_word' id='word_1_360' title='bbox 614 2980 706 3035; x_wconf 90' lang='grc' dir='ltr'><strong>τοῦ</strong></span> <span class='ocrx_word' id='word_1_361' title='bbox 747 2982 1001 3048; x_wconf 79' lang='grc' dir='ltr'>θανάτου,</span> <span class='ocrx_word' id='word_1_362' title='bbox 1032 2985 1094 3037; x_wconf 91' lang='grc' dir='ltr'><strong>τό</strong></span> <span class='ocrx_word' id='word_1_363' title='bbox 1141 3001 1206 3053; x_wconf 91' lang='grc' dir='ltr'>γε</span> <span class='ocrx_word' id='word_1_364' title='bbox 1239 2980 1375 3057; x_wconf 83' lang='grc' dir='ltr'>ἦκον</span> <span class='ocrx_word' id='word_1_365' title='bbox 1405 2987 1485 3049; x_wconf 79' lang='grc' dir='ltr'>εἰς</span> <span class='ocrx_word' id='word_1_366' title='bbox 1515 2987 1612 3057; x_wconf 83' lang='grc' dir='ltr'><strong>τὴν</strong></span> <span class='ocrx_word' id='word_1_367' title='bbox 1643 2987 1811 3041; x_wconf 74' lang='grc' dir='ltr'>αὑτοῦ</span> <span class='ocrx_word' id='word_1_368' title='bbox 1844 2990 2009 3057; x_wconf 79' lang='grc' dir='ltr'>φύσιν</span> 
     </span>
    </p>
   </div>
   <div class='ocr_carea' id='block_1_48' title="bbox 415 3073 2005 3150">
    <p class='ocr_par' dir='ltr' id='par_1_48' title="bbox 415 3073 2005 3150">
     <span class='ocr_line' id='line_1_48' title="bbox 415 3073 2005 3150; baseline 0.007 -26"><span class='ocrx_word' id='word_1_369' title='bbox 415 3076 433 3138; x_wconf 94' lang='grc'><strong>(</strong></span> <span class='ocrx_word' id='word_1_370' title='bbox 453 3073 768 3143; x_wconf 79' lang='grc' dir='ltr'>ἀποπληξία</span> <span class='ocrx_word' id='word_1_371' title='bbox 799 3074 911 3146; x_wconf 85' lang='grc' dir='ltr'>γὰρ</span> <span class='ocrx_word' id='word_1_372' title='bbox 948 3076 1108 3130; x_wconf 87' lang='grc' dir='ltr'>τοῦτο</span> <span class='ocrx_word' id='word_1_373' title='bbox 1135 3076 1315 3145; x_wconf 83' lang='grc' dir='ltr'>λέγειν</span> <span class='ocrx_word' id='word_1_374' title='bbox 1344 3078 1377 3148; x_wconf 83' lang='grc' dir='ltr'>ἦ</span> <span class='ocrx_word' id='word_1_375' title='bbox 1420 3081 1701 3150; x_wconf 80' lang='grc' dir='ltr'>φρονεῖν),</span> <span class='ocrx_word' id='word_1_376' title='bbox 1748 3081 1866 3135; x_wconf 77' lang='grc' dir='ltr'><strong>ἀλλ’</strong></span> <span class='ocrx_word' id='word_1_377' title='bbox 1901 3082 2005 3149; x_wconf 84' lang='grc' dir='ltr'>ὅτι,</span> 
     </span>
    </p>
   </div>
   <div class='ocr_carea' id='block_1_49' title="bbox 412 3163 2009 3241">
    <p class='ocr_par' dir='ltr' id='par_1_49' title="bbox 412 3163 2009 3241">
     <span class='ocr_line' id='line_1_49' title="bbox 412 3163 2009 3241; baseline 0.008 -25"><span class='ocrx_word' id='word_1_378' title='bbox 412 3163 666 3235; x_wconf 81' lang='grc' dir='ltr'>καθάπερ</span> <span class='ocrx_word' id='word_1_379' title='bbox 709 3165 846 3236; x_wconf 77' lang='grc' dir='ltr'>ἔφην</span> <span class='ocrx_word' id='word_1_380' title='bbox 886 3168 1123 3237; x_wconf 81' lang='grc' dir='ltr'>ἀρτίως,</span> <span class='ocrx_word' id='word_1_381' title='bbox 1158 3171 1190 3239; x_wconf 81' lang='grc' dir='ltr'>ἡ</span> <span class='ocrx_word' id='word_1_382' title='bbox 1240 3168 1377 3240; x_wconf 79' lang='grc' dir='ltr'>σὰρξ</span> <span class='ocrx_word' id='word_1_383' title='bbox 1407 3171 1571 3224; x_wconf 83' lang='grc' dir='ltr'>αὑτοῦ</span> <span class='ocrx_word' id='word_1_384' title='bbox 1611 3175 1874 3241; x_wconf 79' lang='grc' dir='ltr'>ἐγεύσατο</span> <span class='ocrx_word' id='word_1_385' title='bbox 1912 3174 2009 3227; x_wconf 85' lang='grc' dir='ltr'>θα-</span> 
     </span>
    </p>
   </div>
   <div class='ocr_carea' id='block_1_50' title="bbox 2080 1975 3670 2046">
    <p class='ocr_par' dir='ltr' id='par_1_50' title="bbox 2080 1975 3670 2046">
     <span class='ocr_line' id='line_1_50' title="bbox 2080 1975 3670 2046; baseline -0.001 -14"><span class='ocrx_word' id='word_1_386' title='bbox 2080 1992 2231 2032; x_wconf 86' lang='lat' dir='ltr'><strong>cans.</strong></span> <span class='ocrx_word' id='word_1_387' title='bbox 2267 1976 2348 2030; x_wconf 88' lang='lat' dir='ltr'><strong>Ad</strong></span> <span class='ocrx_word' id='word_1_388' title='bbox 2379 1975 2635 2030; x_wconf 90' lang='lat' dir='ltr'><strong>eumdem</strong></span> <span class='ocrx_word' id='word_1_389' title='bbox 2669 1976 2894 2029; x_wconf 89' lang='lat' dir='ltr'><strong>modum</strong></span> <span class='ocrx_word' id='word_1_390' title='bbox 2931 1976 3065 2030; x_wconf 89' lang='lat' dir='ltr'><strong>illud</strong></span> <span class='ocrx_word' id='word_1_391' title='bbox 3106 1992 3325 2046; x_wconf 85' lang='lat' dir='ltr'><strong>passum</strong></span> <span class='ocrx_word' id='word_1_392' title='bbox 3359 1987 3414 2029; x_wconf 89' lang='lat' dir='ltr'><strong>et</strong></span> <span class='ocrx_word' id='word_1_393' title='bbox 3437 1976 3670 2030; x_wconf 83' lang='lat' dir='ltr'><strong>resusci-</strong></span> 
     </span>
    </p>
   </div>
   <div class='ocr_carea' id='block_1_51' title="bbox 2081 2066 3665 2135">
    <p class='ocr_par' dir='ltr' id='par_1_51' title="bbox 2081 2066 3665 2135">
     <span class='ocr_line' id='line_1_51' title="bbox 2081 2066 3665 2135; baseline -0.002 -13"><span class='ocrx_word' id='word_1_394' title='bbox 2081 2077 2257 2122; x_wconf 87' lang='lat' dir='ltr'><strong>tatum</strong></span> <span class='ocrx_word' id='word_1_395' title='bbox 2300 2066 2558 2129; x_wconf 88' lang='lat' dir='ltr'><strong>dicimus,</strong></span> <span class='ocrx_word' id='word_1_396' title='bbox 2602 2080 2710 2119; x_wconf 86' lang='lat' dir='ltr'><strong>non</strong></span> <span class='ocrx_word' id='word_1_397' title='bbox 2750 2067 2899 2135; x_wconf 90' lang='lat' dir='ltr'><strong>quod</strong></span> <span class='ocrx_word' id='word_1_398' title='bbox 2945 2067 3041 2121; x_wconf 88' lang='lat' dir='ltr'><strong>Dei</strong></span> <span class='ocrx_word' id='word_1_399' title='bbox 3071 2067 3313 2121; x_wconf 88' lang='lat' dir='ltr'><strong>Verbum</strong></span> <span class='ocrx_word' id='word_1_400' title='bbox 3340 2077 3433 2122; x_wconf 88' lang='lat' dir='ltr'><strong>aut.</strong></span> <span class='ocrx_word' id='word_1_401' title='bbox 3460 2067 3665 2135; x_wconf 79' lang='lat' dir='ltr'><strong>plagas,</strong></span> 
     </span>
    </p>
   </div>
   <div class='ocr_carea' id='block_1_52' title="bbox 2081 2158 3669 2229">
    <p class='ocr_par' dir='ltr' id='par_1_52' title="bbox 2081 2158 3669 2229">
     <span class='ocr_line' id='line_1_52' title="bbox 2081 2158 3669 2229; baseline -0.003 -15"><span class='ocrx_word' id='word_1_402' title='bbox 2081 2170 2178 2215; x_wconf 88' lang='lat' dir='ltr'><strong>aut</strong></span> <span class='ocrx_word' id='word_1_403' title='bbox 2216 2160 2497 2213; x_wconf 84' lang='lat' dir='ltr'><strong>clavorum</strong></span> <span class='ocrx_word' id='word_1_404' title='bbox 2536 2158 2957 2227; x_wconf 82' lang='lat' dir='ltr'><strong>perforationes,</strong></span> <span class='ocrx_word' id='word_1_405' title='bbox 2996 2168 3093 2212; x_wconf 88' lang='lat' dir='ltr'><strong>aut</strong></span> <span class='ocrx_word' id='word_1_406' title='bbox 3117 2160 3222 2212; x_wconf 83' lang='lat' dir='ltr'><strong>alia</strong></span> <span class='ocrx_word' id='word_1_407' title='bbox 3259 2158 3312 2211; x_wconf 90' lang='lat' dir='ltr'><strong>id</strong></span> <span class='ocrx_word' id='word_1_408' title='bbox 3341 2174 3513 2229; x_wconf 82' lang='lat' dir='ltr'><strong>genus</strong></span> <span class='ocrx_word' id='word_1_409' title='bbox 3548 2160 3669 2209; x_wconf 74' lang='lat' dir='ltr'><strong>vul-</strong></span> 
     </span>
    </p>
   </div>
   <div class='ocr_carea' id='block_1_53' title="bbox 2082 2251 3667 2322">
    <p class='ocr_par' dir='ltr' id='par_1_53' title="bbox 2082 2251 3667 2322">
     <span class='ocr_line' id='line_1_53' title="bbox 2082 2251 3667 2322; baseline -0.003 -15"><span class='ocrx_word' id='word_1_410' title='bbox 2082 2269 2214 2307; x_wconf 88' lang='lat' dir='ltr'><strong>nera</strong></span> <span class='ocrx_word' id='word_1_411' title='bbox 2246 2254 2305 2306; x_wconf 92' lang='lat' dir='ltr'><strong>in</strong></span> <span class='ocrx_word' id='word_1_412' title='bbox 2341 2252 2620 2322; x_wconf 88' lang='lat' dir='ltr'><strong>propriam</strong></span> <span class='ocrx_word' id='word_1_413' title='bbox 2645 2261 2897 2304; x_wconf 89' lang='lat' dir='ltr'><strong>naturam</strong></span> <span class='ocrx_word' id='word_1_414' title='bbox 2929 2252 3204 2321; x_wconf 90' lang='lat' dir='ltr'><strong>acceperit</strong></span> <span class='ocrx_word' id='word_1_415' title='bbox 3233 2269 3246 2305; x_wconf 79' lang='grc' dir='ltr'><strong>τ</strong></span> <span class='ocrx_word' id='word_1_416' title='bbox 3286 2268 3409 2305; x_wconf 84' lang='lat' dir='ltr'><strong>nam</strong></span> <span class='ocrx_word' id='word_1_417' title='bbox 3437 2260 3496 2303; x_wconf 90' lang='lat' dir='ltr'><strong>ut</strong></span> <span class='ocrx_word' id='word_1_418' title='bbox 3526 2251 3667 2303; x_wconf 70' lang='lat' dir='ltr'><strong>divi~</strong></span> 
     </span>
    </p>
   </div>
   <div class='ocr_carea' id='block_1_54' title="bbox 2085 2342 3671 2412">
    <p class='ocr_par' dir='ltr' id='par_1_54' title="bbox 2085 2342 3671 2412">
     <span class='ocr_line' id='line_1_54' title="bbox 2085 2342 3671 2412; baseline -0.002 -14"><span class='ocrx_word' id='word_1_419' title='bbox 2085 2359 2215 2398; x_wconf 86' lang='lat' dir='ltr'><strong>num</strong></span> <span class='ocrx_word' id='word_1_420' title='bbox 2239 2358 2444 2397; x_wconf 90' lang='lat' dir='ltr'><strong>numen</strong></span> <span class='ocrx_word' id='word_1_421' title='bbox 2474 2342 2723 2411; x_wconf 88' lang='lat' dir='ltr'><strong>corporis</strong></span> <span class='ocrx_word' id='word_1_422' title='bbox 2740 2357 2937 2411; x_wconf 79' lang='lat' dir='ltr'><strong>expers</strong></span> <span class='ocrx_word' id='word_1_423' title='bbox 2959 2350 3063 2405; x_wconf 89' lang='lat' dir='ltr'><strong>est,</strong></span> <span class='ocrx_word' id='word_1_424' title='bbox 3111 2342 3184 2395; x_wconf 88' lang='lat' dir='ltr'><strong>ita</strong></span> <span class='ocrx_word' id='word_1_425' title='bbox 3214 2342 3427 2412; x_wconf 86' lang='lat' dir='ltr'><strong>perpeti</strong></span> <span class='ocrx_word' id='word_1_426' title='bbox 3452 2359 3671 2411; x_wconf 83' lang='lat' dir='ltr'><strong>quoque</strong></span> 
     </span>
    </p>
   </div>
   <div class='ocr_carea' id='block_1_55' title="bbox 2082 2430 3669 2503">
    <p class='ocr_par' dir='ltr' id='par_1_55' title="bbox 2082 2430 3669 2503">
     <span class='ocr_line' id='line_1_55' title="bbox 2082 2430 3669 2503; baseline -0.003 -15"><span class='ocrx_word' id='word_1_427' title='bbox 2082 2434 2224 2489; x_wconf 89' lang='lat' dir='ltr'><strong>nihil</strong></span> <span class='ocrx_word' id='word_1_428' title='bbox 2248 2441 2429 2503; x_wconf 85' lang='lat' dir='ltr'><strong>potest</strong></span> <span class='ocrx_word' id='word_1_429' title='bbox 2457 2449 2473 2496; x_wconf 87' lang='lat'><strong>;</strong></span> <span class='ocrx_word' id='word_1_430' title='bbox 2639 2431 2734 2484; x_wconf 90' lang='lat' dir='ltr'><strong>sed</strong></span> <span class='ocrx_word' id='word_1_431' title='bbox 2766 2433 2894 2500; x_wconf 86' lang='lat' dir='ltr'><strong>quia</strong></span> <span class='ocrx_word' id='word_1_432' title='bbox 2927 2445 3131 2501; x_wconf 89' lang='lat' dir='ltr'><strong>corpus</strong></span> <span class='ocrx_word' id='word_1_433' title='bbox 3160 2431 3308 2500; x_wconf 89' lang='lat' dir='ltr'><strong>quod</strong></span> <span class='ocrx_word' id='word_1_434' title='bbox 3331 2430 3435 2485; x_wconf 87' lang='lat' dir='ltr'><strong>sibi</strong></span> <span class='ocrx_word' id='word_1_435' title='bbox 3456 2432 3669 2484; x_wconf 77' lang='lat' dir='ltr'><strong>ascive-</strong></span> 
     </span>
    </p>
   </div>
   <div class='ocr_carea' id='block_1_56' title="bbox 2082 2521 3668 2592">
    <p class='ocr_par' dir='ltr' id='par_1_56' title="bbox 2082 2521 3668 2592">
     <span class='ocr_line' id='line_1_56' title="bbox 2082 2521 3668 2592; baseline -0.004 -12"><span class='ocrx_word' id='word_1_436' title='bbox 2082 2536 2187 2589; x_wconf 88' lang='lat' dir='ltr'><strong>rat,</strong></span> <span class='ocrx_word' id='word_1_437' title='bbox 2241 2525 2357 2579; x_wconf 75' lang='lat' dir='ltr'><strong>[nec</strong></span> <span class='ocrx_word' id='word_1_438' title='bbox 2395 2524 2499 2579; x_wconf 83' lang='lat' dir='ltr'><strong>fuit</strong></span> <span class='ocrx_word' id='word_1_439' title='bbox 2538 2532 2848 2592; x_wconf 79' lang='lat' dir='ltr'><strong>expertum,</strong></span> <span class='ocrx_word' id='word_1_440' title='bbox 2891 2537 3011 2577; x_wconf 88' lang='lat' dir='ltr'><strong>eam</strong></span> <span class='ocrx_word' id='word_1_441' title='bbox 3042 2522 3116 2575; x_wconf 88' lang='lat' dir='ltr'><strong>ob</strong></span> <span class='ocrx_word' id='word_1_442' title='bbox 3142 2537 3255 2576; x_wconf 91' lang='lat' dir='ltr'><strong>rem</strong></span> <span class='ocrx_word' id='word_1_443' title='bbox 3280 2521 3458 2591; x_wconf 89' lang='lat' dir='ltr'><strong>ipsum</strong></span> <span class='ocrx_word' id='word_1_444' title='bbox 3492 2521 3668 2574; x_wconf 85' lang='lat' dir='ltr'><strong>nostri</strong></span> 
     </span>
    </p>
   </div>
   <div class='ocr_carea' id='block_1_57' title="bbox 2083 2612 3670 2683">
    <p class='ocr_par' dir='ltr' id='par_1_57' title="bbox 2083 2612 3670 2683">
     <span class='ocr_line' id='line_1_57' title="bbox 2083 2612 3670 2683; baseline -0.005 -12"><span class='ocrx_word' id='word_1_445' title='bbox 2083 2631 2251 2671; x_wconf 89' lang='lat' dir='ltr'><strong>causa</strong></span> <span class='ocrx_word' id='word_1_446' title='bbox 2305 2616 2398 2669; x_wconf 87' lang='lat' dir='ltr'><strong>illa</strong></span> <span class='ocrx_word' id='word_1_447' title='bbox 2447 2629 2768 2683; x_wconf 90' lang='lat' dir='ltr'><strong>perpessum</strong></span> <span class='ocrx_word' id='word_1_448' title='bbox 2818 2612 3105 2666; x_wconf 77' lang='lat' dir='ltr'><strong>asset-itur.</strong></span> <span class='ocrx_word' id='word_1_449' title='bbox 3158 2613 3463 2682; x_wconf 86' lang='lat' dir='ltr'><strong>lmpatibile</strong></span> <span class='ocrx_word' id='word_1_450' title='bbox 3521 2613 3670 2665; x_wconf 89' lang='lat' dir='ltr'><strong>enim</strong></span> 
     </span>
    </p>
   </div>
   <div class='ocr_carea' id='block_1_58' title="bbox 2083 2704 3671 2775">
    <p class='ocr_par' dir='ltr' id='par_1_58' title="bbox 2083 2704 3671 2775">
     <span class='ocr_line' id='line_1_58' title="bbox 2083 2704 3671 2775; baseline -0.004 -12"><span class='ocrx_word' id='word_1_451' title='bbox 2083 2708 2326 2764; x_wconf 85' lang='lat' dir='ltr'><strong>Verbum</strong></span> <span class='ocrx_word' id='word_1_452' title='bbox 2365 2707 2421 2759; x_wconf 91' lang='lat' dir='ltr'><strong>in</strong></span> <span class='ocrx_word' id='word_1_453' title='bbox 2458 2721 2689 2775; x_wconf 90' lang='lat' dir='ltr'><strong>corpore</strong></span> <span class='ocrx_word' id='word_1_454' title='bbox 2731 2705 2945 2774; x_wconf 89' lang='lat' dir='ltr'><strong>patibili</strong></span> <span class='ocrx_word' id='word_1_455' title='bbox 2992 2704 3310 2759; x_wconf 81' lang='lat' dir='ltr'><strong>exsistebat.</strong></span> <span class='ocrx_word' id='word_1_456' title='bbox 3350 2704 3496 2758; x_wconf 90' lang='lat' dir='ltr'><strong>Idem</strong></span> <span class='ocrx_word' id='word_1_457' title='bbox 3521 2713 3573 2759; x_wconf 89' lang='lat' dir='ltr'><strong>et</strong></span> <span class='ocrx_word' id='word_1_458' title='bbox 3602 2704 3671 2757; x_wconf 89' lang='lat' dir='ltr'><strong>de</strong></span> 
     </span>
    </p>
   </div>
   <div class='ocr_carea' id='block_1_59' title="bbox 2084 2797 3671 2870">
    <p class='ocr_par' dir='ltr' id='par_1_59' title="bbox 2084 2797 3671 2870">
     <span class='ocr_line' id='line_1_59' title="bbox 2084 2797 3671 2870; baseline -0.003 -16"><span class='ocrx_word' id='word_1_459' title='bbox 2084 2801 2333 2870; x_wconf 85' lang='lat' dir='ltr'><strong>ejusdem</strong></span> <span class='ocrx_word' id='word_1_460' title='bbox 2393 2814 2615 2868; x_wconf 89' lang='lat' dir='ltr'><strong>quoque</strong></span> <span class='ocrx_word' id='word_1_461' title='bbox 2678 2806 2856 2851; x_wconf 90' lang='lat' dir='ltr'><strong>morte</strong></span> <span class='ocrx_word' id='word_1_462' title='bbox 2903 2799 3209 2861; x_wconf 89' lang='lat' dir='ltr'><strong>sentimus,</strong></span> <span class='ocrx_word' id='word_1_463' title='bbox 3252 2797 3524 2867; x_wconf 88' lang='lat' dir='ltr'><strong>siquidem</strong></span> <span class='ocrx_word' id='word_1_464' title='bbox 3574 2797 3671 2851; x_wconf 83' lang='lat' dir='ltr'><strong>Dei</strong></span> 
     </span>
    </p>
   </div>
   <div class='ocr_carea' id='block_1_60' title="bbox 2083 2891 3672 2961">
    <p class='ocr_par' dir='ltr' id='par_1_60' title="bbox 2083 2891 3672 2961">
     <span class='ocr_line' id='line_1_60' title="bbox 2083 2891 3672 2961; baseline -0.003 -11"><span class='ocrx_word' id='word_1_465' title='bbox 2083 2894 2349 2958; x_wconf 86' lang='lat' dir='ltr'><strong>Verbum,</strong></span> <span class='ocrx_word' id='word_1_466' title='bbox 2387 2901 2583 2961; x_wconf 89' lang='lat' dir='ltr'><strong>suapte</strong></span> <span class='ocrx_word' id='word_1_467' title='bbox 2610 2901 2807 2945; x_wconf 88' lang='lat' dir='ltr'><strong>natura</strong></span> <span class='ocrx_word' id='word_1_468' title='bbox 2840 2891 3152 2945; x_wconf 90' lang='lat' dir='ltr'><strong>immortale</strong></span> <span class='ocrx_word' id='word_1_469' title='bbox 3183 2899 3239 2945; x_wconf 91' lang='lat' dir='ltr'><strong>et</strong></span> <span class='ocrx_word' id='word_1_470' title='bbox 3262 2907 3293 2945; x_wconf 91' lang='lat' dir='ltr'><strong>a</strong></span> <span class='ocrx_word' id='word_1_471' title='bbox 3315 2892 3672 2961; x_wconf 90' lang='lat' dir='ltr'><strong>corruptione</strong></span> 
     </span>
    </p>
   </div>
   <div class='ocr_carea' id='block_1_61' title="bbox 2085 2979 3670 3048">
    <p class='ocr_par' dir='ltr' id='par_1_61' title="bbox 2085 2979 3670 3048">
     <span class='ocr_line' id='line_1_61' title="bbox 2085 2979 3670 3048; baseline -0.005 -9"><span class='ocrx_word' id='word_1_472' title='bbox 2085 2985 2346 3047; x_wconf 86' lang='lat' dir='ltr'><strong>alienum,</strong></span> <span class='ocrx_word' id='word_1_473' title='bbox 2371 2990 2428 3037; x_wconf 89' lang='lat' dir='ltr'><strong>et</strong></span> <span class='ocrx_word' id='word_1_474' title='bbox 2446 2982 2557 3037; x_wconf 82' lang='lat' dir='ltr'><strong>vita</strong></span> <span class='ocrx_word' id='word_1_475' title='bbox 2580 2995 2801 3035; x_wconf 88' lang='lat' dir='ltr'><strong>rursum</strong></span> <span class='ocrx_word' id='word_1_476' title='bbox 2821 2987 2877 3034; x_wconf 90' lang='lat' dir='ltr'><strong>et</strong></span> <span class='ocrx_word' id='word_1_477' title='bbox 2899 2979 3183 3033; x_wconf 76' lang='lat' dir='ltr'><strong>viviﬁcans</strong></span> <span class='ocrx_word' id='word_1_478' title='bbox 3201 2988 3305 3033; x_wconf 88' lang='lat' dir='ltr'><strong>est.</strong></span> <span class='ocrx_word' id='word_1_479' title='bbox 3322 2980 3526 3034; x_wconf 89' lang='lat' dir='ltr'><strong>Verum</strong></span> <span class='ocrx_word' id='word_1_480' title='bbox 3543 2979 3670 3048; x_wconf 89' lang='lat' dir='ltr'><strong>quia</strong></span> 
     </span>
    </p>
   </div>
   <div class='ocr_carea' id='block_1_62' title="bbox 2084 3069 3668 3144">
    <p class='ocr_par' dir='ltr' id='par_1_62' title="bbox 2084 3069 3668 3144">
     <span class='ocr_line' id='line_1_62' title="bbox 2084 3069 3668 3144; baseline -0.005 -14"><span class='ocrx_word' id='word_1_481' title='bbox 2084 3091 2250 3131; x_wconf 91' lang='lat' dir='ltr'><strong>suum</strong></span> <span class='ocrx_word' id='word_1_482' title='bbox 2288 3072 2462 3144; x_wconf 89' lang='lat' dir='ltr'><strong>ipsius</strong></span> <span class='ocrx_word' id='word_1_483' title='bbox 2495 3087 2697 3143; x_wconf 90' lang='lat' dir='ltr'><strong>corpus</strong></span> <span class='ocrx_word' id='word_1_484' title='bbox 2735 3069 2975 3141; x_wconf 80' lang='lat' dir='ltr'><strong>gratuito</strong></span> <span class='ocrx_word' id='word_1_485' title='bbox 3018 3071 3114 3124; x_wconf 90' lang='lat' dir='ltr'><strong>Dei</strong></span> <span class='ocrx_word' id='word_1_486' title='bbox 3159 3085 3388 3123; x_wconf 87' lang='lat' dir='ltr'><strong>munere</strong></span> <span class='ocrx_word' id='word_1_487' title='bbox 3413 3078 3668 3133; x_wconf 89' lang='lat' dir='ltr'><strong>mortem,</strong></span> 
     </span>
    </p>
   </div>
   <div class='ocr_carea' id='block_1_63' title="bbox 2086 3148 3673 3233">
    <p class='ocr_par' dir='ltr' id='par_1_63' title="bbox 2086 3148 3673 3233">
     <span class='ocr_line' id='line_1_63' title="bbox 2086 3148 3673 3233; baseline -0.005 -10"><span class='ocrx_word' id='word_1_488' title='bbox 2086 3175 2382 3224; x_wconf 86' lang='lat' dir='ltr'><strong>attestante</strong></span> <span class='ocrx_word' id='word_1_489' title='bbox 2418 3148 2592 3222; x_wconf 86' lang='lat' dir='ltr'><strong>Paulo</strong></span> <span class='ocrx_word' id='word_1_490' title='bbox 2637 3169 2684 3230; x_wconf 72' lang='grc' dir='ltr'><strong>ι,</strong></span> <span class='ocrx_word' id='word_1_491' title='bbox 2714 3164 2961 3217; x_wconf 89' lang='lat' dir='ltr'><strong>onmium</strong></span> <span class='ocrx_word' id='word_1_492' title='bbox 2983 3177 3147 3216; x_wconf 90' lang='lat' dir='ltr'><strong>causa</strong></span> <span class='ocrx_word' id='word_1_493' title='bbox 3172 3162 3503 3233; x_wconf 64' lang='lat' dir='ltr'><strong>degustarit,</strong></span> <span class='ocrx_word' id='word_1_494' title='bbox 3532 3161 3592 3214; x_wconf 85' lang='lat' dir='ltr'><strong>ﬁt</strong></span> <span class='ocrx_word' id='word_1_495' title='bbox 3613 3172 3673 3215; x_wconf 92' lang='lat' dir='ltr'><strong>ut</strong></span> 
     </span>
    </p>
   </div>
   <div class='ocr_carea' id='block_1_64' title="bbox 410 3255 2003 3335">
    <p class='ocr_par' dir='ltr' id='par_1_64' title="bbox 410 3255 2003 3335">
     <span class='ocr_line' id='line_1_64' title="bbox 410 3255 2003 3335; baseline 0.008 -26"><span class='ocrx_word' id='word_1_496' title='bbox 410 3256 596 3312; x_wconf 72' lang='grc' dir='ltr'>νὰτου.</span> <span class='ocrx_word' id='word_1_497' title='bbox 615 3255 774 3310; x_wconf 89' lang='grc' dir='ltr'>Οὕτω</span> <span class='ocrx_word' id='word_1_498' title='bbox 800 3258 895 3312; x_wconf 77' lang='grc' dir='ltr'><strong>καὶ</strong></span> <span class='ocrx_word' id='word_1_499' title='bbox 918 3261 1299 3331; x_wconf 74' lang='grc' dir='ltr'>ὲγηγερμένης</span> <span class='ocrx_word' id='word_1_500' title='bbox 1326 3263 1490 3316; x_wconf 80' lang='grc' dir='ltr'>αὐτοῦ</span> <span class='ocrx_word' id='word_1_501' title='bbox 1521 3265 1619 3335; x_wconf 82' lang='grc' dir='ltr'><strong>τῆς</strong></span> <span class='ocrx_word' id='word_1_502' title='bbox 1648 3267 1869 3335; x_wconf 77' lang='grc' dir='ltr'>σαρκὸς,</span> <span class='ocrx_word' id='word_1_503' title='bbox 1903 3267 2003 3321; x_wconf 80' lang='grc' dir='ltr'><strong>πά-</strong></span> 
     </span>
    </p>
   </div>
   <div class='ocr_carea' id='block_1_65' title="bbox 2090 3255 3672 3335">
    <p class='ocr_par' dir='ltr' id='par_1_65' title="bbox 2090 3255 3672 3333">
     <span class='ocr_line' id='line_1_65' title="bbox 2090 3255 3672 3333; baseline -0.006 -16"><span class='ocrx_word' id='word_1_504' title='bbox 2090 3264 2268 3333; x_wconf 88' lang='lat' dir='ltr'><strong>ipsum</strong></span> <span class='ocrx_word' id='word_1_505' title='bbox 2296 3268 2529 3315; x_wconf 89' lang='lat' dir='ltr'><strong>mortem</strong></span> <span class='ocrx_word' id='word_1_506' title='bbox 2557 3265 2784 3329; x_wconf 87' lang='lat' dir='ltr'><strong>propter</strong></span> <span class='ocrx_word' id='word_1_507' title='bbox 2804 3273 2907 3311; x_wconf 88' lang='lat' dir='ltr'><strong>nos</strong></span> <span class='ocrx_word' id='word_1_508' title='bbox 2936 3271 3256 3326; x_wconf 86' lang='lat' dir='ltr'><strong>perpessum</strong></span> <span class='ocrx_word' id='word_1_509' title='bbox 3279 3255 3496 3308; x_wconf 89' lang='lat' dir='ltr'><strong>dicatur</strong></span> <span class='ocrx_word' id='word_1_510' title='bbox 3520 3270 3533 3305; x_wconf 90' lang='lat'><strong>:</strong></span> <span class='ocrx_word' id='word_1_511' title='bbox 3561 3269 3672 3307; x_wconf 91' lang='lat' dir='ltr'><strong>non</strong></span> 
     </span>
    </p>
   </div>
   <div class='ocr_carea' id='block_1_66' title="bbox 410 3350 2008 3429">
    <p class='ocr_par' dir='ltr' id='par_1_66' title="bbox 410 3350 2008 3429">
     <span class='ocr_line' id='line_1_66' title="bbox 410 3350 2008 3429; baseline 0.007 -26"><span class='ocrx_word' id='word_1_512' title='bbox 410 3351 497 3403; x_wconf 90' lang='grc' dir='ltr'>λιν</span> <span class='ocrx_word' id='word_1_513' title='bbox 526 3353 558 3422; x_wconf 84' lang='grc' dir='ltr'><strong>ή</strong></span> <span class='ocrx_word' id='word_1_514' title='bbox 598 3352 898 3417; x_wconf 78' lang='grc' dir='ltr'>ἀνάστασις</span> <span class='ocrx_word' id='word_1_515' title='bbox 927 3354 1091 3407; x_wconf 82' lang='grc' dir='ltr'>αὑτοῦ</span> <span class='ocrx_word' id='word_1_516' title='bbox 1132 3355 1369 3424; x_wconf 83' lang='grc' dir='ltr'>λέγεται·</span> <span class='ocrx_word' id='word_1_517' title='bbox 1404 3358 1504 3429; x_wconf 80' lang='grc' dir='ltr'>οὐχ</span> <span class='ocrx_word' id='word_1_518' title='bbox 1538 3358 1615 3423; x_wconf 86' lang='grc' dir='ltr'>ὼς</span> <span class='ocrx_word' id='word_1_519' title='bbox 1637 3350 1897 3424; x_wconf 73' lang='grc' dir='ltr'>πεσόντος</span> <span class='ocrx_word' id='word_1_520' title='bbox 1927 3362 2008 3424; x_wconf 82' lang='grc' dir='ltr'><strong>είς</strong></span> 
     </span>
    </p>
   </div>
   <div class='ocr_carea' id='block_1_67' title="bbox 411 3442 2008 3522">
    <p class='ocr_par' dir='ltr' id='par_1_67' title="bbox 411 3442 2008 3522">
     <span class='ocr_line' id='line_1_67' title="bbox 411 3442 2008 3522; baseline 0.006 -28"><span class='ocrx_word' id='word_1_521' title='bbox 411 3442 640 3513; x_wconf 83' lang='grc' dir='ltr'>φθοράν·</span> <span class='ocrx_word' id='word_1_522' title='bbox 674 3443 748 3514; x_wconf 82' lang='grc' dir='ltr'>μὴ</span> <span class='ocrx_word' id='word_1_523' title='bbox 778 3445 1008 3510; x_wconf 84' lang='grc' dir='ltr'>γένοιτο·</span> <span class='ocrx_word' id='word_1_524' title='bbox 1038 3445 1155 3498; x_wconf 81' lang='grc' dir='ltr'><strong>ἀλλ’</strong></span> <span class='ocrx_word' id='word_1_525' title='bbox 1184 3448 1265 3499; x_wconf 84' lang='grc' dir='ltr'>ὅτι</span> <span class='ocrx_word' id='word_1_526' title='bbox 1294 3447 1356 3499; x_wconf 79' lang='grc' dir='ltr'>τὸ</span> <span class='ocrx_word' id='word_1_527' title='bbox 1379 3448 1544 3501; x_wconf 87' lang='grc' dir='ltr'>αὐτοῦ</span> <span class='ocrx_word' id='word_1_528' title='bbox 1580 3450 1744 3503; x_wconf 82' lang='grc' dir='ltr'>πάλιν</span> <span class='ocrx_word' id='word_1_529' title='bbox 1766 3452 2008 3522; x_wconf 79' lang='grc' dir='ltr'>ἐγήγερ-</span> 
     </span>
    </p>
   </div>
   <div class='ocr_carea' id='block_1_68' title="bbox 409 3534 2005 3612">
    <p class='ocr_par' dir='ltr' id='par_1_68' title="bbox 409 3534 2005 3612">
     <span class='ocr_line' id='line_1_68' title="bbox 409 3534 2005 3612; baseline 0.005 -25"><span class='ocrx_word' id='word_1_530' title='bbox 409 3552 502 3587; x_wconf 89' lang='grc' dir='ltr'><strong>ται</strong></span> <span class='ocrx_word' id='word_1_531' title='bbox 543 3536 723 3603; x_wconf 84' lang='grc' dir='ltr'>σῶμα.</span> <span class='ocrx_word' id='word_1_532' title='bbox 766 3534 923 3589; x_wconf 88' lang='grc' dir='ltr'>Οὕτω</span> <span class='ocrx_word' id='word_1_533' title='bbox 972 3536 1209 3607; x_wconf 84' lang='grc' dir='ltr'>Χριστὸν</span> <span class='ocrx_word' id='word_1_534' title='bbox 1242 3536 1338 3590; x_wconf 76' lang='grc' dir='ltr'>ἕνα</span> <span class='ocrx_word' id='word_1_535' title='bbox 1378 3539 1473 3592; x_wconf 75' lang='grc' dir='ltr'><strong>καὶ</strong></span> <span class='ocrx_word' id='word_1_536' title='bbox 1502 3538 1708 3610; x_wconf 83' lang='grc' dir='ltr'>Κύριον</span> <span class='ocrx_word' id='word_1_537' title='bbox 1735 3542 2005 3612; x_wconf 85' lang='grc' dir='ltr'>ὁμολογή-</span> 
     </span>
    </p>
   </div>
   <div class='ocr_carea' id='block_1_69' title="bbox 412 3626 2001 3702">
    <p class='ocr_par' dir='ltr' id='par_1_69' title="bbox 412 3626 2001 3702">
     <span class='ocr_line' id='line_1_69' title="bbox 412 3626 2001 3702; baseline 0.004 -24"><span class='ocrx_word' id='word_1_538' title='bbox 412 3642 599 3694; x_wconf 80' lang='grc' dir='ltr'>σομεν-</span> <span class='ocrx_word' id='word_1_539' title='bbox 630 3626 727 3695; x_wconf 71' lang='grc' dir='ltr'>οὐχ</span> <span class='ocrx_word' id='word_1_540' title='bbox 748 3626 823 3689; x_wconf 84' lang='grc' dir='ltr'>ὡς</span> <span class='ocrx_word' id='word_1_541' title='bbox 842 3626 1126 3698; x_wconf 83' lang='grc' dir='ltr'>ἄνθρωπον</span> <span class='ocrx_word' id='word_1_542' title='bbox 1152 3631 1698 3700; x_wconf 84' lang='grc' dir='ltr'>συμπροσκυνοῦντες</span> <span class='ocrx_word' id='word_1_543' title='bbox 1719 3631 1799 3702; x_wconf 82' lang='grc' dir='ltr'>τῷ</span> <span class='ocrx_word' id='word_1_544' title='bbox 1821 3633 2001 3702; x_wconf 84' lang='grc' dir='ltr'>Λόγῳ,</span> 
     </span>
    </p>
   </div>
   <div class='ocr_carea' id='block_1_70' title="bbox 411 3714 2006 3790">
    <p class='ocr_par' dir='ltr' id='par_1_70' title="bbox 411 3714 2006 3790">
     <span class='ocr_line' id='line_1_70' title="bbox 411 3714 2006 3790; baseline 0.006 -24"><span class='ocrx_word' id='word_1_545' title='bbox 411 3714 502 3767; x_wconf 78' lang='grc' dir='ltr'>ἵνα</span> <span class='ocrx_word' id='word_1_546' title='bbox 553 3715 626 3785; x_wconf 75' lang='grc' dir='ltr'>μὴ</span> <span class='ocrx_word' id='word_1_547' title='bbox 673 3717 843 3785; x_wconf 83' lang='grc' dir='ltr'>τομῆς</span> <span class='ocrx_word' id='word_1_548' title='bbox 889 3719 1158 3785; x_wconf 84' lang='grc' dir='ltr'>φαντασία</span> <span class='ocrx_word' id='word_1_549' title='bbox 1219 3720 1717 3790; x_wconf 84' lang='grc' dir='ltr'>παρεισκρίνηται,</span> <span class='ocrx_word' id='word_1_550' title='bbox 1767 3723 1855 3776; x_wconf 78' lang='grc' dir='ltr'>διὰ</span> <span class='ocrx_word' id='word_1_551' title='bbox 1903 3722 2006 3776; x_wconf 80' lang='grc' dir='ltr'><strong>τοῦ</strong></span> 
     </span>
    </p>
   </div>
   <div class='ocr_carea' id='block_1_71' title="bbox 410 3805 2010 3885">
    <p class='ocr_par' dir='ltr' id='par_1_71' title="bbox 410 3805 2010 3885">
     <span class='ocr_line' id='line_1_71' title="bbox 410 3805 2010 3885; baseline 0.008 -29"><span class='ocrx_word' id='word_1_552' title='bbox 410 3805 591 3873; x_wconf 77' lang='grc' dir='ltr'>λέγειν</span> <span class='ocrx_word' id='word_1_553' title='bbox 616 3808 709 3868; x_wconf 70' lang='grc' dir='ltr'><strong>τὸ,</strong></span> <span class='ocrx_word' id='word_1_554' title='bbox 742 3810 882 3862; x_wconf 78' lang='grc' dir='ltr'>σύν·</span> <span class='ocrx_word' id='word_1_555' title='bbox 919 3808 1036 3862; x_wconf 82' lang='grc' dir='ltr'><strong>ἀλλ’</strong></span> <span class='ocrx_word' id='word_1_556' title='bbox 1074 3810 1150 3873; x_wconf 88' lang='grc' dir='ltr'>ὡς</span> <span class='ocrx_word' id='word_1_557' title='bbox 1193 3811 1287 3864; x_wconf 71' lang='grc' dir='ltr'>ἕνα</span> <span class='ocrx_word' id='word_1_558' title='bbox 1317 3812 1413 3865; x_wconf 74' lang='grc' dir='ltr'>καὶ</span> <span class='ocrx_word' id='word_1_559' title='bbox 1440 3812 1532 3865; x_wconf 83' lang='grc' dir='ltr'>τὸν</span> <span class='ocrx_word' id='word_1_560' title='bbox 1564 3813 1726 3868; x_wconf 80' lang='grc' dir='ltr'>αὑτὸν</span> <span class='ocrx_word' id='word_1_561' title='bbox 1763 3829 2010 3885; x_wconf 85' lang='grc' dir='ltr'>προσκυ-</span> 
     </span>
    </p>
   </div>
   <div class='ocr_carea' id='block_1_72' title="bbox 411 3894 2001 3976">
    <p class='ocr_par' dir='ltr' id='par_1_72' title="bbox 411 3894 2001 3976">
     <span class='ocr_line' id='line_1_72' title="bbox 411 3894 2001 3976; baseline 0.009 -29"><span class='ocrx_word' id='word_1_562' title='bbox 411 3894 652 3959; x_wconf 86' lang='grc' dir='ltr'>νοῦντες,</span> <span class='ocrx_word' id='word_1_563' title='bbox 684 3897 766 3949; x_wconf 85' lang='grc' dir='ltr'><strong>ὅτι</strong></span> <span class='ocrx_word' id='word_1_564' title='bbox 799 3899 872 3969; x_wconf 84' lang='grc' dir='ltr'>μὴ</span> <span class='ocrx_word' id='word_1_565' title='bbox 898 3899 1177 3972; x_wconf 80' lang='grc' dir='ltr'>ἀλλότριον</span> <span class='ocrx_word' id='word_1_566' title='bbox 1204 3901 1300 3954; x_wconf 88' lang='grc' dir='ltr'><strong>τοῦ</strong></span> <span class='ocrx_word' id='word_1_567' title='bbox 1326 3903 1501 3970; x_wconf 81' lang='grc' dir='ltr'>Λόγου</span> <span class='ocrx_word' id='word_1_568' title='bbox 1529 3904 1589 3957; x_wconf 85' lang='grc' dir='ltr'><strong>τὸ</strong></span> <span class='ocrx_word' id='word_1_569' title='bbox 1624 3906 1784 3976; x_wconf 84' lang='grc' dir='ltr'>σῶμα</span> <span class='ocrx_word' id='word_1_570' title='bbox 1811 3908 2001 3975; x_wconf 80' lang='grc' dir='ltr'>αὐτοῦ,</span> 
     </span>
    </p>
   </div>
   <div class='ocr_carea' id='block_1_73' title="bbox 414 3982 2004 4068">
    <p class='ocr_par' dir='ltr' id='par_1_73' title="bbox 414 3982 2004 4068">
     <span class='ocr_line' id='line_1_73' title="bbox 414 3982 2004 4068; baseline 0.009 -29"><span class='ocrx_word' id='word_1_571' title='bbox 414 3986 538 4056; x_wconf 84' lang='grc' dir='ltr'>μεθ’</span> <span class='ocrx_word' id='word_1_572' title='bbox 567 3982 629 4042; x_wconf 81' lang='grc' dir='ltr'><strong>οὕ</strong></span> <span class='ocrx_word' id='word_1_573' title='bbox 661 3989 754 4041; x_wconf 79' lang='grc' dir='ltr'><strong>καὶ</strong></span> <span class='ocrx_word' id='word_1_574' title='bbox 787 3989 939 4061; x_wconf 85' lang='grc' dir='ltr'><strong>αὐτῷ</strong></span> <span class='ocrx_word' id='word_1_575' title='bbox 968 3991 1278 4063; x_wconf 87' lang='grc' dir='ltr'>συνεδρεύει</span> <span class='ocrx_word' id='word_1_576' title='bbox 1306 3993 1384 4063; x_wconf 85' lang='grc' dir='ltr'><strong>τῷ</strong></span> <span class='ocrx_word' id='word_1_577' title='bbox 1428 3996 1621 4066; x_wconf 75' lang='grc' dir='ltr'>Πατρίο</span> <span class='ocrx_word' id='word_1_578' title='bbox 1659 3999 1759 4068; x_wconf 81' lang='grc' dir='ltr'><strong>οὐχ</strong></span> <span class='ocrx_word' id='word_1_579' title='bbox 1798 3999 1873 4062; x_wconf 85' lang='grc' dir='ltr'>ὼς</span> <span class='ocrx_word' id='word_1_580' title='bbox 1910 4000 2004 4053; x_wconf 68' lang='grc' dir='ltr'><strong>δύο</strong></span> 
     </span>
    </p>
   </div>
   <div class='ocr_carea' id='block_1_74' title="bbox 414 4079 2004 4152">
    <p class='ocr_par' dir='ltr' id='par_1_74' title="bbox 414 4079 2004 4152">
     <span class='ocr_line' id='line_1_74' title="bbox 414 4079 2004 4152; baseline 0.007 -20"><span class='ocrx_word' id='word_1_581' title='bbox 414 4079 579 4133; x_wconf 75' lang='grc' dir='ltr'>πάλιν</span> <span class='ocrx_word' id='word_1_582' title='bbox 606 4083 1034 4151; x_wconf 78' lang='grc' dir='ltr'>συνεδρευόντων</span> <span class='ocrx_word' id='word_1_583' title='bbox 1061 4084 1214 4147; x_wconf 86' lang='grc' dir='ltr'>υίῶν,</span> <span class='ocrx_word' id='word_1_584' title='bbox 1246 4084 1361 4138; x_wconf 87' lang='grc' dir='ltr'><strong>ἀλλ’</strong></span> <span class='ocrx_word' id='word_1_585' title='bbox 1398 4086 1473 4147; x_wconf 88' lang='grc' dir='ltr'>ὼς</span> <span class='ocrx_word' id='word_1_586' title='bbox 1511 4088 1631 4152; x_wconf 82' lang='grc' dir='ltr'>ἑνὸς</span> <span class='ocrx_word' id='word_1_587' title='bbox 1657 4089 1779 4142; x_wconf 80' lang='grc' dir='ltr'>καθ’</span> <span class='ocrx_word' id='word_1_588' title='bbox 1810 4090 2004 4143; x_wconf 76' lang='grc' dir='ltr'>ἕνωσιν</span> 
     </span>
    </p>
   </div>
   <div class='ocr_carea' id='block_1_75' title="bbox 410 4172 2005 4249">
    <p class='ocr_par' dir='ltr' id='par_1_75' title="bbox 410 4172 2005 4249">
     <span class='ocr_line' id='line_1_75' title="bbox 410 4172 2005 4249; baseline 0.008 -26"><span class='ocrx_word' id='word_1_589' title='bbox 410 4172 558 4242; x_wconf 82' lang='grc' dir='ltr'>μετὰ</span> <span class='ocrx_word' id='word_1_590' title='bbox 593 4173 691 4243; x_wconf 76' lang='grc' dir='ltr'><strong>τῆς</strong></span> <span class='ocrx_word' id='word_1_591' title='bbox 734 4173 872 4237; x_wconf 78' lang='grc' dir='ltr'>ἰδίας</span> <span class='ocrx_word' id='word_1_592' title='bbox 906 4175 1128 4245; x_wconf 90' lang='grc' dir='ltr'>σαρκός.</span> <span class='ocrx_word' id='word_1_593' title='bbox 1173 4177 1301 4230; x_wconf 84' lang='grc' dir='ltr'><strong>Ἐὰν</strong></span> <span class='ocrx_word' id='word_1_594' title='bbox 1329 4176 1385 4230; x_wconf 86' lang='grc' dir='ltr'>δὲ</span> <span class='ocrx_word' id='word_1_595' title='bbox 1425 4178 1526 4249; x_wconf 86' lang='grc' dir='ltr'><strong>τὴν</strong></span> <span class='ocrx_word' id='word_1_596' title='bbox 1554 4180 1676 4233; x_wconf 83' lang='grc' dir='ltr'>καθ’</span> <span class='ocrx_word' id='word_1_597' title='bbox 1708 4182 2005 4235; x_wconf 88' lang='grc' dir='ltr'>ὑπόστασιν</span> 
     </span>
    </p>
   </div>
   <div class='ocr_carea' id='block_1_76' title="bbox 2088 3346 3676 3422">
    <p class='ocr_par' dir='ltr' id='par_1_76' title="bbox 2088 3346 3676 3422">
     <span class='ocr_line' id='line_1_76' title="bbox 2088 3346 3676 3422; baseline -0.008 -15"><span class='ocrx_word' id='word_1_598' title='bbox 2088 3352 2235 3422; x_wconf 89' lang='lat' dir='ltr'><strong>quod</strong></span> <span class='ocrx_word' id='word_1_599' title='bbox 2267 3351 2470 3421; x_wconf 89' lang='lat' dir='ltr'><strong>ipsum,</strong></span> <span class='ocrx_word' id='word_1_600' title='bbox 2505 3349 2653 3420; x_wconf 91' lang='lat' dir='ltr'><strong>quod</strong></span> <span class='ocrx_word' id='word_1_601' title='bbox 2676 3348 2900 3419; x_wconf 88' lang='lat' dir='ltr'><strong>quidem</strong></span> <span class='ocrx_word' id='word_1_602' title='bbox 2926 3347 2993 3401; x_wconf 90' lang='lat' dir='ltr'><strong>ad</strong></span> <span class='ocrx_word' id='word_1_603' title='bbox 3017 3346 3297 3417; x_wconf 84' lang='lat' dir='ltr'><strong>prOpriam</strong></span> <span class='ocrx_word' id='word_1_604' title='bbox 3318 3353 3571 3397; x_wconf 88' lang='lat' dir='ltr'><strong>naturam</strong></span> <span class='ocrx_word' id='word_1_605' title='bbox 3594 3350 3676 3395; x_wconf 89' lang='lat' dir='ltr'><strong>at-</strong></span> 
     </span>
    </p>
   </div>
   <div class='ocr_carea' id='block_1_77' title="bbox 2090 3438 3679 3509">
    <p class='ocr_par' dir='ltr' id='par_1_77' title="bbox 2090 3438 3679 3509">
     <span class='ocr_line' id='line_1_77' title="bbox 2090 3438 3679 3509; baseline -0.008 -10"><span class='ocrx_word' id='word_1_606' title='bbox 2090 3446 2246 3508; x_wconf 87' lang='lat' dir='ltr'><strong>tinet,</strong></span> <span class='ocrx_word' id='word_1_607' title='bbox 2305 3451 2537 3496; x_wconf 86' lang='lat' dir='ltr'><strong>mortem</strong></span> <span class='ocrx_word' id='word_1_608' title='bbox 2574 3439 2855 3509; x_wconf 88' lang='lat' dir='ltr'><strong>exceperit</strong></span> <span class='ocrx_word' id='word_1_609' title='bbox 2884 3438 3117 3509; x_wconf 89' lang='lat' dir='ltr'><strong>(insania</strong></span> <span class='ocrx_word' id='word_1_610' title='bbox 3150 3451 3388 3505; x_wconf 88' lang='lat' dir='ltr'><strong>namque</strong></span> <span class='ocrx_word' id='word_1_611' title='bbox 3418 3450 3564 3488; x_wconf 89' lang='lat' dir='ltr'><strong>mera</strong></span> <span class='ocrx_word' id='word_1_612' title='bbox 3591 3450 3679 3487; x_wconf 87' lang='lat' dir='ltr'><strong>es-</strong></span> 
     </span>
    </p>
   </div>
   <div class='ocr_carea' id='block_1_78' title="bbox 2087 3525 3676 3599">
    <p class='ocr_par' dir='ltr' id='par_1_78' title="bbox 2087 3525 3676 3599">
     <span class='ocr_line' id='line_1_78' title="bbox 2087 3525 3676 3599; baseline -0.009 -9"><span class='ocrx_word' id='word_1_613' title='bbox 2087 3543 2192 3599; x_wconf 89' lang='lat' dir='ltr'><strong>set,</strong></span> <span class='ocrx_word' id='word_1_614' title='bbox 2246 3533 2392 3588; x_wconf 89' lang='lat' dir='ltr'><strong>istud</strong></span> <span class='ocrx_word' id='word_1_615' title='bbox 2439 3532 2524 3585; x_wconf 79' lang='lat' dir='ltr'><strong>vel</strong></span> <span class='ocrx_word' id='word_1_616' title='bbox 2565 3531 2771 3595; x_wconf 87' lang='lat' dir='ltr'><strong>dicere,</strong></span> <span class='ocrx_word' id='word_1_617' title='bbox 2817 3529 2903 3582; x_wconf 82' lang='lat' dir='ltr'><strong>vel</strong></span> <span class='ocrx_word' id='word_1_618' title='bbox 2949 3526 3236 3598; x_wconf 83' lang='lat' dir='ltr'><strong>cogitare),</strong></span> <span class='ocrx_word' id='word_1_619' title='bbox 3271 3525 3364 3580; x_wconf 87' lang='lat' dir='ltr'><strong>sed</strong></span> <span class='ocrx_word' id='word_1_620' title='bbox 3396 3525 3523 3594; x_wconf 86' lang='lat' dir='ltr'><strong>quia</strong></span> <span class='ocrx_word' id='word_1_621' title='bbox 3545 3538 3676 3577; x_wconf 85' lang='lat' dir='ltr'><strong>caro</strong></span> 
     </span>
    </p>
   </div>
   <div class='ocr_carea' id='block_1_79' title="bbox 2089 3614 3673 3688">
    <p class='ocr_par' dir='ltr' id='par_1_79' title="bbox 2089 3614 3673 3688">
     <span class='ocr_line' id='line_1_79' title="bbox 2089 3614 3673 3688; baseline -0.011 -5"><span class='ocrx_word' id='word_1_622' title='bbox 2089 3629 2237 3684; x_wconf 88' lang='lat' dir='ltr'><strong>illius</strong></span> <span class='ocrx_word' id='word_1_623' title='bbox 2284 3634 2540 3688; x_wconf 89' lang='lat' dir='ltr'><strong>mortem,</strong></span> <span class='ocrx_word' id='word_1_624' title='bbox 2594 3631 2657 3677; x_wconf 88' lang='lat' dir='ltr'><strong>ut</strong></span> <span class='ocrx_word' id='word_1_625' title='bbox 2698 3621 2863 3676; x_wconf 88' lang='lat' dir='ltr'><strong>modo</strong></span> <span class='ocrx_word' id='word_1_626' title='bbox 2901 3620 3137 3684; x_wconf 89' lang='lat' dir='ltr'><strong>aiebam,</strong></span> <span class='ocrx_word' id='word_1_627' title='bbox 3187 3617 3515 3688; x_wconf 81' lang='lat' dir='ltr'><strong>degustavit.</strong></span> <span class='ocrx_word' id='word_1_628' title='bbox 3551 3614 3673 3668; x_wconf 88' lang='lat' dir='ltr'><strong>Pari</strong></span> 
     </span>
    </p>
   </div>
   <div class='ocr_carea' id='block_1_80' title="bbox 2091 3707 3676 3785">
    <p class='ocr_par' dir='ltr' id='par_1_80' title="bbox 2091 3707 3676 3785">
     <span class='ocr_line' id='line_1_80' title="bbox 2091 3707 3676 3785; baseline -0.008 -14"><span class='ocrx_word' id='word_1_629' title='bbox 2091 3717 2277 3779; x_wconf 91' lang='lat' dir='ltr'><strong>tuodo,</strong></span> <span class='ocrx_word' id='word_1_630' title='bbox 2307 3714 2438 3785; x_wconf 87' lang='lat' dir='ltr'><strong>quia</strong></span> <span class='ocrx_word' id='word_1_631' title='bbox 2464 3728 2591 3767; x_wconf 89' lang='lat' dir='ltr'><strong>caro</strong></span> <span class='ocrx_word' id='word_1_632' title='bbox 2610 3712 2759 3766; x_wconf 87' lang='lat' dir='ltr'><strong>illius</strong></span> <span class='ocrx_word' id='word_1_633' title='bbox 2778 3710 3108 3774; x_wconf 84' lang='lat' dir='ltr'><strong>resurrexit,</strong></span> <span class='ocrx_word' id='word_1_634' title='bbox 3135 3718 3192 3763; x_wconf 91' lang='lat' dir='ltr'><strong>et</strong></span> <span class='ocrx_word' id='word_1_635' title='bbox 3214 3710 3317 3778; x_wconf 89' lang='lat' dir='ltr'><strong>ipsi</strong></span> <span class='ocrx_word' id='word_1_636' title='bbox 3341 3707 3676 3762; x_wconf 89' lang='lat' dir='ltr'><strong>resurrectio</strong></span> 
     </span>
    </p>
   </div>
   <div class='ocr_carea' id='block_1_81' title="bbox 2091 3798 3680 3875">
    <p class='ocr_par' dir='ltr' id='par_1_81' title="bbox 2091 3798 3680 3875">
     <span class='ocr_line' id='line_1_81' title="bbox 2091 3798 3680 3875; baseline -0.008 -12"><span class='ocrx_word' id='word_1_637' title='bbox 2091 3809 2360 3863; x_wconf 89' lang='lat' dir='ltr'><strong>tribuitur</strong></span> <span class='ocrx_word' id='word_1_638' title='bbox 2394 3825 2406 3860; x_wconf 90' lang='lat'><strong>:</strong></span> <span class='ocrx_word' id='word_1_639' title='bbox 2446 3821 2558 3860; x_wconf 90' lang='lat' dir='ltr'><strong>non</strong></span> <span class='ocrx_word' id='word_1_640' title='bbox 2584 3805 2733 3875; x_wconf 89' lang='lat' dir='ltr'><strong>quod</strong></span> <span class='ocrx_word' id='word_1_641' title='bbox 2770 3804 2950 3873; x_wconf 88' lang='lat' dir='ltr'><strong>ipsum</strong></span> <span class='ocrx_word' id='word_1_642' title='bbox 2986 3801 3252 3857; x_wconf 86' lang='lat' dir='ltr'><strong>ceciderit</strong></span> <span class='ocrx_word' id='word_1_643' title='bbox 3289 3801 3342 3853; x_wconf 91' lang='lat' dir='ltr'><strong>in</strong></span> <span class='ocrx_word' id='word_1_644' title='bbox 3369 3798 3680 3869; x_wconf 86' lang='lat' dir='ltr'><strong>corruptio-</strong></span> 
     </span>
    </p>
   </div>
   <div class='ocr_carea' id='block_1_82' title="bbox 2089 3892 3679 3965">
    <p class='ocr_par' dir='ltr' id='par_1_82' title="bbox 2089 3892 3679 3965">
     <span class='ocr_line' id='line_1_82' title="bbox 2089 3892 3679 3965; baseline -0.008 -9"><span class='ocrx_word' id='word_1_645' title='bbox 2089 3918 2237 3965; x_wconf 86' lang='lat' dir='ltr'><strong>nem,</strong></span> <span class='ocrx_word' id='word_1_646' title='bbox 2265 3900 2407 3954; x_wconf 88' lang='lat' dir='ltr'><strong>absit</strong></span> <span class='ocrx_word' id='word_1_647' title='bbox 2436 3899 2449 3951; x_wconf 86' lang='lat'>!</span> <span class='ocrx_word' id='word_1_648' title='bbox 2487 3896 2583 3951; x_wconf 90' lang='lat' dir='ltr'><strong>sed</strong></span> <span class='ocrx_word' id='word_1_649' title='bbox 2606 3896 2736 3965; x_wconf 90' lang='lat' dir='ltr'><strong>quia</strong></span> <span class='ocrx_word' id='word_1_650' title='bbox 2760 3911 2953 3949; x_wconf 91' lang='lat' dir='ltr'><strong>rursus</strong></span> <span class='ocrx_word' id='word_1_651' title='bbox 2975 3910 3176 3964; x_wconf 91' lang='lat' dir='ltr'><strong>corpus</strong></span> <span class='ocrx_word' id='word_1_652' title='bbox 3207 3893 3354 3947; x_wconf 90' lang='lat' dir='ltr'><strong>illius</strong></span> <span class='ocrx_word' id='word_1_653' title='bbox 3374 3892 3679 3946; x_wconf 77' lang='lat' dir='ltr'><strong>exsuscita-</strong></span> 
     </span>
    </p>
   </div>
   <div class='ocr_carea' id='block_1_83' title="bbox 2091 3983 3677 4049">
    <p class='ocr_par' dir='ltr' id='par_1_83' title="bbox 2091 3983 3677 4049">
     <span class='ocr_line' id='line_1_83' title="bbox 2091 3983 3677 4049; baseline -0.009 0"><span class='ocrx_word' id='word_1_654' title='bbox 2091 4004 2205 4049; x_wconf 91' lang='lat' dir='ltr'><strong>tum</strong></span> <span class='ocrx_word' id='word_1_655' title='bbox 2219 4001 2322 4048; x_wconf 92' lang='lat' dir='ltr'><strong>est.</strong></span> <span class='ocrx_word' id='word_1_656' title='bbox 2342 3993 2420 4045; x_wconf 89' lang='lat' dir='ltr'><strong>Ita</strong></span> <span class='ocrx_word' id='word_1_657' title='bbox 2439 4004 2608 4044; x_wconf 90' lang='lat' dir='ltr'><strong>unum</strong></span> <span class='ocrx_word' id='word_1_658' title='bbox 2634 3987 2914 4042; x_wconf 88' lang='lat' dir='ltr'><strong>Christum</strong></span> <span class='ocrx_word' id='word_1_659' title='bbox 2931 3986 3291 4040; x_wconf 77' lang='lat' dir='ltr'><strong>etDoniinum</strong></span> <span class='ocrx_word' id='word_1_660' title='bbox 3323 3983 3677 4047; x_wconf 80' lang='lat' dir='ltr'><strong>conﬁtemur;</strong></span> 
     </span>
    </p>
   </div>
   <div class='ocr_carea' id='block_1_84' title="bbox 2091 4075 3680 4156">
    <p class='ocr_par' dir='ltr' id='par_1_84' title="bbox 2091 4075 3680 4156">
     <span class='ocr_line' id='line_1_84' title="bbox 2091 4075 3680 4156; baseline -0.011 -14"><span class='ocrx_word' id='word_1_661' title='bbox 2091 4104 2201 4142; x_wconf 92' lang='lat' dir='ltr'><strong>non</strong></span> <span class='ocrx_word' id='word_1_662' title='bbox 2239 4084 2389 4156; x_wconf 88' lang='lat' dir='ltr'><strong>quod</strong></span> <span class='ocrx_word' id='word_1_663' title='bbox 2427 4083 2709 4136; x_wconf 86' lang='lat' dir='ltr'><strong>hominem</strong></span> <span class='ocrx_word' id='word_1_664' title='bbox 2745 4095 2853 4133; x_wconf 90' lang='lat' dir='ltr'><strong>una</strong></span> <span class='ocrx_word' id='word_1_665' title='bbox 2889 4093 3016 4132; x_wconf 92' lang='lat' dir='ltr'><strong>cum</strong></span> <span class='ocrx_word' id='word_1_666' title='bbox 3063 4077 3242 4132; x_wconf 85' lang='lat' dir='ltr'><strong>Verbo</strong></span> <span class='ocrx_word' id='word_1_667' title='bbox 3268 4075 3584 4136; x_wconf 86' lang='lat' dir='ltr'><strong>adoremus,</strong></span> <span class='ocrx_word' id='word_1_668' title='bbox 3612 4089 3680 4126; x_wconf 90' lang='lat' dir='ltr'><strong>ne</strong></span> 
     </span>
    </p>
   </div>
   <div class='ocr_carea' id='block_1_85' title="bbox 2089 4166 3682 4239">
    <p class='ocr_par' dir='ltr' id='par_1_85' title="bbox 2089 4166 3682 4239">
     <span class='ocr_line' id='line_1_85' title="bbox 2089 4166 3682 4239; baseline -0.012 -4"><span class='ocrx_word' id='word_1_669' title='bbox 2089 4177 2227 4235; x_wconf 87' lang='lat' dir='ltr'><strong>illud</strong></span> <span class='ocrx_word' id='word_1_670' title='bbox 2267 4193 2388 4231; x_wconf 84' lang='lat' dir='ltr'><strong>cum</strong></span> <span class='ocrx_word' id='word_1_671' title='bbox 2437 4174 2621 4239; x_wconf 84' lang='lat' dir='ltr'><strong>Verbo,</strong></span> <span class='ocrx_word' id='word_1_672' title='bbox 2662 4175 2903 4236; x_wconf 80' lang='lat' dir='ltr'><strong>aliquam</strong></span> <span class='ocrx_word' id='word_1_673' title='bbox 2928 4169 3216 4225; x_wconf 87' lang='lat' dir='ltr'><strong>divisionis</strong></span> <span class='ocrx_word' id='word_1_674' title='bbox 3239 4166 3682 4238; x_wconf 83' lang='lat' dir='ltr'><strong>imaginationem</strong></span> 
     </span>
    </p>
   </div>
   <div class='ocr_carea' id='block_1_86' title="bbox 416 4256 3674 4342">
    <p class='ocr_par' dir='ltr' id='par_1_86' title="bbox 416 4256 3674 4342">
     <span class='ocr_line' id='line_1_86' title="bbox 416 4256 3674 4342; baseline -0.003 -19"><span class='ocrx_word' id='word_1_675' title='bbox 416 4272 585 4327; x_wconf 83' lang='lat' dir='ltr'><strong>menti</strong></span> <span class='ocrx_word' id='word_1_676' title='bbox 609 4272 859 4342; x_wconf 87' lang='lat' dir='ltr'><strong>objieiat;</strong></span> <span class='ocrx_word' id='word_1_677' title='bbox 894 4270 990 4325; x_wconf 90' lang='lat' dir='ltr'><strong>sed</strong></span> <span class='ocrx_word' id='word_1_678' title='bbox 1022 4280 1190 4322; x_wconf 92' lang='lat' dir='ltr'><strong>unum</strong></span> <span class='ocrx_word' id='word_1_679' title='bbox 1239 4265 1607 4333; x_wconf 89' lang='lat' dir='ltr'><strong>eumdemque</strong></span> <span class='ocrx_word' id='word_1_680' title='bbox 1636 4263 1931 4320; x_wconf 88' lang='lat' dir='ltr'><strong>adoramus</strong></span> <span class='ocrx_word' id='word_1_681' title='bbox 1955 4304 1970 4324; x_wconf 90' lang='lat'><strong><em>.</em></strong></span> <span class='ocrx_word' id='word_1_682' title='bbox 1996 4261 2438 4331; x_wconf 87' lang='lat' dir='ltr'><strong>quandoquidem</strong></span> <span class='ocrx_word' id='word_1_683' title='bbox 2471 4276 2672 4331; x_wconf 86' lang='lat' dir='ltr'><strong>corpus</strong></span> <span class='ocrx_word' id='word_1_684' title='bbox 2701 4273 2859 4312; x_wconf 86' lang='lat' dir='ltr'><strong>suum</strong></span> <span class='ocrx_word' id='word_1_685' title='bbox 2894 4274 3002 4313; x_wconf 91' lang='lat' dir='ltr'><strong>non</strong></span> <span class='ocrx_word' id='word_1_686' title='bbox 3029 4266 3115 4313; x_wconf 88' lang='lat' dir='ltr'><strong>est</strong></span> <span class='ocrx_word' id='word_1_687' title='bbox 3147 4256 3384 4312; x_wconf 88' lang='lat' dir='ltr'><strong>alienum</strong></span> <span class='ocrx_word' id='word_1_688' title='bbox 3415 4273 3443 4310; x_wconf 89' lang='lat' dir='ltr'><strong>a</strong></span> <span class='ocrx_word' id='word_1_689' title='bbox 3474 4256 3674 4328; x_wconf 85' lang='lat' dir='ltr'><strong>Verbo,</strong></span> 
     </span>
    </p>
   </div>
   <div class='ocr_carea' id='block_1_87' title="bbox 414 4353 3678 4436">
    <p class='ocr_par' dir='ltr' id='par_1_87' title="bbox 414 4353 3678 4436">
     <span class='ocr_line' id='line_1_87' title="bbox 414 4353 3678 4436; baseline -0.005 -15"><span class='ocrx_word' id='word_1_690' title='bbox 414 4383 543 4421; x_wconf 90' lang='lat' dir='ltr'><strong>cum</strong></span> <span class='ocrx_word' id='word_1_691' title='bbox 578 4384 688 4436; x_wconf 88' lang='lat' dir='ltr'><strong>quo</strong></span> <span class='ocrx_word' id='word_1_692' title='bbox 724 4367 870 4421; x_wconf 86' lang='lat' dir='ltr'><strong>Patri</strong></span> <span class='ocrx_word' id='word_1_693' title='bbox 905 4364 1141 4423; x_wconf 76' lang='lat' dir='ltr'><strong>assidet:</strong></span> <span class='ocrx_word' id='word_1_694' title='bbox 1173 4376 1282 4417; x_wconf 90' lang='lat' dir='ltr'><strong>non</strong></span> <span class='ocrx_word' id='word_1_695' title='bbox 1313 4361 1458 4432; x_wconf 88' lang='lat' dir='ltr'><strong>quod</strong></span> <span class='ocrx_word' id='word_1_696' title='bbox 1486 4360 1595 4415; x_wconf 87' lang='lat' dir='ltr'><strong>duo</strong></span> <span class='ocrx_word' id='word_1_697' title='bbox 1630 4360 1724 4414; x_wconf 79' lang='lat' dir='ltr'><strong>lilii</strong></span> <span class='ocrx_word' id='word_1_698' title='bbox 1754 4360 1904 4414; x_wconf 88' lang='lat' dir='ltr'><strong>Patri</strong></span> <span class='ocrx_word' id='word_1_699' title='bbox 1936 4357 2251 4415; x_wconf 84' lang='lat' dir='ltr'><strong>assideant:</strong></span> <span class='ocrx_word' id='word_1_700' title='bbox 2284 4357 2489 4412; x_wconf 83' lang='lat' dir='ltr'><strong>assidet</strong></span> <span class='ocrx_word' id='word_1_701' title='bbox 2509 4356 2656 4411; x_wconf 86' lang='lat' dir='ltr'><strong>enim</strong></span> <span class='ocrx_word' id='word_1_702' title='bbox 2700 4370 2842 4409; x_wconf 90' lang='lat' dir='ltr'><strong>unus</strong></span> <span class='ocrx_word' id='word_1_703' title='bbox 2874 4360 3108 4417; x_wconf 85' lang='lat' dir='ltr'><strong>tantum,</strong></span> <span class='ocrx_word' id='word_1_704' title='bbox 3134 4367 3229 4422; x_wconf 89' lang='lat' dir='ltr'><strong>per</strong></span> <span class='ocrx_word' id='word_1_705' title='bbox 3262 4353 3515 4405; x_wconf 83' lang='lat' dir='ltr'><strong>unionem</strong></span> <span class='ocrx_word' id='word_1_706' title='bbox 3553 4368 3678 4406; x_wconf 71' lang='lat' dir='ltr'><strong>cum</strong></span> 
     </span>
    </p>
   </div>
   <div class='ocr_carea' id='block_1_88' title="bbox 418 4462 869 4529">
    <p class='ocr_par' dir='ltr' id='par_1_88' title="bbox 418 4462 869 4529">
     <span class='ocr_line' id='line_1_88' title="bbox 418 4462 869 4529; baseline 0.011 -20"><span class='ocrx_word' id='word_1_707' title='bbox 418 4462 642 4529; x_wconf 77' lang='lat' dir='ltr'><strong>propria</strong></span> <span class='ocrx_word' id='word_1_708' title='bbox 675 4475 869 4515; x_wconf 86' lang='lat' dir='ltr'><strong>carne.</strong></span> 
     </span>
    </p>
   </div>
   <div class='ocr_carea' id='block_1_89' title="bbox 460 4544 2072 4619">
    <p class='ocr_par' dir='ltr' id='par_1_89' title="bbox 460 4544 2072 4619">
     <span class='ocr_line' id='line_1_89' title="bbox 460 4544 2072 4619; baseline -0.006 -15"><span class='ocrx_word' id='word_1_709' title='bbox 460 4552 575 4605; x_wconf 87' lang='grc' dir='ltr'><strong>Τοῦ</strong></span> <span class='ocrx_word' id='word_1_710' title='bbox 612 4551 801 4606; x_wconf 78' lang='grc' dir='ltr'>αὑτοῦ</span> <span class='ocrx_word' id='word_1_711' title='bbox 829 4554 898 4605; x_wconf 82' lang='grc' dir='ltr'><strong>ἐκ</strong></span> <span class='ocrx_word' id='word_1_712' title='bbox 929 4550 1038 4618; x_wconf 83' lang='grc' dir='ltr'><strong>τῆς</strong></span> <span class='ocrx_word' id='word_1_713' title='bbox 1066 4551 1219 4618; x_wconf 76' lang='grc' dir='ltr'>πρὸς</span> <span class='ocrx_word' id='word_1_714' title='bbox 1265 4548 1563 4613; x_wconf 75' lang='grc' dir='ltr'><strong>Εὺλόγιον</strong></span> <span class='ocrx_word' id='word_1_715' title='bbox 1600 4544 1955 4611; x_wconf 78' lang='grc' dir='ltr'>ἐπιστολῆς.</span> <span class='ocrx_word' id='word_1_716' title='bbox 2030 4563 2072 4619; x_wconf 78' lang='lat' dir='ltr'><strong>D</strong></span> 
     </span>
    </p>
   </div>
   <div class='ocr_carea' id='block_1_90' title="bbox 505 4635 1997 4713">
    <p class='ocr_par' dir='ltr' id='par_1_90' title="bbox 505 4635 1997 4713">
     <span class='ocr_line' id='line_1_90' title="bbox 505 4635 1997 4713; baseline -0.007 -17"><span class='ocrx_word' id='word_1_717' title='bbox 505 4642 994 4713; x_wconf 75' lang='grc' dir='ltr'>Ἐπιὶαμόάνονταί</span> <span class='ocrx_word' id='word_1_718' title='bbox 1017 4659 1161 4701; x_wconf 85' lang='grc' dir='ltr'>τινες</span> <span class='ocrx_word' id='word_1_719' title='bbox 1192 4642 1290 4710; x_wconf 84' lang='grc' dir='ltr'><strong>τῆς</strong></span> <span class='ocrx_word' id='word_1_720' title='bbox 1315 4638 1607 4701; x_wconf 77' lang='grc' dir='ltr'>ἐκθέσεως,</span> <span class='ocrx_word' id='word_1_721' title='bbox 1638 4636 1705 4706; x_wconf 83' lang='grc' dir='ltr'><strong>ἢν</strong></span> <span class='ocrx_word' id='word_1_722' title='bbox 1736 4635 1997 4703; x_wconf 78' lang='grc' dir='ltr'>πεποίηνο</span> 
     </span>
    </p>
   </div>
   <div class='ocr_carea' id='block_1_91' title="bbox 409 4725 1993 4800">
    <p class='ocr_par' dir='ltr' id='par_1_91' title="bbox 409 4725 1993 4800">
     <span class='ocr_line' id='line_1_91' title="bbox 409 4725 1993 4800; baseline -0.008 -12"><span class='ocrx_word' id='word_1_723' title='bbox 409 4752 505 4788; x_wconf 85' lang='grc' dir='ltr'><strong>ται</strong></span> <span class='ocrx_word' id='word_1_724' title='bbox 529 4737 580 4787; x_wconf 82' lang='lat' dir='ltr'><strong>oi</strong></span> <span class='ocrx_word' id='word_1_725' title='bbox 619 4734 949 4797; x_wconf 75' lang='grc' dir='ltr'>ἀνατολικοὶ,</span> <span class='ocrx_word' id='word_1_726' title='bbox 976 4731 1069 4785; x_wconf 82' lang='grc' dir='ltr'><strong>καί</strong></span> <span class='ocrx_word' id='word_1_727' title='bbox 1099 4746 1255 4800; x_wconf 86' lang='grc' dir='ltr'>φασι,</span> <span class='ocrx_word' id='word_1_728' title='bbox 1285 4726 1461 4787; x_wconf 85' lang='grc' dir='ltr'>Διατί,</span> <span class='ocrx_word' id='word_1_729' title='bbox 1490 4727 1681 4797; x_wconf 86' lang='grc' dir='ltr'>φύσεις</span> <span class='ocrx_word' id='word_1_730' title='bbox 1710 4725 1993 4794; x_wconf 75' lang='grc' dir='ltr'>ὀνομαζόν-</span> 
     </span>
    </p>
   </div>
   <div class='ocr_carea' id='block_1_92' title="bbox 408 4814 1992 4890">
    <p class='ocr_par' dir='ltr' id='par_1_92' title="bbox 408 4814 1992 4890">
     <span class='ocr_line' id='line_1_92' title="bbox 408 4814 1992 4890; baseline -0.005 -15"><span class='ocrx_word' id='word_1_731' title='bbox 408 4840 523 4875; x_wconf 85' lang='grc' dir='ltr'><strong>των</strong></span> <span class='ocrx_word' id='word_1_732' title='bbox 554 4823 754 4883; x_wconf 86' lang='grc' dir='ltr'>αὑτῶν,</span> <span class='ocrx_word' id='word_1_733' title='bbox 787 4824 1045 4890; x_wconf 85' lang='grc' dir='ltr'>ἀνέσχετο</span> <span class='ocrx_word' id='word_1_734' title='bbox 1103 4820 1193 4873; x_wconf 82' lang='grc' dir='ltr'><strong>καί</strong></span> <span class='ocrx_word' id='word_1_735' title='bbox 1229 4817 1492 4887; x_wconf 75' lang='grc' dir='ltr'>ἐπῄνεσεν</span> <span class='ocrx_word' id='word_1_736' title='bbox 1537 4818 1564 4870; x_wconf 89' lang='grc' dir='ltr'>ὁ</span> <span class='ocrx_word' id='word_1_737' title='bbox 1596 4815 1694 4884; x_wconf 87' lang='grc' dir='ltr'><strong>τῆς</strong></span> <span class='ocrx_word' id='word_1_738' title='bbox 1742 4814 1992 4878; x_wconf 61' lang='grc' dir='ltr'>Ἀλεξανα</span> 
     </span>
    </p>
   </div>
   <div class='ocr_carea' id='block_1_93' title="bbox 409 4905 1994 4984">
    <p class='ocr_par' dir='ltr' id='par_1_93' title="bbox 409 4905 1994 4984">
     <span class='ocr_line' id='line_1_93' title="bbox 409 4905 1994 4984; baseline -0.004 -18"><span class='ocrx_word' id='word_1_739' title='bbox 409 4916 633 4984; x_wconf 78' lang='grc' dir='ltr'>ὀρείας,</span> <span class='ocrx_word' id='word_1_740' title='bbox 692 4916 743 4966; x_wconf 78' lang='lat' dir='ltr'><strong>oi</strong></span> <span class='ocrx_word' id='word_1_741' title='bbox 793 4914 850 4967; x_wconf 80' lang='grc' dir='ltr'>δὲ</span> <span class='ocrx_word' id='word_1_742' title='bbox 902 4916 968 4966; x_wconf 72' lang='grc' dir='ltr'>τὰ</span> <span class='ocrx_word' id='word_1_743' title='bbox 1034 4911 1328 4979; x_wconf 82' lang='grc' dir='ltr'>Νεστορίου</span> <span class='ocrx_word' id='word_1_744' title='bbox 1386 4907 1710 4976; x_wconf 82' lang='grc' dir='ltr'>φρονοῦντες</span> <span class='ocrx_word' id='word_1_745' title='bbox 1774 4905 1994 4974; x_wconf 80' lang='grc' dir='ltr'>λέγουσι</span> 
     </span>
    </p>
   </div>
   <div class='ocr_carea' id='block_1_94' title="bbox 412 4997 1994 5073">
    <p class='ocr_par' dir='ltr' id='par_1_94' title="bbox 412 4997 1994 5073">
     <span class='ocr_line' id='line_1_94' title="bbox 412 4997 1994 5073; baseline -0.006 -15"><span class='ocrx_word' id='word_1_746' title='bbox 412 5008 668 5058; x_wconf 82' lang='grc' dir='ltr'>κάκεῖνον</span> <span class='ocrx_word' id='word_1_747' title='bbox 724 5003 868 5058; x_wconf 86' lang='grc' dir='ltr'>οὕτω</span> <span class='ocrx_word' id='word_1_748' title='bbox 923 5004 1164 5073; x_wconf 78' lang='grc' dir='ltr'>φρονεῖν,</span> <span class='ocrx_word' id='word_1_749' title='bbox 1218 4999 1659 5068; x_wconf 69' lang='grc' dir='ltr'>συναρπάζοντες</span> <span class='ocrx_word' id='word_1_750' title='bbox 1715 4999 1842 5060; x_wconf 72' lang='grc' dir='ltr'>τοὺς</span> <span class='ocrx_word' id='word_1_751' title='bbox 1893 4997 1994 5049; x_wconf 71' lang='grc' dir='ltr'>οὐκ</span> 
     </span>
    </p>
   </div>
   <div class='ocr_carea' id='block_1_95' title="bbox 413 5088 1996 5163">
    <p class='ocr_par' dir='ltr' id='par_1_95' title="bbox 413 5088 1996 5163">
     <span class='ocr_line' id='line_1_95' title="bbox 413 5088 1996 5163; baseline -0.005 -16"><span class='ocrx_word' id='word_1_752' title='bbox 413 5094 627 5157; x_wconf 79' lang='grc' dir='ltr'>εἰδότας</span> <span class='ocrx_word' id='word_1_753' title='bbox 660 5094 722 5146; x_wconf 86' lang='grc' dir='ltr'>τὸ</span> <span class='ocrx_word' id='word_1_754' title='bbox 750 5094 1013 5163; x_wconf 79' lang='grc' dir='ltr'><strong>ἀκριόἐς;</strong></span> <span class='ocrx_word' id='word_1_755' title='bbox 1048 5092 1167 5160; x_wconf 80' lang='grc' dir='ltr'>Χρὴ</span> <span class='ocrx_word' id='word_1_756' title='bbox 1199 5090 1254 5141; x_wconf 82' lang='grc' dir='ltr'><strong>δὲ</strong></span> <span class='ocrx_word' id='word_1_757' title='bbox 1284 5090 1394 5151; x_wconf 84' lang='grc' dir='ltr'>τοῖς</span> <span class='ocrx_word' id='word_1_758' title='bbox 1416 5089 1783 5156; x_wconf 83' lang='grc' dir='ltr'>μεμφομένοις</span> <span class='ocrx_word' id='word_1_759' title='bbox 1812 5088 1996 5140; x_wconf 78' lang='grc' dir='ltr'>ἐκεῖνα</span> 
     </span>
    </p>
   </div>
   <div class='ocr_carea' id='block_1_96' title="bbox 413 5178 1999 5250">
    <p class='ocr_par' dir='ltr' id='par_1_96' title="bbox 413 5178 1999 5250">
     <span class='ocr_line' id='line_1_96' title="bbox 413 5178 1999 5250; baseline -0.004 -14"><span class='ocrx_word' id='word_1_760' title='bbox 413 5185 620 5250; x_wconf 75' lang='grc' dir='ltr'>λέγειν,</span> <span class='ocrx_word' id='word_1_761' title='bbox 649 5185 732 5236; x_wconf 84' lang='grc' dir='ltr'><strong>ὅτι</strong></span> <span class='ocrx_word' id='word_1_762' title='bbox 766 5184 825 5236; x_wconf 90' lang='grc' dir='ltr'>οὐ</span> <span class='ocrx_word' id='word_1_763' title='bbox 857 5182 1034 5235; x_wconf 85' lang='grc' dir='ltr'>πάντα</span> <span class='ocrx_word' id='word_1_764' title='bbox 1063 5183 1163 5234; x_wconf 74' lang='grc' dir='ltr'><strong>ὅσα</strong></span> <span class='ocrx_word' id='word_1_765' title='bbox 1193 5180 1442 5246; x_wconf 74' lang='grc' dir='ltr'>λέγουσιν</span> <span class='ocrx_word' id='word_1_766' title='bbox 1467 5178 1518 5229; x_wconf 75' lang='grc' dir='ltr'>οἱ</span> <span class='ocrx_word' id='word_1_767' title='bbox 1546 5178 1840 5248; x_wconf 76' lang='grc' dir='ltr'>αἱρετικοὶ,</span> <span class='ocrx_word' id='word_1_768' title='bbox 1869 5178 1999 5246; x_wconf 78' lang='grc' dir='ltr'>φεύ-</span> 
     </span>
    </p>
   </div>
   <div class='ocr_carea' id='block_1_97' title="bbox 416 5269 1993 5345">
    <p class='ocr_par' dir='ltr' id='par_1_97' title="bbox 416 5269 1993 5345">
     <span class='ocr_line' id='line_1_97' title="bbox 416 5269 1993 5345; baseline -0.003 -18"><span class='ocrx_word' id='word_1_769' title='bbox 416 5292 539 5341; x_wconf 80' lang='grc' dir='ltr'>γειν</span> <span class='ocrx_word' id='word_1_770' title='bbox 564 5277 656 5328; x_wconf 69' lang='grc' dir='ltr'><strong>καὶ</strong></span> <span class='ocrx_word' id='word_1_771' title='bbox 682 5274 1066 5345; x_wconf 83' lang='grc' dir='ltr'>παραιτεῖσθαι</span> <span class='ocrx_word' id='word_1_772' title='bbox 1117 5273 1245 5341; x_wconf 86' lang='grc' dir='ltr'>χρή.</span> <span class='ocrx_word' id='word_1_773' title='bbox 1280 5269 1458 5323; x_wconf 83' lang='grc' dir='ltr'>Πολλὰ</span> <span class='ocrx_word' id='word_1_774' title='bbox 1482 5271 1588 5340; x_wconf 74' lang='grc' dir='ltr'><strong>γὰρ</strong></span> <span class='ocrx_word' id='word_1_775' title='bbox 1618 5269 1993 5340; x_wconf 85' lang='grc' dir='ltr'>ὁμολογοῦσιν,</span> 
     </span>
    </p>
   </div>
   <div class='ocr_carea' id='block_1_98' title="bbox 414 5358 1996 5436">
    <p class='ocr_par' dir='ltr' id='par_1_98' title="bbox 414 5358 1996 5436">
     <span class='ocr_line' id='line_1_98' title="bbox 414 5358 1996 5436; baseline -0.004 -16"><span class='ocrx_word' id='word_1_776' title='bbox 414 5360 494 5421; x_wconf 81' lang='grc' dir='ltr'><strong>ὧν</strong></span> <span class='ocrx_word' id='word_1_777' title='bbox 526 5367 620 5420; x_wconf 74' lang='grc' dir='ltr'>καὶ</span> <span class='ocrx_word' id='word_1_778' title='bbox 648 5368 808 5435; x_wconf 82' lang='grc' dir='ltr'>ἡμεῖς</span> <span class='ocrx_word' id='word_1_779' title='bbox 838 5365 1210 5436; x_wconf 87' lang='grc' dir='ltr'>ὁμολογοῦμεν</span> <span class='ocrx_word' id='word_1_780' title='bbox 1231 5379 1245 5394; x_wconf 82' lang='grc'><strong><em>⁸</em></strong></span> <span class='ocrx_word' id='word_1_781' title='bbox 1281 5358 1392 5414; x_wconf 77' lang='grc' dir='ltr'>οἷον</span> <span class='ocrx_word' id='word_1_782' title='bbox 1451 5362 1503 5412; x_wconf 84' lang='grc' dir='ltr'><strong>Ἀ</strong></span> <span class='ocrx_word' id='word_1_783' title='bbox 1516 5365 1717 5430; x_wconf 80' lang='grc' dir='ltr'>ρειανοὶ</span> <span class='ocrx_word' id='word_1_784' title='bbox 1747 5362 1872 5415; x_wconf 84' lang='grc' dir='ltr'>ὅταν</span> <span class='ocrx_word' id='word_1_785' title='bbox 1906 5361 1996 5413; x_wconf 79' lang='grc' dir='ltr'><strong>λέ-</strong></span> 
     </span>
    </p>
   </div>
   <div class='ocr_carea' id='block_1_99' title="bbox 412 5444 2015 5524">
    <p class='ocr_par' dir='ltr' id='par_1_99' title="bbox 412 5444 2015 5524">
     <span class='ocr_line' id='line_1_99' title="bbox 412 5444 2015 5524; baseline -0.002 -16"><span class='ocrx_word' id='word_1_786' title='bbox 412 5472 557 5524; x_wconf 87' lang='grc' dir='ltr'>γωσι</span> <span class='ocrx_word' id='word_1_787' title='bbox 585 5456 676 5508; x_wconf 85' lang='grc' dir='ltr'>τὸν</span> <span class='ocrx_word' id='word_1_788' title='bbox 707 5456 943 5524; x_wconf 83' lang='grc' dir='ltr'>Πατέρα,</span> <span class='ocrx_word' id='word_1_789' title='bbox 973 5454 1055 5507; x_wconf 85' lang='grc' dir='ltr'>ὅτι</span> <span class='ocrx_word' id='word_1_790' title='bbox 1084 5451 1414 5523; x_wconf 80' lang='grc' dir='ltr'>δημιουργός</span> <span class='ocrx_word' id='word_1_791' title='bbox 1443 5453 1558 5504; x_wconf 80' lang='grc' dir='ltr'>ἐστι</span> <span class='ocrx_word' id='word_1_792' title='bbox 1588 5451 1696 5505; x_wconf 84' lang='grc' dir='ltr'><strong>τῶν</strong></span> <span class='ocrx_word' id='word_1_793' title='bbox 1718 5452 1854 5503; x_wconf 84' lang='grc' dir='ltr'>ὃλων</span> <span class='ocrx_word' id='word_1_794' title='bbox 1904 5444 2015 5504; x_wconf 67' lang='grc' dir='ltr'><strong>καῖ</strong></span> 
     </span>
    </p>
   </div>
   <div class='ocr_carea' id='block_1_100' title="bbox 412 5528 1997 5620">
    <p class='ocr_par' dir='ltr' id='par_1_100' title="bbox 412 5528 1997 5620">
     <span class='ocr_line' id='line_1_100' title="bbox 412 5528 1997 5620; baseline -0.005 -17"><span class='ocrx_word' id='word_1_795' title='bbox 412 5551 641 5619; x_wconf 66' lang='grc' dir='ltr'>Κύριος,</span> <span class='ocrx_word' id='word_1_796' title='bbox 679 5549 753 5620; x_wconf 82' lang='grc' dir='ltr'>μὴ</span> <span class='ocrx_word' id='word_1_797' title='bbox 805 5548 896 5601; x_wconf 80' lang='grc' dir='ltr'>διὰ</span> <span class='ocrx_word' id='word_1_798' title='bbox 926 5546 1087 5602; x_wconf 85' lang='grc' dir='ltr'>τοῦτο</span> <span class='ocrx_word' id='word_1_799' title='bbox 1118 5546 1342 5616; x_wconf 83' lang='grc' dir='ltr'>φεύγειν</span> <span class='ocrx_word' id='word_1_800' title='bbox 1376 5548 1521 5615; x_wconf 78' lang='grc' dir='ltr'>ἡμᾶς</span> <span class='ocrx_word' id='word_1_801' title='bbox 1567 5528 1859 5599; x_wconf 82' lang='grc' dir='ltr'>ἀκόλουθον</span> <span class='ocrx_word' id='word_1_802' title='bbox 1896 5544 1997 5606; x_wconf 83' lang='grc' dir='ltr'>τὰς</span> 
     </span>
    </p>
   </div>
   <div class='ocr_carea' id='block_1_101' title="bbox 418 5636 1998 5710">
    <p class='ocr_par' dir='ltr' id='par_1_101' title="bbox 418 5636 1998 5710">
     <span class='ocr_line' id='line_1_101' title="bbox 418 5636 1998 5710; baseline -0.002 -17"><span class='ocrx_word' id='word_1_803' title='bbox 418 5640 690 5703; x_wconf 81' lang='grc' dir='ltr'>τοσαύτας</span> <span class='ocrx_word' id='word_1_804' title='bbox 725 5639 1034 5710; x_wconf 79' lang='grc' dir='ltr'>ὁμολογίας.</span> <span class='ocrx_word' id='word_1_805' title='bbox 1082 5638 1240 5695; x_wconf 90' lang='grc' dir='ltr'>Οὕτω</span> <span class='ocrx_word' id='word_1_806' title='bbox 1284 5638 1377 5693; x_wconf 74' lang='grc' dir='ltr'>καὶ</span> <span class='ocrx_word' id='word_1_807' title='bbox 1415 5638 1510 5690; x_wconf 76' lang='grc' dir='ltr'>ἐπὶ</span> <span class='ocrx_word' id='word_1_808' title='bbox 1541 5636 1859 5705; x_wconf 77' lang='grc' dir='ltr'>Νεστορίου,</span> <span class='ocrx_word' id='word_1_809' title='bbox 1898 5636 1998 5690; x_wconf 79' lang='grc' dir='ltr'><strong>κᾶν</strong></span> 
     </span>
    </p>
   </div>
   <div class='ocr_carea' id='block_1_102' title="bbox 485 5819 898 5887">
    <p class='ocr_par' dir='ltr' id='par_1_102' title="bbox 485 5819 898 5887">
     <span class='ocr_line' id='line_1_102' title="bbox 485 5819 898 5887; baseline 0 -12"><span class='ocrx_word' id='word_1_810' title='bbox 485 5822 500 5852; x_wconf 84' lang='grc'>³</span> <span class='ocrx_word' id='word_1_811' title='bbox 541 5821 707 5877; x_wconf 73' lang='lat' dir='ltr'><strong>Ilebr.</strong></span> <span class='ocrx_word' id='word_1_812' title='bbox 747 5837 810 5887; x_wconf 82' lang='lat' dir='ltr'><strong>tt.</strong></span> <span class='ocrx_word' id='word_1_813' title='bbox 842 5819 898 5878; x_wconf 86' lang='lat'><strong>9.</strong></span> 
     </span>
    </p>
   </div>
   <div class='ocr_carea' id='block_1_103' title="bbox 2340 4536 3390 4609">
    <p class='ocr_par' dir='ltr' id='par_1_103' title="bbox 2340 4536 3390 4609">
     <span class='ocr_line' id='line_1_103' title="bbox 2340 4536 3390 4609; baseline -0.004 -14"><span class='ocrx_word' id='word_1_814' title='bbox 2340 4540 2588 4609; x_wconf 78' lang='lat' dir='ltr'><strong>Ejusdem</strong></span> <span class='ocrx_word' id='word_1_815' title='bbox 2621 4554 2685 4593; x_wconf 81' lang='lat' dir='ltr'><strong>ea:</strong></span> <span class='ocrx_word' id='word_1_816' title='bbox 2727 4539 2953 4607; x_wconf 78' lang='lat' dir='ltr'><strong>epistola</strong></span> <span class='ocrx_word' id='word_1_817' title='bbox 2983 4540 3052 4593; x_wconf 86' lang='lat' dir='ltr'><strong>ad</strong></span> <span class='ocrx_word' id='word_1_818' title='bbox 3087 4536 3390 4605; x_wconf 80' lang='lat' dir='ltr'><strong>Eulogium.</strong></span> 
     </span>
    </p>
   </div>
   <div class='ocr_carea' id='block_1_104' title="bbox 2163 4630 3675 4699">
    <p class='ocr_par' dir='ltr' id='par_1_104' title="bbox 2163 4630 3675 4699">
     <span class='ocr_line' id='line_1_104' title="bbox 2163 4630 3675 4699; baseline -0.007 -9"><span class='ocrx_word' id='word_1_819' title='bbox 2163 4633 2514 4690; x_wconf 83' lang='lat' dir='ltr'><strong>Orientalium</strong></span> <span class='ocrx_word' id='word_1_820' title='bbox 2569 4631 2961 4699; x_wconf 83' lang='lat' dir='ltr'><strong>expositionem</strong></span> <span class='ocrx_word' id='word_1_821' title='bbox 3012 4632 3410 4699; x_wconf 83' lang='lat' dir='ltr'><strong>reprehendunt</strong></span> <span class='ocrx_word' id='word_1_822' title='bbox 3451 4630 3675 4698; x_wconf 88' lang='lat' dir='ltr'><strong>quidam</strong></span> 
     </span>
    </p>
   </div>
   <div class='ocr_carea' id='block_1_105' title="bbox 2092 4720 3678 4789">
    <p class='ocr_par' dir='ltr' id='par_1_105' title="bbox 2092 4720 3678 4789">
     <span class='ocr_line' id='line_1_105' title="bbox 2092 4720 3678 4789; baseline -0.003 -9"><span class='ocrx_word' id='word_1_823' title='bbox 2092 4736 2145 4781; x_wconf 89' lang='lat' dir='ltr'><strong>et</strong></span> <span class='ocrx_word' id='word_1_824' title='bbox 2173 4726 2396 4779; x_wconf 87' lang='lat' dir='ltr'><strong>dicunt:</strong></span> <span class='ocrx_word' id='word_1_825' title='bbox 2428 4721 2537 4774; x_wconf 89' lang='lat' dir='ltr'><strong>Cur</strong></span> <span class='ocrx_word' id='word_1_826' title='bbox 2574 4736 2694 4775; x_wconf 86' lang='lat' dir='ltr'><strong>cum</strong></span> <span class='ocrx_word' id='word_1_827' title='bbox 2732 4730 2955 4775; x_wconf 84' lang='lat' dir='ltr'><strong>naturas</strong></span> <span class='ocrx_word' id='word_1_828' title='bbox 2988 4720 3339 4785; x_wconf 84' lang='lat' dir='ltr'><strong>nominarint,</strong></span> <span class='ocrx_word' id='word_1_829' title='bbox 3388 4720 3678 4789; x_wconf 78' lang='lat' dir='ltr'><strong>episcOpus</strong></span> 
     </span>
    </p>
   </div>
   <div class='ocr_carea' id='block_1_106' title="bbox 2091 4809 3680 4878">
    <p class='ocr_par' dir='ltr' id='par_1_106' title="bbox 2091 4809 3680 4878">
     <span class='ocr_line' id='line_1_106' title="bbox 2091 4809 3680 4878; baseline -0.002 -11"><span class='ocrx_word' id='word_1_830' title='bbox 2091 4811 2427 4867; x_wconf 70' lang='lat' dir='ltr'><strong>Alexandriae</strong></span> <span class='ocrx_word' id='word_1_831' title='bbox 2456 4810 2628 4878; x_wconf 86' lang='lat' dir='ltr'><strong>pertul</strong></span> <span class='ocrx_word' id='word_1_832' title='bbox 2656 4820 2674 4860; x_wconf 84' lang='lat' dir='ltr'><strong>t</strong></span> <span class='ocrx_word' id='word_1_833' title='bbox 2727 4820 2782 4862; x_wconf 90' lang='lat' dir='ltr'><strong>et</strong></span> <span class='ocrx_word' id='word_1_834' title='bbox 2808 4809 3062 4871; x_wconf 74' lang='lat' dir='ltr'><strong>laudavit,</strong></span> <span class='ocrx_word' id='word_1_835' title='bbox 3103 4824 3225 4863; x_wconf 90' lang='lat' dir='ltr'><strong>cum</strong></span> <span class='ocrx_word' id='word_1_836' title='bbox 3259 4810 3356 4876; x_wconf 89' lang='lat' dir='ltr'><strong>illi,</strong></span> <span class='ocrx_word' id='word_1_837' title='bbox 3415 4809 3508 4878; x_wconf 88' lang='lat' dir='ltr'><strong>qui</strong></span> <span class='ocrx_word' id='word_1_838' title='bbox 3536 4809 3637 4864; x_wconf 66' lang='lat' dir='ltr'><strong>&#39;Ne</strong></span> <span class='ocrx_word' id='word_1_839' title='bbox 3657 4840 3680 4852; x_wconf 89' lang='lat'><strong>-</strong></span> 
     </span>
    </p>
   </div>
   <div class='ocr_carea' id='block_1_107' title="bbox 2097 4902 3676 4974">
    <p class='ocr_par' dir='ltr' id='par_1_107' title="bbox 2097 4902 3676 4974">
     <span class='ocr_line' id='line_1_107' title="bbox 2097 4902 3676 4974; baseline -0.003 -14"><span class='ocrx_word' id='word_1_840' title='bbox 2097 4903 2272 4960; x_wconf 85' lang='lat' dir='ltr'><strong>sterio</strong></span> <span class='ocrx_word' id='word_1_841' title='bbox 2302 4902 2505 4967; x_wconf 82' lang='lat' dir='ltr'><strong>favent,</strong></span> <span class='ocrx_word' id='word_1_842' title='bbox 2544 4919 2669 4958; x_wconf 87' lang='lat' dir='ltr'><strong>eum</strong></span> <span class='ocrx_word' id='word_1_843' title='bbox 2706 4903 2891 4957; x_wconf 87' lang='lat' dir='ltr'><strong>dicant</strong></span> <span class='ocrx_word' id='word_1_844' title='bbox 2925 4904 3067 4959; x_wconf 84' lang='lat' dir='ltr'><strong>idem</strong></span> <span class='ocrx_word' id='word_1_845' title='bbox 3107 4904 3333 4971; x_wconf 82' lang='lat' dir='ltr'><strong>sentire,</strong></span> <span class='ocrx_word' id='word_1_846' title='bbox 3390 4919 3553 4974; x_wconf 84' lang='lat' dir='ltr'><strong>atque</strong></span> <span class='ocrx_word' id='word_1_847' title='bbox 3607 4906 3676 4957; x_wconf 83' lang='lat' dir='ltr'><strong>ita</strong></span> 
     </span>
    </p>
   </div>
   <div class='ocr_carea' id='block_1_108' title="bbox 2096 4993 3681 5065">
    <p class='ocr_par' dir='ltr' id='par_1_108' title="bbox 2096 4993 3681 5065">
     <span class='ocr_line' id='line_1_108' title="bbox 2096 4993 3681 5065; baseline -0.001 -16"><span class='ocrx_word' id='word_1_848' title='bbox 2096 4995 2393 5063; x_wconf 87' lang='lat' dir='ltr'><strong>corripiant</strong></span> <span class='ocrx_word' id='word_1_849' title='bbox 2418 5008 2532 5059; x_wconf 87' lang='lat' dir='ltr'><strong>eos,</strong></span> <span class='ocrx_word' id='word_1_850' title='bbox 2565 4993 2654 5062; x_wconf 83' lang='lat' dir='ltr'><strong>qui</strong></span> <span class='ocrx_word' id='word_1_851' title='bbox 2689 5008 2802 5046; x_wconf 87' lang='lat' dir='ltr'><strong>rem</strong></span> <span class='ocrx_word' id='word_1_852' title='bbox 2826 4994 2969 5049; x_wconf 86' lang='lat' dir='ltr'><strong>haud</strong></span> <span class='ocrx_word' id='word_1_853' title='bbox 2996 4998 3066 5047; x_wconf 88' lang='lat' dir='ltr'><strong>ita</strong></span> <span class='ocrx_word' id='word_1_854' title='bbox 3106 4994 3266 5065; x_wconf 82' lang='lat' dir='ltr'><strong>plane</strong></span> <span class='ocrx_word' id='word_1_855' title='bbox 3295 4993 3530 5049; x_wconf 78' lang='lat' dir='ltr'><strong>norunt?</strong></span> <span class='ocrx_word' id='word_1_856' title='bbox 3560 4993 3681 5048; x_wconf 78' lang='lat' dir='ltr'><strong>Istis</strong></span> 
     </span>
    </p>
   </div>
   <div class='ocr_carea' id='block_1_109' title="bbox 2094 5085 3679 5152">
    <p class='ocr_par' dir='ltr' id='par_1_109' title="bbox 2094 5085 3679 5152">
     <span class='ocr_line' id='line_1_109' title="bbox 2094 5085 3679 5152; baseline -0.003 -14"><span class='ocrx_word' id='word_1_857' title='bbox 2094 5087 2577 5151; x_wconf 82' lang='lat' dir='ltr'><strong>reprehensoribus</strong></span> <span class='ocrx_word' id='word_1_858' title='bbox 2637 5085 3072 5152; x_wconf 88' lang='lat' dir='ltr'><strong>respondendum</strong></span> <span class='ocrx_word' id='word_1_859' title='bbox 3131 5095 3238 5151; x_wconf 86' lang='lat' dir='ltr'><strong>est,</strong></span> <span class='ocrx_word' id='word_1_860' title='bbox 3305 5100 3410 5139; x_wconf 91' lang='lat' dir='ltr'><strong>non</strong></span> <span class='ocrx_word' id='word_1_861' title='bbox 3466 5085 3679 5148; x_wconf 75' lang='grc' dir='ltr'>υιιιιιὶιι,</span> 
     </span>
    </p>
   </div>
   <div class='ocr_carea' id='block_1_110' title="bbox 2096 5174 3679 5246">
    <p class='ocr_par' dir='ltr' id='par_1_110' title="bbox 2096 5174 3679 5246">
     <span class='ocr_line' id='line_1_110' title="bbox 2096 5174 3679 5246; baseline 0.001 -17"><span class='ocrx_word' id='word_1_862' title='bbox 2096 5190 2217 5246; x_wconf 81' lang='lat' dir='ltr'><strong>quae</strong></span> <span class='ocrx_word' id='word_1_863' title='bbox 2256 5175 2441 5230; x_wconf 91' lang='lat' dir='ltr'><strong>dicunt</strong></span> <span class='ocrx_word' id='word_1_864' title='bbox 2470 5174 2734 5240; x_wconf 69' lang='lat' dir='ltr'><strong>haeretici,</strong></span> <span class='ocrx_word' id='word_1_865' title='bbox 2769 5175 2953 5246; x_wconf 76' lang='lat' dir='ltr'><strong>fugere</strong></span> <span class='ocrx_word' id='word_1_866' title='bbox 2976 5184 3032 5232; x_wconf 90' lang='lat' dir='ltr'><strong>et</strong></span> <span class='ocrx_word' id='word_1_867' title='bbox 3070 5190 3332 5232; x_wconf 77' lang='lat' dir='ltr'><strong>accusare</strong></span> <span class='ocrx_word' id='word_1_868' title='bbox 3387 5186 3635 5245; x_wconf 80' lang='lat' dir='ltr'><strong>Oporterc</strong></span> <span class='ocrx_word' id='word_1_869' title='bbox 3659 5189 3679 5230; x_wconf 88' lang='lat'><strong>:</strong></span> 
     </span>
    </p>
   </div>
   <div class='ocr_carea' id='block_1_111' title="bbox 2097 5266 3677 5338">
    <p class='ocr_par' dir='ltr' id='par_1_111' title="bbox 2097 5266 3677 5338">
     <span class='ocr_line' id='line_1_111' title="bbox 2097 5266 3677 5338; baseline -0.003 -18"><span class='ocrx_word' id='word_1_870' title='bbox 2097 5266 2266 5321; x_wconf 88' lang='lat' dir='ltr'><strong>multa</strong></span> <span class='ocrx_word' id='word_1_871' title='bbox 2289 5268 2433 5322; x_wconf 88' lang='lat' dir='ltr'><strong>enim</strong></span> <span class='ocrx_word' id='word_1_872' title='bbox 2457 5267 2803 5333; x_wconf 83' lang='lat' dir='ltr'><strong>conﬁtentur,</strong></span> <span class='ocrx_word' id='word_1_873' title='bbox 2834 5280 2957 5338; x_wconf 67' lang='lat' dir='ltr'><strong>quae</strong></span> <span class='ocrx_word' id='word_1_874' title='bbox 2986 5283 3085 5323; x_wconf 89' lang='lat' dir='ltr'><strong>nos</strong></span> <span class='ocrx_word' id='word_1_875' title='bbox 3146 5269 3276 5323; x_wconf 89' lang='lat' dir='ltr'><strong>item</strong></span> <span class='ocrx_word' id='word_1_876' title='bbox 3334 5267 3677 5321; x_wconf 80' lang='lat' dir='ltr'><strong>conﬁtemur.</strong></span> 
     </span>
    </p>
   </div>
   <div class='ocr_carea' id='block_1_112' title="bbox 2101 5359 3681 5415">
    <p class='ocr_par' dir='ltr' id='par_1_112' title="bbox 2101 5359 3681 5415">
     <span class='ocr_line' id='line_1_112' title="bbox 2101 5359 3681 5415; baseline -0.003 -1"><span class='ocrx_word' id='word_1_877' title='bbox 2101 5359 2169 5414; x_wconf 86' lang='lat' dir='ltr'><strong>Ut</strong></span> <span class='ocrx_word' id='word_1_878' title='bbox 2199 5375 2320 5415; x_wconf 89' lang='lat' dir='ltr'><strong>cum</strong></span> <span class='ocrx_word' id='word_1_879' title='bbox 2357 5362 2541 5414; x_wconf 81' lang='lat' dir='ltr'><strong>Ariani</strong></span> <span class='ocrx_word' id='word_1_880' title='bbox 2574 5360 2786 5414; x_wconf 84' lang='lat' dir='ltr'><strong>Patrem</strong></span> <span class='ocrx_word' id='word_1_881' title='bbox 2852 5375 3033 5414; x_wconf 86' lang='lat' dir='ltr'><strong>rerum</strong></span> <span class='ocrx_word' id='word_1_882' title='bbox 3057 5363 3297 5414; x_wconf 88' lang='lat' dir='ltr'><strong>omnium</strong></span> <span class='ocrx_word' id='word_1_883' title='bbox 3327 5370 3602 5411; x_wconf 80' lang='lat' dir='ltr'><strong>auetOrem</strong></span> <span class='ocrx_word' id='word_1_884' title='bbox 3627 5367 3681 5409; x_wconf 76' lang='lat' dir='ltr'><strong>et</strong></span> 
     </span>
    </p>
   </div>
   <div class='ocr_carea' id='block_1_113' title="bbox 2098 5445 3679 5516">
    <p class='ocr_par' dir='ltr' id='par_1_113' title="bbox 2098 5445 3679 5516">
     <span class='ocr_line' id='line_1_113' title="bbox 2098 5445 3679 5516; baseline -0.006 -8"><span class='ocrx_word' id='word_1_885' title='bbox 2098 5453 2382 5508; x_wconf 84' lang='lat' dir='ltr'><strong>Dominum</strong></span> <span class='ocrx_word' id='word_1_886' title='bbox 2430 5453 2634 5515; x_wconf 88' lang='lat' dir='ltr'><strong>dicunt,</strong></span> <span class='ocrx_word' id='word_1_887' title='bbox 2669 5467 2775 5506; x_wconf 89' lang='lat' dir='ltr'><strong>non</strong></span> <span class='ocrx_word' id='word_1_888' title='bbox 2806 5454 3064 5508; x_wconf 87' lang='lat' dir='ltr'><strong>debemus</strong></span> <span class='ocrx_word' id='word_1_889' title='bbox 3093 5465 3197 5505; x_wconf 87' lang='lat' dir='ltr'><strong>nos</strong></span> <span class='ocrx_word' id='word_1_890' title='bbox 3230 5450 3282 5504; x_wconf 89' lang='lat' dir='ltr'><strong>id</strong></span> <span class='ocrx_word' id='word_1_891' title='bbox 3312 5463 3533 5516; x_wconf 78' lang='lat' dir='ltr'><strong>negare,</strong></span> <span class='ocrx_word' id='word_1_892' title='bbox 3588 5445 3679 5500; x_wconf 88' lang='lat' dir='ltr'><strong>Sic</strong></span> 
     </span>
    </p>
   </div>
   <div class='ocr_carea' id='block_1_114' title="bbox 2094 5537 3679 5607">
    <p class='ocr_par' dir='ltr' id='par_1_114' title="bbox 2094 5537 3679 5607">
     <span class='ocr_line' id='line_1_114' title="bbox 2094 5537 3679 5607; baseline -0.007 -8"><span class='ocrx_word' id='word_1_893' title='bbox 2094 5545 2256 5599; x_wconf 88' lang='lat' dir='ltr'><strong>etiam</strong></span> <span class='ocrx_word' id='word_1_894' title='bbox 2298 5545 2363 5599; x_wconf 90' lang='lat' dir='ltr'><strong>de</strong></span> <span class='ocrx_word' id='word_1_895' title='bbox 2389 5540 2640 5597; x_wconf 84' lang='lat' dir='ltr'><strong>Nestorio</strong></span> <span class='ocrx_word' id='word_1_896' title='bbox 2686 5543 3032 5597; x_wconf 86' lang='lat' dir='ltr'><strong>sentiendum</strong></span> <span class='ocrx_word' id='word_1_897' title='bbox 3095 5550 3201 5603; x_wconf 89' lang='lat' dir='ltr'><strong>est,</strong></span> <span class='ocrx_word' id='word_1_898' title='bbox 3244 5538 3490 5607; x_wconf 77' lang='lat' dir='ltr'><strong>quamvis</strong></span> <span class='ocrx_word' id='word_1_899' title='bbox 3544 5537 3679 5588; x_wconf 83' lang='lat' dir='ltr'><strong>duas</strong></span> 
     </span>
    </p>
   </div>
   <div class='ocr_carea' id='block_1_115' title="bbox 2098 5623 3681 5703">
    <p class='ocr_par' dir='ltr' id='par_1_115' title="bbox 2098 5623 3681 5703">
     <span class='ocr_line' id='line_1_115' title="bbox 2098 5623 3681 5703; baseline -0.006 -12"><span class='ocrx_word' id='word_1_900' title='bbox 2098 5638 2240 5691; x_wconf 83' lang='lat' dir='ltr'><strong>dicat</strong></span> <span class='ocrx_word' id='word_1_901' title='bbox 2263 5643 2508 5703; x_wconf 84' lang='lat' dir='ltr'><strong>naturas,</strong></span> <span class='ocrx_word' id='word_1_902' title='bbox 2530 5633 2890 5689; x_wconf 78' lang='lat' dir='ltr'><strong>diﬁ&#39;et&#39;enliatn</strong></span> <span class='ocrx_word' id='word_1_903' title='bbox 2921 5633 3218 5687; x_wconf 79' lang='lat' dir='ltr'><strong>ostendens</strong></span> <span class='ocrx_word' id='word_1_904' title='bbox 3248 5629 3427 5687; x_wconf 75' lang='lat' dir='ltr'><strong>Carnis</strong></span> <span class='ocrx_word' id='word_1_905' title='bbox 3446 5638 3500 5685; x_wconf 88' lang='lat' dir='ltr'><strong>et</strong></span> <span class='ocrx_word' id='word_1_906' title='bbox 3523 5623 3681 5681; x_wconf 72' lang='lat' dir='ltr'><strong>Verbi</strong></span> 
     </span>
    </p>
   </div>
  </div>
