4082 6452
347 395 450 460 991

1602 378 1986 442 EUTllYMlI
2025 377 2384 438 ZIGABENI

3515 379 3620 442 992

344 513 538 566 diebus
592 507 842 564 eumdem
902 515 1122 576 propter
1173 519 1271 559 nos
1303 511 1358 558 et
1422 509 1649 573 propter
1696 507 1931 553 nostram

2047 498 2212 554 αὑτὸν
2244 497 2316 551 δι’
2359 495 2508 566 ἡμᾶς
2545 495 2641 548 καὶ
2669 495 2759 548 διὰ
2785 493 2884 565 τὴν
2912 495 3190 566 ἡμετέραν
3234 497 3510 565 σωτηρίαν
3553 499 3620 550 ἐκ

345 605 571 658 salutem
595 615 660 656 ex
686 594 853 654 Mitria
879 606 1069 652 natum
1105 594 1329 666 Virgine
1354 595 1651 650 secundum
1687 591 1937 645 Immani-

346 703 530 748 tatem.
563 690 800 744 Duarum
849 688 992 743 enim
1044 696 1364 740 naturarum
1422 682 1736 752 coniunctio
1794 682 1933 736 facta

343 794 446 837 est.
494 780 854 848 Quamobrem
918 793 1082 830 unum
1128 775 1426 840 Christum,
1490 789 1652 828 unum
1709 771 1930 837 Filium,

346 889 508 927 unum
543 873 828 926 Dominum
849 869 1173 924 conﬁtemur
1203 884 1218 922 :
1249 877 1306 922 et
1332 869 1431 920 hac
1476 865 1696 934 quidem
1749 865 1930 918 incon-

345 967 476 1020 {usa
531 961 935 1030 coniunctionis
985 960 1236 1016 notione
1303 958 1626 1013 conﬁtemur
1684 964 1931 1010 sanctam

347 1055 621 1125 Virginem
653 1068 775 1108 esse
810 1053 902 1108 Dei
927 1050 1259 1108 Genitricem
1285 1066 1300 1104 :
1329 1048 1582 1119 quoniam
1625 1045 1768 1102 Deus
1805 1044 1938 1100 Ver-

346 1149 473 1203 bum
499 1163 627 1203 caro
651 1146 894 1201 ethoqu
923 1144 1100 1200 factus
1119 1151 1225 1208 est,
1259 1152 1316 1197 et
1343 1148 1412 1196 ex
1464 1141 1578 1210 ipsa
1623 1140 1936 1210 conceptio-

347 1257 414 1296 ne
469 1241 573 1296 sibi
647 1241 906 1310 templum
955 1255 1020 1293 ex
1082 1237 1172 1292 illa
1235 1245 1506 1305 sumptum
1583 1235 1829 1306 adjunxlt
1880 1243 1936 1289 et

343 1335 634 1403 ecpulavit.

419 1427 504 1482 Ea:
531 1428 767 1480 oratione
801 1427 870 1478 αι(
911 1426 1312 1496 angustissimas
1359 1424 1604 1479 dominas
1645 1421 1846 1474 habita.

419 1583 480 1637 Si
549 1596 702 1635 sacra
752 1579 916 1648 Virgo
980 1580 1149 1634 Deum
1221 1579 1566 1632 incarnatum
1627 1577 1930 1634 secundum

347 1689 568 1729 carnem
658 1689 763 1727 non
869 1671 1080 1741 peperit
1114 1711 1128 1734 ,
1219 1670 1306 1724 vel
1389 1669 1546 1724 inviti
1626 1669 1935 1723 concedant

350 1775 604 1836 oportet,
678 1765 952 1817 hominem
1025 1772 1233 1817 tantum
1290 1761 1600 1831 vulgarem,
1667 1760 1933 1828 nobisque

2039 589 2256 660 Μαρίας
2291 590 2390 658 τῆς
2435 587 2716 656 Παρθένου
2765 587 2906 640 κατὰ
2937 587 3033 657 τὴν
3060 588 3474 657 ἀνθρωπότητα.
3516 589 3622 641 Δύο

2037 684 2148 752 γὰρ
2195 681 2414 747 φύσεων
2464 680 2660 742 ῑνωσις
2710 681 2902 750 γέγονε
2928 695 2942 710 ’
2971 680 3053 733 διὸ
3096 681 3193 733 ἕνα
3235 680 3492 748 Χριστὸν,
3526 681 3624 733 ἕνα

2039 775 2190 837 Υίδν,
2215 773 2310 828 ἕνα
2335 771 2539 842 Κύριον
2563 772 2956 841 ὁμολογοῦμεν.
2989 772 3145 824 Κατά
3170 771 3374 842 ταύτην
3399 772 3495 843 τὴν
3526 773 3618 843 τῆς

2035 863 2346 934 ἀσυγχύτου
2375 863 2619 927 ένώσεως
2669 862 2876 916 ἔννοιαν
2905 863 3275 932 ὁμολογοῦμεν
3313 863 3410 934 τὴν
3455 865 3623 931 ἀγίαν

2036 956 2314 1025 Παρθένον
2343 954 2627 1019 Θεοτόκον,
2654 954 2745 1007 διὰ
2791 954 2852 1008 τὸ
2881 954 2974 1007 τὸν
3019 954 3153 1007 Θεὸν
3197 955 3368 1022 Λόγον
3402 973 3623 1026 σαρκω-

2035 1049 2218 1119 θῆναι,
2251 1047 2348 1101 καὶ
2394 1047 2838 1118 ὲνανθρωπῆσαι,
2879 1047 2973 1101 καί
3014 1047 3073 1114 ἐξ
3101 1049 3270 1120 αὐτῆς
3296 1050 3396 1118 τῆς
3429 1050 3620 1119 συλλή-

2035 1142 2184 1213 ψεως
2215 1142 2420 1195 ὲνῶσαι
2447 1139 2626 1209 ἑαυτῷ
2658 1139 2750 1192 τὸν
2775 1138 2836 1204 ἐξ
2863 1138 3033 1210 αὐτῆς
3058 1139 3332 1211 ληφθέντα
3363 1141 3512 1196 ναόν.

2143 1413 2262 1469 Τοῦ
2287 1414 2480 1470 αὐτοῦ
2507 1415 2575 1468 ἐκ
2609 1415 2718 1469 τοῦ
2745 1417 2895 1482 πρὸς
2924 1414 3032 1480 τὰς
3074 1415 3516 1480 εὐσεϐεστάτας

2289 1539 2294 1546 ,
2393 1486 2725 1550 δεσποίνας
2751 1483 3275 1555 προσφωνητικοῦ.

2108 1580 2170 1632 Et
2228 1579 2302 1649 μὴ
2367 1578 2556 1631 τέτοκε
2621 1579 2902 1645 σαρκικῶς
2963 1577 3322 1647 σαρκωθέντα
3393 1577 3528 1630 Θεὸν
3584 1579 3617 1646 η

2037 1672 2173 1740 ἀγὶα
2206 1671 2504 1740 ΙΙαρθένος,
2539 1671 2690 1724 πᾶσά
2723 1687 2840 1732 πως
2870 1671 3088 1738 ἀνάγκη
3117 1669 3214 1722 καὶ
3245 1671 3344 1739 οὐχ
3375 1670 3604 1729 ἑκόντας

2037 1765 2236 1823 αὐτοὺς
2269 1763 2578 1831 ὁμολογεῖν,
2601 1763 2684 1816 ὅτι
2715 1761 2894 1814 κοινὸν
2925 1761 3260 1830 γεγέννηκεν
3300 1760 3615 1830 ἄνθρωπον,

353 1858 525 1911 nihilo
556 1855 990 1909 excellentiorem
1071 1854 1125 1906 in
1168 1853 1347 1908 lucem
1379 1853 1636 1907 edidisse.
1686 1850 1841 1918 Quod
1884 1851 1930 1904 si

2035 1855 2185 1908 οὐδὲν
2216 1856 2408 1923 ἔχοντα
2442 1855 2574 1922 παρ’
2610 1855 2761 1924 ἡμᾶς
2809 1855 2870 1906 τὸ
2904 1854 3110 1906 πλεῖον.
3143 1848 3281 1905 Εἶτα
3313 1853 3429 1914 πῶς
3463 1853 3616 1920 αὐτῷ

352 1965 441 2002 res
493 1949 562 2001 ita
628 1963 688 2001 se
749 1949 944 2007 habet,
1001 1961 1107 2014 qua
1176 1947 1403 1998 obsecro
1457 1943 1704 2007 ratione,
1768 1957 1933 1997 omne

349 2052 495 2107 genu
537 2037 612 2089 illi
669 2034 1084 2099 incurvabitur,
1135 2033 1424 2102 omnisque
1475 2032 1655 2103 lingua
1708 2032 1933 2094 conﬁte-

353 2127 520 2188 bitur,
576 2126 718 2194 quod
767 2125 1029 2180 Dominus
1077 2137 1265 2180 noster
1311 2124 1469 2180 Jesus
1523 2134 1608 2180 est
1657 2126 1711 2178 in
1758 2125 1930 2196 gloria

348 2214 445 2270 Dei
495 2213 748 2271 Patris“!
806 2213 1092 2278 Quomodo
1133 2215 1330 2285 angeli,
1375 2224 1432 2271 et
1475 2229 1632 2269 sacer
1681 2215 1771 2269 ille
1817 2230 1930 2270 εω-

348 2305 566 2360 lestium
635 2304 896 2359 virtutum
958 2314 1133 2360 cretus
1200 2307 1353 2360 illum
1410 2305 1690 2360 adoret'?
1760 2303 1932 2360 Num-

348 2395 480 2462 quid
537 2395 811 2448 hominem
855 2410 1228 2458 communem,
1257 2407 1314 2450 et
1371 2412 1474 2451 nos
1508 2405 1562 2450 et
1611 2397 1929 2452 universum

349 2485 551 2540 ctnlum
622 2486 884 2542 hactt-nus
949 2488 1318 2557 percolimns?
1375 2489 1578 2544 Absit:
1633 2491 1931 2544 adoramus

349 2577 494 2629 enim
533 2575 942 2633 Emmanuelem
993 2586 1248 2649 tanquam
1295 2596 1482 2634 verum
1520 2579 1718 2637 Deum.
1766 2582 1930 2652 Atqui

348 2667 497 2719 nulla
531 2668 744 2724 ratione
791 2668 1005 2722 adorari
1049 2679 1248 2739 potest,
1282 2671 1388 2725 nisi
1427 2672 1715 2726 credamus
1750 2672 1926 2738 ipsmu

347 2757 442 2809 Dei
480 2757 657 2813 Patris
693 2759 951 2824 Verbum,
975 2761 1119 2830 quod
1149 2762 1217 2815 ab
1245 2761 1498 2816 universa
1518 2771 1766 2816 creatura
1793 2762 1928 2817 ado-

350 2858 520 2913 ratur,
555 2851 858 2906 secundum
909 2852 1226 2922 Scripturas
1259 2869 1480 2908 carnem
1526 2853 1732 2908 factum
1769 2870 1926 2910 esse:

358 2952 464 2989 non
515 2937 656 3005 quod
714 2939 766 2992 in
826 2954 1048 2994 carnem
1104 2941 1438 2997 demutatmn
1500 2942 1797 3006 transierit,
1836 2943 1930 2996 sed

369 3026 512 3093 quod
548 3041 612 3079 ex
647 3025 758 3094 ipsa
793 3040 945 3080 sacra
979 3025 1200 3096 Virgine
1231 3041 1447 3081 carnem
1491 3030 1806 3097 susceperit,
1837 3030 1935 3084 hu-

2035 1945 2248 2013 κάμψει
2301 1947 2411 1998 πᾶν
2461 1946 2614 2011 γόνυ,
2661 1944 2755 1998 καὶ
2813 1947 2958 1996 πᾶσα
3007 1943 3230 2009 γλῶσσα
3285 1943 3620 2013 ἐξομολογή-

2034 2051 2209 2098 σεται,
2251 2035 2332 2087 ὃτι
2378 2034 2584 2102 Κύριος
2625 2035 2836 2100 Ἰησοῦς
2873 2033 3112 2103 Χριστὸς
3145 2033 3226 2093 είς
3281 2030 3440 2096 δόξαν
3479 2031 3617 2084 Θεοῦ

2032 2125 2282 2195 Πατρόςς
2320 2125 2442 2184 Πῶς
2475 2125 2625 2194 αὑτῷ
2657 2125 3060 2196 προσκυνοῦσιν
3098 2125 3344 2192 ἄγγελοι,
3376 2125 3471 2178 καί
3504 2125 3616 2178 τῶν

2031 2219 2293 2273 ἀνωτάτω
2345 2219 2627 2286 δυνάμεων
2685 2219 2718 2288 ἡ
2767 2219 2898 2286 ἀγία
2938 2217 3192 2287 πληθύς;
3225 2213 3354 2287 'Ap’
3393 2217 3489 2271 οῦν
3520 2220 3618 2270 άν-

2031 2308 2234 2378 θρώπῳ
2284 2307 2447 2377 κοινῷ
2495 2308 2828 2377 λελάτρευκε
2880 2307 3006 2376 μεθ’
3055 2308 3214 2377 ὴμῶν
3266 2309 3358 2360 καὶ
3389 2309 3617 2377 σύμπας

2031 2403 2058 2454 ὁ
2093 2401 2356 2469 οὐρανός;
2384 2400 2475 2470 Μὴ
2504 2400 2715 2467 γένοιτο
2738 2417 2751 2430 ·
2790 2398 3211 2468 προσκυνοῦμεν
3241 2399 3349 2468 γὰρ
3377 2397 3452 2462 ὡς
3477 2398 3612 2450 Θεὸν

2031 2492 2289 2562 ἀληθινὸν
2337 2493 2429 2545 τὸν
2492 2493 2870 2563 Ἐμμανουήλ.
2911 2493 3108 2544 Ἔσται
3160 2492 3217 2544 δὲ
3259 2493 3358 2562 οὐχ
3406 2491 3611 2561 ἑτέρως

2034 2585 2432 2657 προσκυνητὺς,
2461 2586 2556 2638 ἐὰν
2604 2587 2680 2654 μὴ
2732 2585 3106 2653 πιστεύωμεν,
3145 2584 3230 2637 ὅτι
3271 2585 3434 2644 αὐτὸς
3472 2585 3500 2634 ὀ
3544 2586 3610 2635 ὲκ

2033 2677 2166 2731 Θεοῦ
2192 2677 2387 2744 Λόγος,
2421 2679 2448 2728 ὁ
2475 2677 2628 2745 παρὰ
2655 2677 2840 2744 πάσης
2872 2677 2972 2748 τῆς
3004 2676 3239 2738 κτίσεως
3271 2673 3613 2744 προσκυνού-

2033 2784 2215 2836 μενος,
2261 2766 2398 2834 σέιρξ
2457 2766 2676 2832 ἐγένετο
2725 2767 2868 2818 κατὰ
2920 2766 3016 2829 τὰς
3059 2764 3326 2833 Γραφάςο
3365 2765 3466 2817 οὐκ
3521 2765 3602 2825 είς

2032 2857 2212 2927 σάρκα
2246 2855 2746 2924 μεταὸεϐλημένος,
2769 2854 2885 2910 ἀλλ’
2921 2856 2987 2909 ἐκ
3013 2856 3111 2924 τῆς
3143 2855 3306 2922 ἁγίας
3331 2853 3610 2923 Παρθένου

2036 2943 2215 3014 σάρκα
2249 2946 2446 3010 λαϐὼν,
2482 2946 2556 3010 ὼς
2585 2948 2740 3016 ἔφην,
2776 2949 2871 3001 καὶ
2911 2951 3261 3020 ἀνθρωπίνην
3295 2952 3414 3021 μεθ’
3455 2935 3607 3021 ἡμῶν

2040 3033 2339 3102 ὑπομείνας
2388 3037 2678 3107 γέννησιν
2743 3039 2832 3092 ἵνα
2886 3041 2979 3092 καὶ
3028 3041 3312 3108 ἅνθρωπος
3367 3039 3605 3108 γεγονὼς

361 3131 711 3185 manumque,
764 3125 824 3169 ut
876 3125 1002 3168 ante
1057 3115 1359 3186 expositum
1417 3127 1521 3183 est,
1577 3119 1928 3186 nativitatem,

2037 3125 2178 3194 ὑπὲρ
2231 3127 2408 3196 ἡμῶν,
2453 3128 2700 3199 ἀποθάνῃ
2743 3130 2840 3197 μὲν
2891 3130 3266 3201 ἀνθρωπίνως,
3303 3132 3508 3198 ἀναστῇ
3547 3127 3602 3180 δὲ

359 3207 585 3276 perinde
613 3224 677 3262 ac
707 3223 822 3271 nos,
856 3209 1149 3275 subiverit;
1187 3223 1292 3278 quo
1328 3209 1583 3263 nimirum
1628 3209 1790 3264 homo
1832 3226 1930 3265 no-

357 3300 453 3353 stri
492 3315 651 3354 causa
685 3298 906 3366 factum,
942 3315 1094 3354 more
1127 3299 1345 3368 quidem
1380 3299 1610 3354 aliorum
1653 3301 1930 3355 hominum

358 3401 586 3444 IIlOl‘lem
619 3398 917 3459 pateretur,
961 3391 1272 3460 proculcato
1302 3401 1480 3446 autem
1526 3393 1716 3447 mortis
1761 3393 1930 3462 impe-

360 3477 460 3540 rio,
493 3477 673 3532 divina
711 3479 760 3533 vi
799 3495 1011 3534 rursum
1055 3492 1383 3550 resurgeret.
1431 3480 1541 3535 Hoc
1585 3483 1727 3535 enim
1770 3483 1931 3538 modo

359 3565 559 3632 factum
595 3578 699 3632 est,
730 3577 790 3622 ut
833 3584 930 3624 nos
977 3584 1192 3638 quoque
1239 3585 1336 3638 per
1382 3570 1657 3625 Christum
1694 3571 1932 3640 vincere,

356 3665 684 3726 peceatoque
722 3658 1006 3724 debellato,
1035 3675 1098 3715 ae
1133 3662 1304 3728 posita
1359 3663 1704 3730 corruptione
1729 3702 1743 3728 ,
1785 3680 1932 3718 tuor-

361 3760 464 3803 tem
496 3748 726 3818 eﬂ‘ugcre
759 3764 1060 3818 possemus,
1091 3750 1384 3820 lmtitiaqne
1434 3751 1484 3804 in
1524 3751 1746 3805 Christo
1789 3754 1928 3821 pleni

2035 3215 2255 3280 θεῖκῶς,
2288 3221 2536 3291 πατήσας
2573 3219 2666 3272 τοῦ
2698 3220 2927 3274 Θανάτου
2957 3221 3018 3272 τὸ
3056 3222 3276 3290 κράτος.
3309 3221 3466 3274 Οὓτω
3497 3219 3606 3288 γὰρ

2032 3301 2102 3376 ἦν
2150 3307 2409 3362 δύνασθαι
2459 3311 2552 3363 καὶ
2592 3313 2738 3381 ἡμᾶς
2779 3311 2855 3374 ὡς
2899 3312 2958 3364 ὲν
3003 3313 3225 3383 Χριστῷ
3275 3313 3606 3382 νικήσαντας

2040 3401 2517 3470 κατευμεγεθῆσαι
2555 3403 2654 3472 μὲν
2682 3402 2780 3471 τῆς
2817 3403 3113 3473 ἁμαρτίας,
3146 3401 3522 3456 ἀποδύσασθαι
3549 3399 3607 3452 δὲ

2035 3485 2134 3558 τὴν
2169 3488 2395 3559 φθορὰν,
2437 3491 2531 3544 καὶ
2563 3491 2848 3559 διαδρᾶναι
2881 3491 3130 3557 θάνατον,
3163 3491 3304 3545 οὕτω
3344 3509 3402 3544 τε
3433 3493 3606 3544 εἰπεῖν

2035 3578 2099 3631 ἐκ
2133 3582 2489 3651 περιχαρείας
2534 3584 2633 3652 τῆς
2659 3585 2716 3636 ἐν
2771 3584 3020 3655 Χριστῷ·
3056 3605 3074 3636 ι
3111 3585 3219 3638 Ποῦ
3253 3588 3286 3654 ή
3317 3585 3437 3654 νίκη
3477 3601 3603 3646 σου,

2033 3667 2262 3732 θάνατες
2313 3671 2416 3722 ποῦ
2447 3672 2506 3724 τὸ
2533 3672 2758 3742 κέντρον
2790 3691 2906 3738 σου,
2937 3673 3075 3744 ᾅδης
3113 3691 3130 3722 ι
3162 3673 3374 3742 Ὥσπερ
3406 3671 3514 3740 γάρ
3549 3671 3605 3722 ἐν

2045 3758 2218 3828 Ἀδὰμ
2261 3759 2648 3830 πεπτώκαμεν,
2694 3761 2836 3812 οὕτω
2880 3763 3244 3831 νενικήκαμεν
3277 3763 3333 3813 ἐν
3365 3758 3604 3828 Χριστῷ.

365 3843 665 3895 diceremus
695 3859 707 3896 :
747 3861 763 3894 ι
803 3841 902 3896 Ubi
931 3853 1032 3907 est,
1066 3839 1230 3909 iners,
1273 3843 1496 3896 victoria
1543 3847 1676 3897 tua?
1723 3845 1809 3898 tibi
1841 3857 1923 3901 est
1963 3848 2216 3902 stimulus
2241 3860 2385 3913 tuus.
2426 3851 2637 3905 inferne
2661 3853 2744 3905 ‘3?
2772 3871 2790 3903 ι
2827 3851 2894 3906 Ut
2949 3854 3091 3905 enim
3125 3852 3176 3904 in
3212 3852 3380 3904 Adam
3408 3850 3601 3904 devicti

366 3948 572 3998 sumus,
603 3933 674 3987 ita
701 3950 909 3987 rursum
939 3935 992 3988 in
1025 3934 1240 3990 Christo
1274 3936 1590 3990 devicimus.

571 4025 723 4090 Quod
753 4025 798 4079 si
834 4027 1071 4094 vulgaris
1104 4036 1311 4078 tantum
1349 4025 1508 4079 homo
1535 4035 1680 4080 esset
1709 4024 1925 4079 Emma-

363 4115 504 4181 nuel,
535 4117 803 4184 quomodo
837 4131 980 4170 mors
1010 4117 1244 4170 hominis
1272 4115 1518 4169 humana:
1543 4127 1746 4170 natura:
1773 4133 1928 4186 opem

357 4206 612 4261 tulisset?
647 4206 933 4260 Enimvero
984 4221 1090 4259 non
1147 4206 1306 4275 pauci
1346 4213 1654 4260 sanctorum
1708 4209 1936 4274 prophe-

360 4307 534 4350 tarum
564 4305 793 4350 mortem
827 4295 1102 4358 obierunt,
1132 4306 1185 4350 ut
1220 4296 1624 4350 laudatissimus
1653 4295 1743 4351 ille
1768 4296 1937 4350 Abra-

358 4391 508 4452 ham,
564 4386 732 4450 lsaac,
783 4385 988 4453 Jacob,
1035 4387 1280 4457 Moyses,
1332 4385 1581 4452 Samuel,
1635 4389 1935 4457 reliquique

2233 4033 2293 4083 Ei.
2322 4032 2376 4084 δὲ
2413 4033 2697 4104 ἄνθρωπος
2736 4028 2803 4102 ἦν
2836 4032 3007 4095 κοινὸς
3042 4033 3069 4084 ὁ
3099 4030 3464 4102 Ἑμμανουὴλ,
3492 4029 3606 4092 πῶς

2035 4119 2102 4173 ἂν
2126 4120 2374 4191 ὠφέλησε
2404 4124 2502 4192 τὴν
2546 4123 2835 4194 ἀνθρώπου
2865 4122 3023 4190 φύσιν
3057 4125 3084 4176 ὁ
3109 4121 3396 4192 ἀνθρώπου
3447 4122 3607 4173 θάνα-

2035 4226 2158 4278 τος;
2211 4211 2400 4264 Καίτοι
2451 4213 2635 4266 πολλοὶ
2680 4212 3062 4284 προαπέθανον
3118 4213 3262 4280 ἆγιοι
3312 4211 3604 4281 προςῆται,

2050 4301 2299 4372 Ἀϐραὰμ
2349 4305 2553 4366 ἐκεῖνος
2600 4307 2627 4357 ὁ
2671 4304 2987 4374 διαϐόητος,
3027 4303 3230 4364 Ἰσαὰκ,
3265 4303 3356 4355 καί
3393 4300 3605 4364 Ἰακὼϐ,

2034 4391 2238 4463 Μωσῆς
2271 4410 2351 4455 τε,
2385 4395 2479 4447 καί
2510 4396 2763 4467 Σαμουὴλ
2789 4434 2802 4457 ,
2840 4395 2932 4448 καὶ
2975 4397 3022 4447 οἱ
3069 4393 3300 4464 καθεξῆς
3327 4392 3606 4462 γεγονότες

358 4480 634 4548 deinceps,
669 4479 759 4549 qui
790 4479 915 4532 vitae
947 4479 1306 4534 sanctimonia
1333 4477 1640 4533 claruerunt
1666 4496 1681 4545 ;
1711 4494 1931 4534 verum-

2037 4478 2182 4548 ἅγιοι
2203 4499 2214 4511 ·
2249 4481 2362 4534 ἀλλ’
2386 4482 2561 4554 ὢνησε
2603 4484 2701 4554 μὲν
2732 4484 2882 4537 οὐδὲν
2913 4484 2971 4537 τὸ
2999 4485 3091 4535 ἐπὶ
3120 4483 3223 4550 γῆς
3257 4481 3364 4534 τῶν
3393 4479 3606 4551 ἀνθρὼ-

361 4583 540 4626 tamen
580 4586 725 4626 mors
781 4571 996 4627 illorum
1033 4571 1214 4639 generi
1265 4568 1503 4624 humano
1536 4569 1667 4624 nihil
1712 4569 1933 4625 omnino

357 4662 585 4717 contulit
616 4678 630 4716 :
666 4673 721 4718 at
769 4677 898 4718 vero
933 4677 1080 4717 mors
1127 4660 1328 4715 Christi
1363 4659 1588 4716 salutem
1641 4663 1928 4730 praestitit;

359 4757 624 4824 siquidem
653 4754 924 4825 propriam
955 4768 1052 4824 pro
1093 4752 1247 4808 nobis
1449 4767 1666 4808 carnem
1713 4752 1929 4814 obtulit,

361 4844 631 4912 mortique
661 4843 1008 4911 semetipsum
1035 4841 1203 4897 nostri
1233 4855 1394 4895 causa
1433 4844 1777 4904 contradens,
1813 4855 1931 4894 out-

359 4947 457 4986 ncs
482 4947 548 4986 ex
591 4933 781 4987 mortis
815 4932 1018 5001 laqueis
1053 4933 1275 4985 exemit.
1329 4929 1478 4985 Unus
1510 4931 1654 4983 enim
1690 4946 1787 5000 pro
1816 4946 1930 4983 om-

359 5025 518 5077 nibus
552 5023 788 5076 moriens
833 5022 1112 5087 satisfecit,
1166 5034 1225 5075 ut
1264 5022 1352 5090 qui
1389 5021 1677 5089 plurimum
1723 5021 1932 5074 Ctt‘lcl‘is

358 5117 610 5170 omnibus
672 5116 930 5185 dignitate
983 5125 1282 5185 priest-aret.
1338 5114 1474 5169 Nam
1514 5124 1566 5170 et
1619 5115 1710 5169 Dei
1757 5115 1932 5169 Patris

363 5208 594 5263 Verbum
630 5216 732 5271 est,
778 5215 832 5262 et
885 5216 1072 5261 natura
1121 5209 1279 5273 Deus,
1325 5219 1380 5262 et
1414 5210 1610 5276 corpus
1651 5211 1790 5275 quod
1837 5223 1932 5274 pro

361 5303 516 5356 nobis
549 5301 599 5355 in
629 5301 849 5355 odorem
880 5300 1164 5355 suavitatis
1208 5299 1314 5354 Deo
1358 5310 1413 5353 et
1456 5299 1601 5354 Patri
1645 5298 1928 5360 oli‘erehat,

359 5397 501 5451 illius
541 5395 815 5466 proprium
873 5393 990 5448 fuit.
1052 5391 1272 5460 impium
1316 5404 1399 5448 est
1447 5407 1610 5463 ergo,
1667 5392 1932 5458 longeque

358 5487 827 5552 absurdissimum,
884 5500 1049 5540 unum
1111 5485 1393 5551 Dominum
1448 5493 1688 5539 nostrum
1744 5479 1924 5535 Jcsum

358 5576 633 5633 Christum
666 5577 717 5631 in
749 5578 883 5632 duos
911 5576 1051 5631 filios
1093 5574 1364 5644 divellere,
1395 5576 1629 5630 maxime
1677 5588 1797 5628 cum
1841 5587 1928 5626 sa-

426 5769 781 5840 ‘Philipput.
830 5775 912 5838 to,
963 5775 1041 5828 ll.
1122 5776 1331 5830 ἰι-τιν.
1365 5778 1475 5835 μδ.

1556 5775 1720 5828 δίὶοτ.
1761 5792 1848 5842 xv,
1893 5775 1974 5833 l3.

2034 4588 2152 4624 πων
2183 4570 2336 4638 γένος
2369 4573 2396 4624 ὁ
2432 4574 2654 4627 ἐκείνων
2685 4574 2932 4637 θάνατος,
2957 4573 3163 4625 σέσωκε
3193 4572 3248 4623 δὲ
3277 4572 3304 4622 ὁ
3330 4569 3564 4640 Χριστοῦ
3589 4583 3604 4597 ’

2035 4662 2442 4732 προσκεκόμικε
2480 4665 2590 4733 γὰρ
2628 4664 2764 4733 ὑπὲρ
2799 4664 2956 4734 ἡμῶν
2984 4663 3082 4732 τὴν
3112 4661 3246 4714 ἰδίαν
3292 4662 3490 4730 σάρκα,
3517 4659 3611 4712 καὶ

2033 4753 2156 4817 δοὺς
2186 4751 2388 4823 αὐτὴνὶ
2449 4752 2526 4822 τῷ
2555 4753 2771 4822 θανάτῳ
2817 4754 2885 4806 δι’
2928 4753 3096 4823 ἡμᾶς,
3138 4752 3344 4815 πάντας
3377 4750 3609 4816 ἐξείλετο

2031 4844 2141 4896 τῶν
2188 4845 2280 4896 τοῦ
2326 4843 2555 4896 θανάτου
2605 4843 2840 4915 δεσμῶν.
2888 4845 3128 4913 Ἥρκεσε
3182 4842 3288 4913 γὰρ
3344 4838 3423 4904 είς
3469 4840 3609 4910 ὑπὲρ

2033 4934 2254 4987 πάντων
2305 4932 2590 4985 ἀποθανὼν
2647 4938 2675 4988 ό
2726 4936 2942 4991 πάντων
2990 4935 3318 5004 ἀξιώτερος,
3376 4933 3460 4984 ὅτι
3515 4930 3609 4984 καὶ

2035 5023 2198 5094 φύσει
2233 5025 2365 5086 Θεὸς
2394 5026 2420 5076 ὁ
2451 5026 2513 5077 ὲκ
2543 5027 2752 5094 Πατρός
2786 5030 2901 5080 ἐστι
2931 5028 3122 5094 Λόγος,
3153 5021 3248 5078 καὶ
3283 5005 3420 5076 ἴδιοῦ
3443 5018 3606 5074 αὐτοῦ

2036 5113 2216 5180 σῶμα,
2247 5111 2305 5164 τὸ
2331 5113 2470 5184 ὑπὲρ
2506 5114 2662 5185 ἡμῶν
2694 5117 2773 5178 είς
2798 5116 2973 5185 ὀσμὴν
3003 5115 3228 5177 εὐωδίας
3260 5113 3336 5184 τῷ
3363 5111 3480 5180 Θεῷ
3514 5111 3607 5164 καί

2035 5203 2213 5274 Πατρὶ
2246 5205 2806 5274 προσκεκομισμένον.
2856 5205 3064 5258 Οὐκοῦν
3114 5203 3308 5266 ἀσεϐὲς
3331 5243 3344 5265 ,
3376 5201 3470 5254 καί
3501 5200 3610 5252 τῶν

2032 5293 2153 5345 λίαν
2189 5294 2601 5358 ὲκτοπωτάτων,
2634 5295 2694 5347 τὸ
2718 5295 2936 5367 τέμνειν
2965 5297 3041 5360 είς
3076 5293 3224 5356 υίοῦς
3257 5293 3358 5348 δύο
3392 5291 3478 5345 τὸν
3509 5292 3606 5344 ἕνα

2033 5384 2235 5458 Κύριον
2269 5385 2476 5458 Ἰησοῦν
2522 5388 2773 5458 Χριστόν.
2813 5388 3181 5453 ’Λντιτάξεται
3223 5385 3278 5438 δὲ
3311 5385 3492 5446 αὐτοῖς
3515 5381 3609 5434 καὶ

2035 5479 2064 5532 ὁ
2093 5477 2400 5548 σοφώτατος
2436 5478 2647 5541 Παῦλος
2680 5479 2887 5546 λέγων’
2930 5497 2947 5528 ι
2993 5476 3084 5540 Εἷς
3122 5476 3343 5547 Κύριος,
3376 5475 3472 5545 μία
3513 5472 3607 5524 πίο

2035 5588 2172 5635 στις,
2217 5569 2274 5622 ἓν
2307 5571 2611 5642 βάπτισμα.
2652 5589 2673 5624 ι
2710 5571 2774 5626 Εί
2801 5569 2909 5643 γάρ
2953 5571 3066 5623 ἐστι
3103 5567 3306 5639 Κύριος
3339 5559 3417 5629 εἷς
3490 5557 3609 5618 εἶτα
