4082 6464
485 304 590 363 993

1439 308 1811 370 PANOPLIA
1853 308 2309 376 DOGMATICA.
2342 339 2412 349 —
2450 316 2596 375 Tl'l‘.
2640 316 2756 375 λιν.

3643 330 3749 393 9M

477 445 737 513 τέμνουσι
761 465 904 511 τινες
943 451 1022 514 είς
1055 450 1147 504 δύο
1182 450 1330 513 υἱοὺς
1373 450 1463 502 τὸν
1496 450 1614 512 ἕνα,
1658 449 1762 503 τίνι
1809 451 1907 519 τὴν
1952 449 2038 520 τῆς

2171 454 2546 528 pientissimus
2579 456 2778 512 Paulus
2825 460 2946 513 buir
2987 466 3274 519 sententiae
3323 466 3524 521 diserte
3570 474 3743 526 recla-

476 536 797 605 κυριότητος
824 539 980 603 δόξαν
1013 541 1415 611 περιθήσομεν;
1464 538 1572 611 ἆρα
1620 540 1697 611 τῷ
1743 542 1805 592 ἐκ
1843 540 2053 610 Harpe;

474 626 636 693 φύντι
683 629 874 698 Λόγῳ;
912 631 1114 699 πρέπει
1165 631 1275 702 γὰρ
1321 631 1468 700 αὐτῷ
1497 632 1555 685 τὸ
1584 635 1681 701 τῆς
1730 631 2053 701 κυριότητος

472 716 647 785 ὄνομά
672 734 727 769 τε
765 719 1003 786 μάλιστα
1031 720 1121 772 καὶ
1147 719 1358 790 χρῆμα,
1388 721 1483 773 καὶ
1511 719 1656 773 ἔστιν
1695 721 1909 790 ἀληθῶς
1939 719 2050 771 τῶν

471 806 610 859 ὅλων
640 809 940 877 Δεσπότης.
977 805 1110 863 Εἶτα
1144 812 1268 864 ὅποι
1298 812 1427 863 ποτὲ
1455 812 1546 864 τὸν
1575 812 1759 884 ἕτερον
1779 812 2045 883 θήσομενς

471 898 577 961 ἔξω
625 899 735 969 γὰρ
764 901 1008 954 κείσεται
1042 901 1135 955 τοῦ
1164 899 1303 956 εἶναι
1342 903 1565 973 Κύριος,
1593 906 1937 976 παραχωρῶν
1971 904 2048 974 τῷ

470 991 905 1060 προῦπάρχοντι,
947 992 1043 1044 καὶ
1077 993 1425 1064 ἁσυγκρίτως
1462 995 1847 1065 ὑπερηρμένῳ.
1885 994 2046 1047 Ἀ).λὰ

468 1082 548 1152 τῷ
577 1083 642 1134 ἐκ
672 1083 949 1149 γυναικὸς,
980 1083 1055 1146 ὡς
1089 1084 1242 1137 αὐτοί
1284 1102 1447 1153 φασιν
1483 1086 1916 1148 ἁποδιιστάντες,
1948 1084 2047 1147 τὴν

467 1175 567 1242 τῆς
622 1173 941 1243 κυριότητος
991 1174 1270 1244 ἀνάψομεν
1309 1175 1482 1240 δόξαν.
1538 1171 1673 1229 Εἶτα
1725 1176 1842 1239 πῶς
1894 1176 2047 1229 ἔσται

468 1264 672 1331 Κύριος
713 1266 742 1316 ὁ
781 1264 846 1316 ὲκ
885 1264 1021 1317 Θεοῦ
1060 1266 1272 1337 Πατρὸς
1311 1268 1504 1334 Λόγος,
1557 1268 1711 1338 εἴπερ
1745 1267 1895 1329 ὄντος
1927 1267 2046 1329 ἑνὸς

467 1354 693 1422 Κυρίου,
730 1353 871 1405 κατὰ
915 1354 1015 1417 τὰς
1063 1356 1322 1426 Γραφὰς,
1370 1356 1643 1428 ἀνθρώπῳ
1673 1356 1812 1427 ψιλῷ
1849 1358 1910 1409 τὸ
1944 1357 2043 1426 τῆς

465 1444 783 1512 κυριότητος
808 1444 979 1515 ὄνομα
1003 1446 1378 1516 χαριούμεθα;
1428 1448 1551 1510 Πῶς
1589 1448 1644 1501 δὲ
1678 1450 1770 1499 καὶ
1820 1448 1918 1517 μία
1953 1446 2043 1498 πί-

466 1551 618 1597 στις;
648 1534 679 1604 ἢ
711 1535 828 1598 πῶς
853 1535 911 1588 ἓν
935 1536 996 1589 τὸ
1021 1537 1336 1608 βάπτισμα;
1370 1540 1435 1591 Ei
1464 1541 1572 1610 γὰρ
1600 1541 1706 1591 υἱοὶ
1733 1539 1854 1605 δύο,
1903 1538 2043 1593 κατὰ

461 1642 638 1688 τινας,
682 1627 761 1689 είς
801 1626 923 1678 τίνα
972 1629 1335 1698 πιστεύομεν;
1380 1630 1493 1699 Τῆς
1533 1628 1755 1683 ἐκείνων
1802 1628 2040 1699 ἀμαθίας

464 1716 624 1785 ἔργον
665 1716 730 1768 ἂν
762 1715 847 1787 εἴη
879 1716 1079 1783 λέγειν,
1130 1718 1207 1781 εἷς
1238 1736 1291 1787 γι
1346 1720 1492 1783 τίνος
1553 1720 1724 1790 ὄνομα
1775 1717 2039 1791 βεϐαπτί-

463 1806 659 1875 σμεθα,
692 1806 867 1859 καίτοι
900 1806 1276 1878 βαπτίσματος
1314 1810 1464 1875 ὄντος
1494 1813 1632 1874 ἑνός.

2172 560 2298 604 met.
2329 551 2419 605 Ait
2459 552 2601 604 enim
2636 567 2649 603 :
2691 570 2709 601 ι
2754 550 2903 605 Unus
2938 553 3217 621 Dominus,
3255 573 3360 611 una
3398 558 3551 624 ﬁdes,
3579 577 3742 617 unum

2169 640 2434 708 baptisma
2490 643 2526 695 '.
2569 662 2586 693 ι
2625 639 2755 695 Nam
2787 643 2829 696 si
2865 660 3004 697 unus
3042 644 3302 700 duntaxat
3338 658 3419 701 est
3462 648 3741 714 Dominus,

2168 746 2325 799 qttetu
2359 733 2429 785 illi
2467 734 2518 787 itt
2553 734 2685 787 duos
2721 736 2859 788 lilios
2890 735 3199 790 distrahunt
3223 776 3240 801 ,
3269 738 3400 802 utri,
3440 754 3647 807 quaeso.
3673 756 3739 793 ex

2169 822 2275 877 illis
2323 822 2707 878 dominationis
2746 826 2969 894 gloriam
3017 827 3459 895 assignabimus?
3519 834 3600 883 An
3650 831 3740 884 Dei

2168 913 2343 969 Patris
2376 917 2556 983 genito
2588 915 2801 969 Verbo?
2826 917 2878 969 in
2915 916 3058 970 ltunc
3086 934 3336 988 namque,
3364 935 3484 973 eum
3525 923 3740 975 univer-

2165 1019 2345 1057 sorum
2375 1004 2633 1058 Dominus
2666 1006 2839 1073 reipsa
2872 1006 2976 1068 sit,
3003 1014 3056 1060 et
3090 1009 3395 1062 dominatus
3425 1024 3652 1073 nomen,
3684 1020 3740 1064 ct

2166 1110 2253 1150 res
2288 1096 2403 1162 ipsa
2436 1111 2652 1165 quoque
2686 1098 2853 1151 multo
2888 1101 3120 1155 maxime
3148 1102 3423 1153 convenit.
3459 1101 3604 1155 Cedo
3640 1119 3735 1154 att-

2165 1195 2296 1249 tetn,
2337 1204 2443 1254 quo
2473 1188 2686 1241 interim
2740 1190 2856 1242 loco
2908 1189 3134 1243 alterum
3185 1190 3333 1243 illum
3374 1191 3738 1245 habebimus?

2160 1275 2294 1329 Nam
2331 1292 2451 1330 cum
2503 1278 2591 1332 bie
2634 1277 2797 1347 priori
2850 1279 2953 1343 illi,
3000 1287 3186 1348 utpote
3235 1280 3459 1335 infinitis
3491 1280 3736 1349 partibus

2159 1367 2468 1433 excelsiori,
2505 1368 2626 1436 jure
2662 1369 2963 1437 meritoque
3009 1384 3260 1425 cessurus
3305 1372 3393 1435 sit,
3446 1387 3730 1427 necessum

2159 1468 2244 1512 est
2303 1468 2362 1512 ut
2408 1460 2791 1513 dominationis
2846 1459 3055 1513 titulum
3107 1476 3330 1528 prorsus
3378 1464 3609 1516 amittat.
3665 1466 3735 1517 Αι

2158 1550 2543 1604 dominationis
2575 1550 2780 1621 gloria,
2827 1561 2883 1603 ut
2924 1552 2997 1604 illi
3045 1552 3143 1620 ipsi
3183 1553 3273 1620 qui
3315 1564 3588 1622 separant,
3647 1555 3732 1607 di-

2157 1652 2311 1705 cunt,
2345 1656 2373 1694 ο
2410 1643 2633 1695 muliere
2665 1651 2928 1713 prognato
2960 1643 3246 1696 tribuetur.
3277 1642 3410 1697 Cum
3452 1643 3616 1711 igitur
3644 1660 3731 1697 sa-

2156 1748 2370 1785 crarunt
2426 1732 2754 1785 Litterarum
2812 1733 3331 1795 testitn0uio,~unus
3384 1744 3594 1788 tantum
3656 1736 3731 1789 sit

2087 1801 2125 1854 Β
2160 1823 2451 1887 Dominus;
2488 1824 2532 1876 si
2563 1822 2948 1878 dominationis
2991 1824 3306 1878 vocabulum
3341 1828 3483 1881 nudo
3518 1827 3729 1881 homini

467 1902 834 1970 impartimur,
904 1908 1183 1974 quomodo
1220 1907 1315 1963 Dei
1346 1908 1522 1962 Patris
1580 1910 1814 1965 Verbum
1871 1912 2263 1968 dominationis
2307 1918 2672 1985 appellatione
2717 1920 3559 1989 eobonestabimus‘!Quomodo
3606 1938 3726 1975 rur-

467 2010 588 2049 sum
622 2013 727 2051 una
785 1998 893 2053 erit
950 1999 1101 2066 fides,
1139 2012 1195 2058 et
1230 2019 1397 2057 unum
1435 2004 1561 2058 item
1591 2004 1896 2073 baptisma?
1920 2006 2053 2059 Nam
2086 2007 2128 2060 si
2162 2007 2272 2061 duo
2316 2020 2443 2064 sunt
2480 2010 2597 2078 lilii,
2659 2021 2716 2066 ut
2778 2013 2993 2080 quidam
3023 2016 3338 2082 opinantur,
3372 2016 3425 2068 in
3457 2029 3617 2082 quem
3655 2026 3723 2065 ex

468 2095 577 2150 illis
610 2097 931 2153 credimus?
968 2097 1184 2154 Illorum
1237 2100 1467 2154 inscitia:
1535 2101 1863 2164 critdirere,
1902 2103 1954 2154 in
2008 2103 2167 2174 cujus
2200 2104 2365 2158 etiam
2410 2107 2634 2162 nomine
2689 2109 2947 2179 baptizati
2999 2126 3207 2177 sumus,
3260 2125 3382 2164 cum
3440 2124 3608 2162 unum
3653 2111 3726 2160 sit

463 2195 753 2264 baptisma.
834 2198 841 2205 ”

550 2293 692 2346 Ἀλλ’
732 2293 831 2364 ἐρᾷ
870 2312 971 2348 που
1009 2296 1225 2356 πάντως
1272 2296 1303 2362 ἠ
1353 2296 1411 2345 ὲν
1455 2294 1586 2363 ὑμῖν
1636 2293 1887 2363 ἀγχίνοια
1942 2309 2037 2353 με-

462 2389 661 2442 θύοντα
692 2404 752 2440 τε
792 2389 884 2439 τὸν
929 2388 1021 2439 ἐπὶ
1070 2387 1242 2454 τούτῳ
1279 2386 1456 2453 λόγον,
1488 2389 1583 2439 καὶ
1613 2387 2039 2453 κατασειόμεον

462 2478 540 2539 ei;
586 2494 649 2545 γε
684 2479 746 2530 τὸ
795 2477 1047 2542 ἀκαλλὲς,
1088 2478 1289 2547 μᾶλλον
1338 2479 1437 2548 ἥδη
1481 2480 1573 2532 καὶ
1615 2478 1748 2545 πρὸς
1799 2476 2039 2546 ἐσχάτην

464 2570 721 2623 ἀτέὖειαν
742 2570 1135 2623 ἀποννευκότα.
1162 2566 1333 2639 Οἶμαι
1363 2571 1421 2622 δὲ
1450 2571 1564 2623 δεῖν
1595 2571 1760 2640 ὑμᾶς,
1787 2569 1849 2621 τὸ
1895 2570 2045 2623 θεῖον

474 2660 640 2715 αὑτοῦ
687 2664 1252 2732 πολυπραγμονούσας
1301 2669 1616 2735 μυστήριον,
1663 2666 1773 2729 ὀξεῖ
1813 2666 2049 2728 διανοίας

472 2751 682 2821 ὄμματι
726 2751 963 2821 καθορᾲν
1008 2753 1135 2815 τοὺς
1186 2756 1551 2824 συναρπάζειν
1588 2756 1902 2820 ἐθέλοντας,
1948 2757 2041 2810 καὶ

476 2844 814 2908 προσωπεῖον
845 2842 946 2912 μὲν
998 2844 1218 2907 εὐσεϐὲς
1253 2848 1367 2908 τοῖς
1398 2846 1549 2911 ἰδίοις
1578 2849 2043 2919 περιπλάττοντας

474 2930 673 2998 λόγοις,
707 2931 911 3001 βολίδος
934 2950 996 3001 γε
1025 2934 1131 3004 μὴν
1161 2936 1377 3005 ἁπάσης
1418 2936 1671 3008 ὀξύτερον
1694 2939 1914 3009 ἔχοντας
1942 2941 2042 2993 αὺ-

472 3022 617 3084 τούς.
659 3022 973 3091 Ἀρνοῦντσι
1010 3024 1109 3094 μὲν
1140 3025 1268 3095 γὰρ,
1308 3028 1431 3080 ὅσον
1460 3023 1596 3099 ἧκεν
1624 3030 1797 3084 εἰπεῖν
1826 3034 1906 3095 είς
1947 3033 2041 3085 δύ-

2218 2294 2473 2364 lntelligit
2525 2295 2812 2363 pru.lentia
2864 2304 3043 2348 vestra
3104 2294 3424 2364 perspicue,
3480 2293 3726 2347 insanam

2146 2386 2287 2440 banc
2352 2384 2654 2439 doctrinam
2711 2385 2764 2438 itt
2821 2400 3069 2455 magnam
3125 2384 3518 2437 absurtlitatetn
3575 2383 3731 2435 i-ncli-

2145 2492 2299 2541 nare,
2352 2477 2461 2530 imo
2494 2491 2622 2529 vero
2652 2476 2704 2529 in
2748 2486 3049 2530 extremam
3086 2476 3422 2545 impietatem
3485 2475 3733 2543 praecipi-

2110 2604 2113 2607 -
2144 2578 2250 2623 tem
2291 2567 2444 2622 ferri.
2478 2565 2743 2622 Existimo
2786 2574 2965 2624 autem
2998 2583 3115 2631 vos,
3145 2582 3266 2636 qum
3306 2567 3551 2620 divinum
3600 2565 3732 2619 illud

2153 2668 2351 2721 Christi
2404 2668 2726 2737 mysterium
2780 2668 3083 2718 accuratius
3132 2663 3459 2733 expettdilis,
3513 2660 3720 2729 perspi-

2148 2760 2261 2815 caci
2294 2762 2490 2814 mentis
2527 2761 2686 2816 oculo
2725 2760 2843 2813 illos
2878 2760 3274 2819 internoscere,
3314 2754 3402 2822 qui
3452 2754 3719 2821 imposta-

2146 2866 2263 2906 ram
2293 2852 2607 2917 moliuntur,
2638 2850 2980 2918 orationique
3021 2862 3130 2902 sua:
3180 2847 3394 2916 pietatis
3432 2857 3717 2912 personam

2146 2941 2430 3007 inducunt,
2466 2957 2587 2995 cum
2616 2940 2806 3011 quovis
2840 2939 3058 2992 interim
3092 2931 3557 3001 venenatojaculo
3598 2945 3716 2983 ma-

2144 3031 2229 3100 gis
2268 3029 2467 3084 feriant
2495 3044 2510 3083 :
2545 3045 2666 3083 nant
2695 3028 2737 3083 si
2768 3028 2911 3096 quod
2942 3042 3026 3080 res
3050 3026 3161 3093 ipsa
3188 3031 3291 3085 est,
3327 3022 3501 3090 palam
3531 3019 3712 3071 dit-ere

473 3129 637 3181 ναμιν
662 3114 922 3180 ἀληθείας
944 3155 960 3177 ,
1015 3116 1109 3168 τὸν
1138 3117 1486 3185 ἀγοράσαντα
1516 3117 1712 3182 αὐτοὺς
1740 3123 2038 3192 Δεσπότην,

2145 3122 2293 3185 licet,
2348 3120 2632 3175 Dominum
2689 3119 2778 3187 qui
2829 3133 2922 3171 eos
2971 3116 3217 3177 redemit,
3268 3114 3366 3166 hoc
3410 3120 3513 3174 est,
3550 3107 3713 3161 Citri-

473 3201 720 3255 τουτέστι
747 3203 1005 3272 Χριστόν.
1038 3205 1282 3269 Δεδιὸτες
1326 3207 1382 3259 δὲ
1428 3207 1535 3261 τῶν
1580 3208 1821 3262 εὐσεϐεῖν
1853 3212 2041 3265 εἰωθό-

470 3307 581 3343 των
619 3291 719 3354 τὰς
764 3292 860 3345 ἐπὶ
889 3293 1026 3364 τῷδε
1107 3294 1319 3360 λύπας,
1377 3298 1470 3352 καὶ
1515 3300 1697 3370 μέντοι
1741 3300 1901 3371 ζῆλον
1952 3304 2042 3354 τὶν

469 3383 797 3449 ἁξιὰγαστον
827 3423 838 3447 ,
873 3385 1252 3455 ὁμολογοῦσιν,
1293 3390 1377 3442 ὅτι
1425 3390 1518 3442 καὶ
1561 3390 1693 3454 Θεός
1735 3393 1880 3444 ἐστιν
1917 3395 1945 3445 ὁ
1978 3396 2041 3445 ἐκ

468 3472 569 3542 τῆς
615 3474 776 3542 ἁγίας
805 3476 1083 3545 Παρθένου
1112 3480 1532 3549 γεγεννημένος,
1567 3482 1658 3534 καὶ
1687 3483 1793 3552 μὴν
1834 3483 1916 3535 ὅτι
1947 3485 2039 3536 καὶ

470 3562 674 3633 Κύριος
700 3603 715 3628 ,
773 3564 866 3618 καὶ
913 3566 1043 3630 Υἱὸς
1090 3566 1186 3620 τοῦ
1228 3567 1385 3622 Θεοῦ.
1429 3570 1538 3622 Καὶ
1580 3572 1628 3623 εἰ
1675 3572 1773 3641 μέν
1808 3589 1889 3635 τις
1930 3573 2038 3627 τῶν

478 3652 669 3706 ἁπλῶν
696 3655 821 3719 τοὺς
853 3658 982 3728 παρ’
1012 3657 1191 3711 αὐτῶν
1232 3658 1453 3729 δέξηται
1482 3660 1696 3730 λόγους,
1719 3668 1895 3731 νομιεῖ
1911 3684 2035 3729 που,

469 3742 610 3794 κατὰ
630 3742 690 3797 τὸ
732 3745 901 3811 εἰκὸς,
944 3746 1079 3817 ὀρθὰ
1107 3750 1201 3801 καὶ
1231 3749 1416 3803 εἰκότα
1445 3750 1642 3819 λέγειν,
1673 3752 1765 3806 καὶ
1792 3758 1904 3819 τοῖς
1937 3756 2039 3825 τῆς

466 3833 729 3904 ἀληθείας
762 3837 862 3892 οὐκ
894 3839 1169 3911 ἀπᾴδοντα
1190 3841 1477 3912 δόγμασιν.
1508 3844 1570 3897 Εἰ
1590 3845 1645 3898 δὲ
1671 3846 1733 3916 δή
1757 3865 1841 3911 τις
1864 3848 2037 3901 ἕλοιτο

468 3928 795 3998 κατισχνοῦν
849 3933 970 3995 ταῖς
1009 3931 1259 4003 ὲρεύναις
1308 3934 1541 3999 αὐτοὺς,
1595 3939 1690 3990 καὶ
1738 3938 1798 3991 τὸ
1833 3940 2032 4011 ἀκριεῆ

470 4021 740 4072 ποιεῖσθαι
785 4020 891 4075 τῶν
931 4024 1237 4094 εἰρημένων
1268 4025 1365 4097 τὴν
1414 4026 1667 4097 βάσανον,
1702 4031 1799 4101 οὐχ
1836 4031 2037 4084 ἁπλοῦν

468 4107 709 4179 εὑρήσει.
735 4111 858 4165 Εἰσὶ
884 4112 981 4183 μὲν
1011 4114 1119 4184 γὰρ
1145 4115 1256 4169 θεοὶ
1285 4117 1492 4183 πολλοὶ,
1521 4120 1614 4172 καὶ
1643 4120 1823 4193 κύριοι
1857 4123 2040 4177 πολλοὶ

467 4197 523 4252 ἐν
556 4217 618 4253 τε
652 4200 867 4272 οὐρανῷ
900 4204 994 4256 καὶ
1021 4204 1115 4257 ἐπὶ
1148 4206 1246 4276 τῆς
1270 4208 1393 4275 γῆς,
1417 4209 1558 4263 καθὰ
1592 4213 1685 4265 καὶ
1712 4214 1740 4265 ὁ
1771 4215 2039 4285 μακάριος

468 4289 600 4358 ἡμῖν
635 4292 836 4360 γράφει
870 4291 1099 4356 Παῦλος.
1142 4313 1161 4347 ι
1209 4295 1369 4349 Ἀλλὰ
1408 4298 1538 4367 ἡμῖν
1577 4297 1656 4363 εἷς
1702 4302 1833 4364 Θεὸς
1861 4304 1888 4353 ὁ
1921 4304 2034 4355 ria...

463 4381 567 4451 τὴρ
588 4421 603 4443 ,
648 4382 709 4445 ἐξ
735 4378 794 4437 οῦ
824 4384 891 4437 τὰ
928 4384 1105 4438 πάντα
1127 4425 1141 4449 ,
1191 4387 1286 4440 καὶ
1320 4389 1480 4458 ἡμεῖς
1506 4391 1585 4452 είς
1610 4392 1802 4446 αὐτόν·
1835 4396 1929 4457 καὶ
1957 4390 2037 4458 εἷς

2144 3219 2309 3274 stum,
2370 3210 2699 3264 inﬁciantur.
2760 3207 3151 3261 Verumtamen
3217 3203 3425 3270 piorum
3470 3200 3538 3252 ob
3577 3199 3713 3250 hanc

2146 3318 2257 3356 rem
2308 3301 2695 3366 oﬂ‘ensionetn,
2753 3299 3036 3366 zelumque
3089 3292 3432 3347 aunnlatiuue
3493 3289 3713 3354 dignum

2146 3404 2469 3458 metuentes,
2502 3410 2623 3446 eutn
2659 3391 2748 3462 qtti
2785 3406 2848 3443 ex
2885 3404 3037 3443 saera
3078 3384 3291 3456 Virgine
3323 3392 3480 3436 natus
3514 3390 3594 3433 est
3616 3416 3630 3440 ,
3660 3387 3715 3430 et

2145 3486 2307 3539 Deum
2343 3500 2395 3539 et
2422 3484 2731 3545 Dominum,
2762 3492 2815 3537 et
2862 3481 2953 3535 Dei
2992 3479 3182 3532 Filium
3212 3490 3334 3531 esse
3365 3473 3706 3542 proﬁtentur.

2142 3573 2294 3639 Quod
2326 3573 2369 3626 si
2417 3574 2507 3641 qui
2556 3587 2619 3625 ex
2668 3569 2979 3625 radioribus
3030 3568 3239 3620 illorum
3271 3576 3545 3619 sermones
3579 3559 3715 3611 forte

2143 3663 2417 3727 hauriunt,
2444 3673 2588 3717 recta
2615 3678 2759 3724 mox,
2782 3670 2835 3711 ιιι
2875 3658 3152 3728 probabile
3184 3666 3287 3718 est,
3308 3664 3359 3707 et
3517 3664 3713 3704 conve-

2142 3754 2361 3817 nientia,
2398 3765 2451 3806 et
2475 3767 2593 3821 quae
2628 3768 2655 3804 ε
2694 3752 2919 3804 veritate
2949 3766 3051 3802 non
3089 3744 3449 3805 dissentiant,
3481 3742 3599 3793 illos
3636 3740 3711 3790 lo-

2138 3844 2229 3911 qui
2258 3841 2612 3894 arbitrantur.
2661 3840 2858 3892 Verunt
2896 3840 2984 3907 qui
3029 3837 3170 3889 dicta
3220 3834 3430 3887 illorum
3469 3830 3712 3883 exat-tius

2139 3943 2570 4001 perscrutantur,
2603 3931 2843 4001 etjustis
2875 3929 3203 4000 ponderibus
3252 3925 3587 3985 examinant,
3627 3921 3711 3972 ni-

2142 4024 2213 4076 ltil
2262 4040 2363 4077 non
2406 4026 2643 4077 l'ttcatutn
2683 4038 2745 4075 ac
2799 4022 3109 4090 perplexum
3166 4016 3506 4085 cetnperiunt
3537 4030 3552 4066 :
3587 4020 3714 4065 sunt

2138 4116 2280 4171 enim
2312 4115 2380 4169 dii
2419 4114 2569 4169 tnulli
2608 4122 2663 4170 et
2714 4112 2914 4168 domini
2964 4109 3134 4174 multi,
3179 4120 3232 4163 et
3279 4109 3330 4161 in
3380 4105 3517 4160 coelo
3555 4115 3610 4158 et
3658 4105 3709 4155 in

2138 4216 2302 4270 terra,
2329 4206 2781 4276 quemadmodum
2819 4204 3031 4256 divinus
3068 4200 3263 4255 Paulus
3308 4197 3569 4263 scriptum
3610 4209 3715 4246 uo-

2137 4299 2219 4352 bis
2255 4300 2513 4367 reliquit:
2563 4314 2581 4348 ι
2627 4296 2791 4349 Nobis
2831 4305 3007 4348 tamen
3055 4309 3193 4347 unus
3229 4300 3308 4347 est
3353 4291 3487 4342 Dens
3529 4287 3707 4347 Pater,

2135 4403 2201 4443 ex
2233 4404 2338 4457 quo
2363 4389 2567 4454 omnia,
2604 4397 2658 4440 et
2707 4401 2803 4441 nos
2850 4386 2901 4439 in
2946 4385 3137 4439 illum:
3184 4392 3238 4437 et
3277 4395 3416 4435 unus
3455 4377 3708 4430 Dominus

464 4470 667 4541 Κύριος
704 4473 910 4543 Ἰησοῦς
938 4474 1195 4545 Χριστὸς,
1219 4475 1288 4527 δι’
1316 4470 1376 4531 οῦ
1406 4479 1475 4531 τὰ
1507 4479 1706 4543 πάντα,
1751 4484 1846 4534 καὶ
1874 4484 2035 4552 ἡμεῖς

2144 4490 2319 4533 noster
2351 4477 2507 4532 Jesus
2540 4477 2807 4543 Christus,
2844 4490 2936 4545 per
2969 4490 3128 4543 quem
3159 4473 3361 4533 omnia,
3398 4476 3446 4523 et
3488 4482 3583 4520 nos
3612 4478 3707 4533 per

461 4561 530 4614 δι’
561 4563 745 4616 αὐτοῦ.
772 4582 791 4615 ι
825 4565 970 4635 Πλὴν
998 4566 1127 4619 ὅταν
1155 4566 1361 4635 Ἰησοῦν
1386 4570 1619 4640 Χριστὸν
1649 4571 2029 4643 ὀνομάζωμεν,

457 4650 551 4705 τὸν
594 4653 660 4704 ὲκ
702 4652 836 4706 Θεοῦ
884 4655 1099 4725 Πατρὸς
1149 4658 1321 4726 Λόγον
1369 4660 1428 4711 ira
1473 4659 1790 4733 ἀνθρωπεία
1849 4669 2031 4736 μορφῇ

461 4742 740 4812 πεφηνότα
773 4746 1130 4816 σημαίνομεν,
1156 4749 1253 4802 οὐκ
1278 4752 1336 4802 ὲν
1362 4751 1579 4822 χάριτος
1616 4755 1771 4824 μέρει
1809 4758 1902 4808 καὶ
1932 4758 2031 4808 ἐπη

458 4834 624 4887 ακτὸν
675 4834 873 4901 ἔξωθεν
922 4836 1114 4906 ἔχοντα
1160 4839 1218 4893 τδ
1260 4838 1507 4911 ἀξίωμα,
1553 4842 1688 4897 ἁλλὰ
1718 4844 1846 4899 ὄντα
1877 4847 2032 4900 τοῦτο

460 4923 598 4977 κατὰ
628 4924 908 4994 ἀλήθειαν,
955 4928 1093 4999 ὅπερ
1136 4924 1279 4983 εἶναι
1319 4931 1695 4987 πεπίστευται.
1742 4935 1873 4998 Θεὸς
1923 4938 2030 5008 γὰρ

455 5014 530 5067 ὦν
558 5015 717 5084 φύσει
749 5018 841 5070 καὶ
869 5018 991 5088 δίχα
1031 5020 1252 5090 σαρκὸς,
1289 5021 1566 5091 μεμένηκε
1595 5022 1726 5087 Θεὸς
1765 5026 1858 5078 καὶ
1892 5027 2030 5096 μετά

457 5107 692 5177 σαρκός·
726 5107 821 5161 καὶ
864 5110 990 5173 Υἱὸς
1017 5110 1091 5163 ὢν
1121 5111 1280 5179 φύσει
1314 5113 1407 5166 καὶ
1459 5115 1564 5185 πρὸ
1600 5117 1819 5187 σαρκὸς,
1856 5119 2029 5189 μεμέ-

463 5211 618 5265 δηκεν
643 5195 771 5259 Υἱὸς
814 5196 910 5250 καὶ
947 5198 1085 5268 ὅπερ
1113 5196 1130 5236 1
1165 5198 1354 5268 γέγονε
1399 5199 1569 5269 σάρξ·
1600 5202 1692 5254 καὶ
1719 5204 1921 5273 Κύριος
1954 5203 2030 5260 ὢν

457 5285 672 5357 ἀληθῶς
710 5287 820 5340 τῶν
852 5289 1008 5355 ὅλων,
1043 5290 1100 5353 ὲν
1148 5291 1325 5362 τοιᾷδε
1372 5292 1534 5345 πάλιν
1582 5294 1772 5364 ὁρᾶται
1816 5296 1942 5370 δόξῃ
2012 5336 2026 5360 ,

460 5378 552 5432 καὶ
580 5380 638 5430 ὲν
667 5379 1052 5452 ἁνθρωπότητι
1081 5381 1340 5450 γεγονώς.
1365 5382 1573 5436 Οὐκοῦν
1603 5388 1650 5436 εί
1679 5385 1809 5440 Θεὸν
1840 5387 2030 5457 ἀληθι-

456 5467 548 5522 νὸν
582 5465 720 5523 εἶναι
752 5470 968 5538 λέγουσι
1004 5472 1096 5525 τὸν
1123 5473 1187 5526 ὲκ
1213 5474 1311 5543 τῆς
1341 5473 1501 5541 ἁγίας
1538 5476 1812 5548 Παρθένου
1837 5494 2029 5547 γεγεν-

457 5558 711 5629 νημένον,
752 5562 1000 5616 τουτέστι
1026 5561 1116 5617 τὸν
1145 5563 1209 5617 ὲκ
1243 5563 1376 5617 Θεοῦ
1410 5564 1621 5636 Πατρὸς
1659 5565 1854 5636 Λόγον,
1891 5568 2029 5624 κατὰ

542 5748 556 5776 ⁸
584 5743 777 5813 Epltes.
814 5755 885 5807 IV,
917 5740 971 5797 5.

2134 4570 2310 4638 ipsum
2332 4569 2403 4621 "°.
2442 4588 2460 4619 ι
2494 4569 2758 4623 Caeterum
2803 4581 2923 4621 cum
2967 4566 3058 4620 Dei
3109 4564 3286 4616 Patris
3314 4560 3549 4614 Verbum
3598 4555 3708 4609 hu-

2135 4675 2290 4712 mana
2327 4658 2496 4712 forma
2529 4659 2800 4721 indutum,
2831 4656 3012 4710 Jesum
3041 4654 3315 4710 Christum
3341 4652 3704 4711 nominamus,

2132 4752 2449 4819 dignitatem
2487 4751 2768 4813 ilﬂllCJlOﬂ
2808 4751 3014 4802 muneri
3050 4747 3255 4808 datam,
3288 4754 3380 4797 aut
3413 4743 3460 4796 ei
3493 4741 3702 4795 extrin-

2131 4855 2287 4895 secus
2322 4840 2674 4893 advcntitiam
2713 4836 2972 4907 obtigisse
3006 4833 3405 4904 signiﬁcamus;
3441 4830 3533 4884 sed
3562 4830 3706 4897 quod

2131 4932 2395 4987 creditum
2429 4940 2513 4985 est
2542 4943 2684 4993 esse,
2721 4930 2823 4983 hoc
2859 4929 3030 4997 ipsum
3074 4924 3376 4981 secundum
3424 4921 3705 4976 veritatem

2131 5034 2251 5076 esse
2276 5021 2597 5075 iudicamus.
2625 5018 2758 5073 Nam
2787 5033 2909 5073 cum
2944 5025 3098 5073 extra
3127 5029 3348 5071 carnem
3390 5024 3578 5083 suapte
3611 5029 3708 5068 na-

2134 5123 2256 5167 tura
2296 5112 2435 5167 Deus
2467 5120 2634 5176 csset,
2667 5120 3024 5182 posteaquam
3073 5121 3289 5163 carnem
3341 5107 3532 5170 induit,
3568 5105 3707 5161 Dens

2120 5220 2251 5260 esse
2288 5220 2392 5259 non
2438 5204 2666 5258 destitit.
2726 5200 2957 5257 Rursum
3016 5216 3142 5255 cum
3195 5209 3320 5253 ante
3375 5205 3704 5265 assutnptam

2135 5309 2356 5351 carnem
2413 5295 2679 5349 naturalis
2730 5294 2822 5349 Dei
2880 5292 3052 5348 Filius
3091 5301 3265 5356 esset,
3313 5290 3529 5359 quando
3574 5301 3706 5341 caro

2127 5387 2237 5457 jam
2268 5387 2465 5442 factum
2503 5394 2609 5451 est,
2643 5385 2762 5441 Filii
2796 5386 3060 5441 rationem
3093 5398 3197 5438 non
3233 5382 3434 5434 amisit.
3462 5377 3702 5431 Tandem

2129 5496 2253 5536 cum
2278 5480 2654 5535 universorum
2691 5478 2950 5534 Dominus
2981 5487 3105 5531 ante
3147 5473 3461 5530 exsisteret,
3496 5477 3706 5536 postea-

2129 5586 2290 5642 quam
2321 5570 2558 5625 humana
2590 5578 2782 5624 natura
2810 5574 3059 5623 ornatum
3088 5560 3310 5634 prodiit,
3336 5559 3404 5612 ab
3425 5570 3491 5612 eo
3513 5555 3705 5609 ordine
