4082 6460
445 327 559 391 997

1408 329 1785 390 PANDPLIA
1822 329 2288 394 DOGMATICA.
2330 359 2400 372 —
2438 335 2584 398 TIT.
2630 339 2751 400 XV.

3615 341 3721 405 998

444 442 684 513 αἵματος
710 441 805 495 καὶ
845 442 1073 513 σαρκὸς,
1111 428 1250 496 ἵναὸ
1275 440 1406 505 Θεὸς
1440 442 1873 514 ἐνανθρωπήσας
1914 440 2021 510 νοῆε

2150 439 2350 498 factum
2375 456 2481 513 est,
2507 457 2561 501 ut
2599 448 2919 506 Deuslromo
2944 448 3117 504 factus
3144 458 3197 505 et
3234 466 3450 504 carnem
3482 464 3728 517 assump‘

440 549 557 594 ται,
588 532 686 585 καὶ
728 530 829 601 τὴν
857 531 1135 601 ἡμετέραν
1177 532 1357 601 σάρκα
1389 530 1592 596 λαϐὼν,
1635 531 1728 583 καὶ
1762 529 1899 583 ἰδίαν
1924 528 2029 585 αὖ·

443 622 541 676 τοῦ
577 622 966 692 ποιησάμενος,
1000 622 1107 686 ἵνα,
1143 622 1396 694 καθάπερ
1433 624 1461 676 ὁ
1489 623 1611 676 καθ’
1635 624 1778 692 ἡμᾶς
1809 621 2035 691 νοούμε-

448 731 539 777 νος
569 712 859 784 ἄνθρωπος
888 714 952 768 ὲκ
973 713 1151 783 ψυχῆς
1180 718 1274 767 καὶ
1302 713 1555 783 σώματος
1587 711 1667 777 εἷς
1696 715 1864 779 ἔστιν,
1884 713 2032 768 οὕτω

448 804 546 858 καὶ
573 805 735 868 αὐτὸς
761 798 840 867 εἷς
863 804 1200 875 ὁμολογῆται
1229 806 1497 877 ὑπάρχειν
1525 806 1651 869 Υἱὸς
1670 809 1767 861 καὶ
1800 806 2026 878 Κύριος.

454 894 573 948 Μία
596 893 705 962 γὰρ
736 893 1083 964 ὁμολογεῖται
1113 893 1271 964 φύσις
1302 895 1592 963 ἀνθρώπου
1615 896 1711 950 καὶ.
1743 895 2024 960 σύστασις,

445 985 552 1036 κᾶν
570 987 635 1036 ὲκ
657 984 935 1055 διαφόρων
973 986 1161 1053 νοῆται
1184 986 1280 1041 καὶ
1312 988 1629 1056 ἑτεροειδῶν
1662 989 2025 1058 πραγμάτων.

458 1073 785 1144 Ἐτεροφυὲς
808 1073 906 1142 μὲν
925 1076 1033 1145 γὰρ
1053 1077 1499 1147 ὁμολογουμένως
1514 1080 1589 1141 ὡς
1607 1082 1742 1149 πρός
1762 1097 1823 1146 γε
1844 1081 2027 1150 ψυχὴν

442 1164 507 1215 τὸ
533 1163 695 1231 σῶμά
717 1165 864 1217 ἐστιν
883 1181 898 1196 ο
916 1165 1037 1218 »ἀλλ’
1057 1166 1186 1218 ἴδιον
1206 1168 1375 1236 αὐτῆς
1393 1172 1486 1221 καὶ
1510 1171 2025 1225 συναποτελεπικὸν

441 1255 546 1322 τῆς
581 1255 932 1319 ὑποστάσεως
951 1255 1047 1310 τοῦ
1081 1259 1201 1320 ἑνὸς
1228 1259 1539 1328 ἀνθρώπου.
1565 1262 1674 1315 Καὶ
1695 1263 1771 1332 νῷ
1803 1263 1901 1331 μὲν
1928 1264 2026 1317 καὶ

443 1345 654 1416 θεωρία
686 1346 746 1398 τὸ
774 1347 1031 1418 διάφορον
1057 1349 1169 1403 τῶν
1201 1349 1610 1422 ὠνομασμένων
1642 1354 1743 1408 οὐκ
1773 1356 2025 1425 ἁσυμφα-

443 1438 554 1499 veg,
584 1439 618 1507 ἡ
652 1437 711 1491 δέ
758 1456 816 1505 γε
846 1441 1084 1509 σύνοδος,
1109 1444 1228 1515 ἦτοι
1260 1445 1558 1515 συνδρομὴ,
1589 1446 1648 1498 τὸ
1694 1448 2023 1516 ἁδιάτμητον

441 1525 665 1595 ἔχουσα,
696 1527 754 1580 ἓν
799 1530 1053 1584 ἀποτελεῖ
1102 1532 1243 1596 ζῶον
1280 1535 1371 1587 τὸν
1400 1535 1705 1604 ἄνθρωπον.
1758 1536 1814 1587 ⁸0
1842 1538 2021 1589 τοίνυν

440 1619 745 1691 μονογενὴς
767 1621 861 1673 τοῦ
887 1622 1023 1676 Θεοῦ
1050 1624 1222 1692 Λόγος
1250 1626 1352 1679 οὐκ
1382 1626 1667 1697 ἄνθρωπον
1695 1629 2021 1699 προσλαῦὼν

444 1708 715 1779 προῆλθεν
743 1710 1063 1783 ἅνθρωπος,
1098 1715 1255 1783 ἀλλὰ,
1290 1719 1383 1771 καί
1406 1736 1486 1770 τοι
1511 1718 1609 1790 τὴν
1645 1722 1709 1772 ἐκ
1738 1722 1870 1773 Θεοῦ
1910 1722 2021 1775 Πα-

439 1798 575 1868 τρὸς
608 1800 924 1873 ἀπόρρητον
958 1804 1097 1876 ἔχων
1145 1809 1419 1879 γέννησιν,
1449 1812 1537 1864 διὰ
1575 1813 1669 1865 τοῦ
1722 1814 1881 1879 ἁγίου
1927 1817 2020 1867 καὶ

440 1893 730 1961 ὁμοουσίου
785 1895 1102 1967 Πνεύματος
1163 1902 1338 1972 ἑαυτῷ
1393 1903 1805 1975 δημιουργήσας
1868 1907 2017 1972 ναὸν,

384 2016 405 2026 ο
440 1985 666 2055 γέγονεν
698 1988 1007 2059 ἄνθρωπος.
1040 1993 1333 2065 Τοιγάρτοι
1364 1996 1456 2049 καὶ
1489 1988 1569 2059 εἷς
1598 1999 1819 2051 νοεῖται.

444 2102 559 2156 Τοῦ
597 2102 786 2157 αὐτοῦ
823 2104 892 2158 ἐκ
923 2104 1031 2180 τοῦ
1061 2106 1213 2176 πρὸς
1250 2109 1395 2174 τοὺς
1436 2110 1882 2180 πρεσϐυτέρους
1920 2112 2019 2166 καὶ

955 2177 1278 2244 διακόνους
1301 2182 1502 2249 λόγου.

513 2263 844 2335 Γεγέννηται
879 2266 978 2337 μὲν
1012 2269 1461 2339 ὁμολογουμένως
1490 2270 1550 2336 ἐξ
1597 2272 1767 2340 αὐτῆς
1799 2273 1898 2342 τῆς
1929 2274 2021 2327 00‘-

439 2356 565 2419 σίας
594 2357 688 2412 τοῦ
738 2357 950 2428 Πλατρδς
980 2363 1008 2414 ὁ
1060 2360 1171 2424 ζῶν
1202 2378 1261 2414 τε
1292 2365 1394 2416 καὶ
1448 2364 1811 2429 ἐνυπόστατος
1852 2366 2018 2420 αὑτοῦ

439 2448 638 2517 Λόγος,
682 2452 743 2502 ὲν
791 2451 1040 2520 ἐσχάτοις
1078 2452 1135 2505 δὲ
1190 2454 1286 2507 τοῦ
1337 2455 1534 2519 αἰῶνος
1561 2460 1793 2526 καιροῖς,
1831 2460 2019 2530 ἐπειδὴ

438 2541 632 2608 γέγονε
669 2542 823 2611 σὰρξ,
860 2544 1140 2598 τουτέστιν
1178 2545 1363 2617 ἡνώθη
1397 2549 1561 2618 σαρκὶ
1594 2549 1771 2620 ψυχὴν
1820 2552 2018 2624 ἐχούσῃ

440 2634 543 2703 τὴν
572 2632 815 2703 λογιγὴν,
851 2637 1210 2708 γεγεννῆσθαι
1238 2638 1458 2706 λέγεται
1488 2643 1768 2712 capiundi;
1794 2649 1885 2697 καὶ
1918 2645 2020 2698 διὰ

440 2725 723 2792 γυναικός.
755 2726 939 2779 Ἔοςκε
972 2728 1029 2781 δέ
1075 2731 1194 2790 πως
1226 2728 1305 2800 τῷ
1337 2732 1461 2784 καθ’
1492 2734 1641 2802 ἡμᾶς
1677 2734 1821 2805 τόκῳ
1846 2736 1905 2787 τὺ
1931 2735 2020 2788 ἐπ’

440 2816 592 2886 αὐτῷ
628 2819 953 2889 μυστήριον.
987 2822 1056 2874 Al
1091 2822 1190 2892 μὲν
1218 2821 1328 2893 γὰρ
1363 2823 1473 2877 τῶν
1513 2827 1606 2879 ἐπὶ
1644 2829 1748 2897 γῆς
1783 2829 2019 2898 μητέρες

441 2909 816 2979 ὑπηρετοῦσαι
843 2913 912 2983 τῇ
943 2912 1103 2980 φύσει
1128 2913 1267 2976 ποὺς
1297 2914 1572 2982 γέννησιν,
1614 2914 1799 2987 ἔχουσι
1833 2918 1935 2989 μὲν
1961 2921 2020 2975 ἐν

443 3003 630 3072 μήτρᾳ
682 3003 1037 3075 πηγνυμένην
1088 3006 1231 3059 κατὰ
1288 3005 1463 3077 βραχὺ
1520 3009 1619 3079 τὴν
1667 3011 1870 3087 σάρκα,
1924 3015 2019 3068 καὶ

2132 533 2273 588 sisse
2302 547 2546 592 nostram
2585 539 2931 610 intelligatur,
2959 551 3013 596 et
3039 542 3312 611 propriam
3359 536 3633 596 eﬂecisse:
3662 550 3722 594 ut

2131 629 2587 697 quem-dumdum
2655 645 2720 685 ex
2772 633 2954 685 anima
3013 642 3066 687 et
3094 645 3322 702 corpore
3372 647 3512 687 unus
3560 631 3720 684 homo

2133 721 2431 789 consurgit,
2484 723 2563 777 sic
2614 722 2787 792 ipsum
2847 739 3016 778 unum
3073 725 3266 780 Filium
3328 732 3383 777 et
3434 722 3718 775 Dominum

2131 810 2506 869 confiteantur.
2542 810 2656 868 Una
2690 817 2831 869 enim
2862 817 3096 872 heminis
3122 826 3210 871 est
3262 825 3453 868 natura
3510 823 3562 866 et
3589 829 3721 866 cono

2130 901 2367 965 stitutio,
2397 903 2527 959 licet
2550 918 2616 959 ex
2647 905 2878 961 diversis
2910 917 2964 961 et
2995 906 3365 961 diderentibus
3400 905 3560 957 rebus
3587 919 3719 958 cou-

2128 996 2304 1049 sist‘at.
2334 994 2571 1052 Alterius
2600 998 2747 1051 enim
2783 1007 2984 1052 natura:
3014 999 3332 1052 conﬁtemur
3354 1012 3472 1051 esse
3496 1010 3714 1060 corpus.

2128 1087 2173 1140 si
2202 1102 2323 1141 cum
2360 1088 2538 1141 annua
2570 1097 2934 1158 comparetur.
2975 1088 3079 1142 Sed
3104 1090 3377 1157 preprium
3415 1098 3591 1141 tamen
3633 1096 3717 1140 est

2127 1188 2324 1243 corpus
2350 1175 2525 1245 ipsius
2553 1186 2607 1230 et
2640 1176 2872 1231 hominis
2900 1178 3056 1230 unius
3088 1191 3373 1245 personam
3404 1173 3711 1244 perliciens.

2125 1264 2300 1333 Atque
2320 1266 2504 1319 animo
2533 1266 2750 1336 quidem
2786 1278 2839 1320 et
2873 1267 3199 1337 cogitatione
3241 1268 3527 1334 utriusque
3583 1280 3714 1333 per-

2126 1356 3024 1430 cipiturdifferentia,congressns
3071 1369 3248 1412 autem
3287 1367 3339 1412 et
3391 1371 3712 1421 concursus,

2126 1460 2235 1499 non
2281 1448 2572 1501 admittens
2617 1449 2960 1511 divisionem,
3008 1466 3172 1503 nnnm
3230 1448 3466 1503 absolvit
3509 1448 3712 1501 animal

2126 1536 2421 1590 hominem.
2457 1538 2776 1608 Unigcuitus
2806 1555 2956 1609 ergo,
2994 1540 3081 1593 Dei
3112 1539 3368 1603 Verbum,
3399 1554 3503 1592 non
3535 1538 3712 1592 homi-

2125 1641 2247 1681 nem
2288 1629 2561 1699 accipiens
2597 1631 2797 1700 prodiit
2830 1633 3012 1696 homo,
3042 1633 3133 1685 sed
3188 1644 3445 1684 arcanum
3502 1630 3709 1682 habens

2125 1732 2189 1770 ex
2218 1718 2374 1774 Patre
2398 1734 2605 1785 ortum,
2638 1738 2734 1792 per
2764 1732 3017 1778 sanctum
3058 1732 3113 1778 et
3169 1722 3409 1793 ejusdem
3462 1722 3709 1776 essentne

2125 1809 2382 1878 Spiritum
2415 1814 2514 1867 sibi
2542 1815 2797 1881 templum
2840 1814 3136 1879 iabrirans,
3175 1812 3379 1867 factum
3403 1820 3485 1865 est
3524 1810 3708 1863 homo.

2123 1903 2486 1968 Quamobrem
2517 1916 2570 1957 ct
2602 1922 2768 1959 unum
2807 1904 3143 1974 intelligitur.

2203 2102 2457 2167 Eiusdem
2484 2122 2548 2159 ea:
2573 2106 2815 2161 oratione
2842 2107 2909 2161 ad
2932 2106 3257 2176 presbyteros
3284 2115 3333 2161 et
3358 2105 3634 2159 diaconos.

2194 2267 2271 2322 Ex
2303 2267 2415 2336 ipsa
2450 2268 2693 2336 profecto
2727 2267 2908 2324 Patris
2940 2271 3175 2324 essentia
3212 2268 3460 2339 genitum
3487 2276 3571 2322 est
3623 2267 3707 2320 vi-

2123 2376 2255 2415 vene
2280 2358 2517 2414 Verbum
2560 2371 2611 2414 rt
2644 2364 2697 2414 in
2721 2376 2818 2415 sua
2846 2360 3150 2416 consistens
3191 2352 3443 2429 persona.
3499 2357 3605 2413 Sed
3656 2360 3707 2413 in

2120 2453 2381 2505 extremis
2406 2451 2589 2505 saeculi
2624 2453 2973 2521 temporibus,
3000 2468 3121 2506 cum
3172 2452 3372 2507 factum
3426 2459 3512 2505 est
3556 2465 3707 2521 caro,

2123 2542 2174 2596 id
2207 2551 2310 2605 est,
2341 2557 2462 2595 cum
2501 2557 2722 2596 carnem
2776 2546 3093 2614 assumpsit,
3148 2545 3381 2599 animum
3422 2547 3704 2601 habentem

2122 2634 2333 2689 ratione
2357 2633 2658 2702 praeditam,
2688 2645 2878 2689 natum
2904 2651 3028 2691 esse
3079 2636 3277 2691 dicitur
3319 2638 3371 2690 in
3420 2651 3603 2700 carne,
3654 2646 3709 2691 et

2121 2739 2218 2796 per
2260 2725 2566 2780 mulierem.
2627 2723 2784 2791 Quod
2833 2726 3048 2795 quidem
3102 2728 3416 2796 mysterium
3472 2729 3708 2781 humano

2114 2818 2299 2887 partui
2329 2808 2542 2871 videtur
2590 2816 2785 2871 simile.
2819 2815 2952 2871 Nam
2992 2828 3194 2872 matres
3226 2820 3441 2888 quidem
3478 2826 3710 2872 terrena:

2122 2909 2368 2963 serviunt
2420 2908 2485 2963 ad
2537 2909 2965 2979 generationem,
3027 2919 3363 2979 compactam
3415 2914 3482 2966 ad
3544 2910 3708 2965 breve

2124 3011 2335 3072 tempus
2361 3016 2586 3057 carnem
2633 3004 2686 3057 in
2725 3014 2879 3058 utero
2910 3015 3124 3072 gerunt,
3161 3011 3214 3058 et
3274 3003 3529 3058 inelhbili
3573 3019 3707 3072 qua-

441 3094 742 3164 ἀφράστοις
778 3095 923 3149 τισὶν
969 3095 1271 3167 ἐνεργείαις
1303 3097 1440 3151 Θεοῦ
1489 3101 1786 3170 προῖοῦσάν
1835 3122 1894 3158 τε
1920 3106 2015 3159 καὶ

2123 3092 2242 3147 dam
2270 3090 2370 3147 Dei
2416 3091 2614 3146 virtute
2643 3093 3070 3161 progredientem
3106 3092 3170 3146 ad
3233 3092 3530 3157 perfectam
3590 3092 3705 3146 for-

440 3184 831 3257 τελειουμὲνην
858 3187 937 3249 είς
966 3183 1103 3251 εἶδος
1142 3188 1203 3242 τὸ
1235 3190 1579 3260 ἀνθρώπινον
1600 3211 1614 3226 ο
1650 3196 1827 3267 ἐνίησι
1855 3197 1913 3252 δὲ
1938 3199 2018 3272 τῷ

442 3276 569 3348 ζώῳ
590 3279 653 3331 τὸ
699 3278 915 3348 πνεῦμα
941 3280 1075 3344 Θεὸς
1108 3282 1231 3335 καθ’
1261 3283 1321 3336 δν
1349 3279 1459 3337 οἵδε
1512 3286 1734 3357 τρόπον.
1782 3291 2019 3346 Πλάττει

444 3369 554 3439 γὰρ
576 3369 793 3438 πνεῦμα
820 3371 1113 3459 ἀνθρώπου
1139 3376 1197 3427 ὲν
1216 3374 1366 3445 αὐτῷ
1394 3377 1533 3431 κατὰ
1563 3378 1663 3449 τὴν
1686 3380 1779 3433 τοῦ
1804 3384 2021 3456 Προφή-

443 3474 541 3513 του
570 3463 773 3531 φωνήν.
812 3462 1035 3534 Ἕτερος
1068 3466 1126 3518 δε
1159 3468 1383 3538 σαρκὸς.
1411 3469 1505 3523 καὶ
1540 3473 1741 3542 ὁμοίως
1775 3474 1962 3545 ἕτερος
1990 3479 2020 3531 ὁ

441 3554 541 3623 τῆς
570 3554 746 3624 ψυχῆς
778 3555 895 3608 ιστι
925 3556 1102 3624 λόγος.
1153 3557 1290 3612 Ἀλλ’
1321 3562 1368 3613 εἰ
1401 3562 1495 3615 καὶ
1538 3565 1827 3632 γεγόνασιν
1857 3560 2018 3622 αὗται

443 3646 628 3716 μόνων
647 3644 758 3698 τῶν
784 3645 1021 3715 ἀπὸγῆς
1053 3647 1329 3716 σωμάτων
1356 3651 1615 3721 μητέρες,
1640 3652 1757 3705 ἀλλ’
1788 3649 1884 3708 οὖν
1899 3655 2019 3707 ὅλον

440 3737 808 3793 ἁποτεκοῦσαι
842 3740 902 3793 τὸ
940 3741 1102 3805 ζῶον,
1130 3741 1192 3793 τὸ
1214 3740 1288 3794 ἐκ
1318 3740 1495 3813 ψυχῆς
1531 3742 1587 3795 δὲ
1626 3744 1771 3813 λέγω
1794 3747 1889 3799 καὶ
1915 3748 2020 3801 σώ-

444 3847 637 3895 ματος,
661 3830 781 3900 οὐχὶ
809 3833 973 3902 μέρος
1002 3830 1249 3901 λέγονται
1276 3836 1479 3899 τεκεῖν,
1514 3834 1624 3889 οὐδ’
1646 3835 1713 3890 ἂν
1737 3836 1883 3892 εἴποι
1909 3856 2015 3905 τις,

442 3924 573 3992 φέρε
608 3924 807 3985 εἰπεῖν,
841 3922 939 3992 τὴν
988 3922 1269 3980 Ἑλισάσετ
1292 3928 1623 3997 σαρκοτόκσν
1655 3930 1775 4001 μὲν,
1813 3932 1875 3985 οὐ
1911 3934 2017 4005 μὴν

441 4012 524 4066 ἔτι
562 4014 658 4068 καὶ
696 4013 1034 4084 ψυχςτόκον.
1082 4015 1366 4070 Ἐκτέτοκε
1414 4017 1523 4089 γὰρ
1556 4017 1879 4090 ψυχωθέντα
1923 4022 2018 4076 τὸν

442 4100 775 4173 Βαπτιοτήν.
820 4105 1078 4159 Τοιοῦτόν
1124 4123 1175 4160 τι
1226 4108 1543 4179 πεπρᾶχθαι
1597 4109 2019 4181 παραδεξόμεθα

444 4198 537 4250 καὶ
564 4198 657 4249 ὲπι
694 4199 761 4267 τῇ
786 4198 997 4266 γενέσει
1029 4198 1121 4251 τοῦ
1150 4199 1522 4271 Ἐμμανουήλ.
1544 4200 1884 4272 Γεγέννηται
1918 4204 2019 4273 μὶν

442 4288 569 4355 γὰρ,
608 4288 682 4347 ὠς
718 4288 974 4358 ἐξιτηὲκ
1005 4276 1106 4357 τῆς
1143 4290 1234 4342 τοῦ
1267 4290 1404 4342 Θεοῦ
1439 4290 1532 4342 καὶ
1568 4291 1783 4362 Πατρὺς
1810 4294 2019 4357 οὐσίας

441 4377 471 4428 ὁ
517 4377 781 4448 μονογενῆ
840 4377 1005 4431 αὑτοῦ
1055 4379 1247 4443 Λόγοςο
1278 4379 1469 4439 ἐπειδὴ
1496 4380 1553 4433 δὲ
1585 4384 1765 4451 σάρκα
1812 4382 2014 4445 λαϐὼν,
2046 4448 2055 4453 _

2121 3196 2267 3238 mam
2288 3181 2604 3238 humanam.
2631 3183 2770 3240 Deus
2791 3192 2966 3238 autem
2994 3180 3213 3239 animali
3235 3184 3484 3252 Spiritum
3510 3183 3705 3252 injicit.

2120 3273 2342 3328 Formnt
2362 3274 2507 3329 enim
2539 3273 2787 3344 spiritum
2821 3274 3055 3330 hominis
3097 3274 3148 3327 in
3171 3277 3310 3345 ipso,
3338 3283 3396 3328 ut
3451 3274 3529 3328 ait
3576 3274 3700 3329 Pro-

2114 3363 2278 3439 pheta
2311 3364 2349 3418 ¹.
2380 3361 2499 3417 Alia
2534 3372 2711 3416 autem
2745 3371 2827 3417 est
2868 3363 3072 3428 carnis,
3100 3374 3151 3418 et
3184 3364 3286 3417 alia
3319 3365 3513 3416 animae
3544 3363 3702 3416 ratio.

2118 3452 2319 3510 Verum
2348 3454 2599 3525 quamvis
2632 3454 2800 3510 solius
2831 3456 3029 3511 terreni
3066 3456 3313 3526 corporis
3338 3466 3540 3510 matres
3568 3458 3704 3522 sint,

2119 3554 2301 3602 tairien
2337 3556 2504 3600 totum
2544 3544 2743 3600 animal
2767 3559 2832 3600 ex
2858 3548 3039 3602 anima
3065 3558 3119 3601 et
3150 3562 3380 3617 corpore
3422 3554 3701 3608 censtarrs,

2118 3654 2225 3693 non
2260 3647 2437 3693 autem
2468 3648 2676 3709 partem
2703 3639 2958 3693 dicuntur
2986 3640 3291 3709 peperisse.
3346 3638 3522 3695 Nemo
3561 3643 3705 3694 enim

2116 3727 2536 3797 exempligratia
2573 3718 2794 3795 dixerit,
2823 3716 3096 3784 Elisabeth
3119 3744 3361 3795 carnem,
3392 3747 3496 3784 non
3522 3741 3701 3784 autem

2118 3820 2354 3874 animam
2385 3818 2677 3901 peperisse,
2716 3822 2912 3890 quippe
2945 3834 3062 3890 quae
3082 3810 3377 3875 animatum
3410 3819 3704 3891 Baptistaiu

2106 3912 2348 3983 peperit.
2376 3911 2505 3965 Tale
2534 3914 2788 3983 quiddam
2815 3926 2863 3968 et
2894 3912 2947 3966 in
2979 3913 3345 3967 Emmanuelis
3372 3924 3493 3967 ortu
3524 3924 3702 3968 actum

2118 4019 2236 4060 esse
2267 4003 2519 4059 dicimus.
2552 4003 2805 4059 Genitum
2830 4004 2975 4058 enim
3021 4014 3106 4058 est
3161 4018 3222 4058 ex
3274 4003 3376 4059 Dei
3418 4015 3472 4059 et
3526 4004 3705 4058 Patris

2118 4096 2379 4161 essentia,
2416 4105 2476 4149 ut
2507 4094 2762 4157 diximus,
2818 4095 3156 4164 unigenitum
3214 4095 3382 4165 ipsius
3436 4093 3702 4151 Verbum.

2120 4189 2227 4245 Sed
2277 4198 2627 4260 posteaquam
2681 4204 2901 4245 carnem
2964 4205 3272 4255 assumens,
3325 4205 3555 4259 eamque
3602 4190 3702 4244 sibi

2100 4282 2392 4353 .pr0priam
2428 4283 2655 4345 faciens,
2680 4282 3011 4338 declaratum
3044 4291 3128 4338 est
3157 4282 3319 4337 etiam
3373 4283 3541 4337 Filius
3605 4284 3703 4336 bo-

2122 4374 2307 4438 minis,
2339 4383 2393 4427 et
2424 4372 2627 4428 factum
2648 4383 2752 4437 est,
2770 4375 2960 4443 quales
2979 4388 3076 4428 nos
3102 4387 3313 4436 sumus,
3340 4389 3443 4425 non
3465 4374 3701 4425 alienum

441 4471 537 4521 καὶ
570 4469 705 4522 ἰδίαν
736 4470 909 4544 αξιτὴν
937 4464 1324 4539 πιησάμίνος,
1348 4473 1732 4540 ·κεχρημάτικε
1762 4474 1857 4525 καὶ
1892 4473 2019 4535 Υἱὸς

2124 4474 2228 4531 cst,
2261 4475 2319 4519 ut
2344 4464 2604 4531 arbitror,
2647 4464 2849 4530 dicere,
2879 4464 2989 4545 imo
3031 4480 3159 4521 vero
3213 4466 3574 4520 necessarium
3620 4475 3704 4517 est

441 4557 755 4630 ἀνθρώπου,
788 4560 883 4613 καὶ
910 4560 1102 4628 γέγονε
1127 4560 1251 4614 καθ’
1276 4561 1423 4630 ἡμᾶς
1444 4601 1463 4626 ,
1491 4560 1663 4626 οὐδὲν,
1685 4557 1863 4632 οἶμαι,
1890 4563 2021 4617 ἄτο-

439 4667 545 4704 πον
573 4652 770 4727 εἰπεῖν,
796 4651 1002 4721 μᾶλλον
1041 4650 1097 4702 δὲ
1129 4652 1430 4720 ἀναγκαῖον
1478 4651 1785 4721 ὁμολογεῖν,
1811 4654 1894 4707 ὅτι
1928 4671 2016 4721 γε·

441 4743 700 4812 γέννηται
731 4744 875 4815 κατέὶ
907 4745 1089 4813 σάρκα
1110 4742 1201 4797 διὰ
1232 4744 1522 4811 γυναικόςο
1553 4744 1804 4811 καθάπερ
1824 4745 2020 4814 ἀμέλει

442 4833 539 4888 καὶ
573 4835 606 4904 ἡ
640 4832 737 4886 τοῦ
768 4834 1057 4903 ἀνθρώπου
1096 4832 1245 4903 ψυχὴ
1287 4832 1364 4902 τῷ
1389 4833 1504 4901 ιδιφ
1550 4838 2020 4904 συναπογεννᾶται

444 4926 679 4998 σώματι,
705 4931 800 4980 καὶ
823 4926 989 4989 ὼςέν
1019 4925 1332 4991 λελόγισται
1377 4927 1514 4998 πρὸς
1543 4928 1698 4994 αὐτὸ,
1722 4931 1900 4984 καίτοι
1920 4930 2022 5001 τὴν

443 5018 608 5089 φύσιν
642 5021 809 5091 ἑτέρα
840 5019 974 5089 παρ’
1004 5018 1138 5072 αὐτὸ
1172 5018 1435 5088 νοουμένη
1468 5033 1528 5073 τε
1563 5020 1658 5073 καὶ
1702 5021 2025 5091 ὑπάρχουσα

442 5113 588 5165 κατὰ
601 5110 693 5163 τὸν
721 5111 849 5164 ἰδιον
872 5110 1051 5179 λόγον.
1080 5110 1199 5164 Κᾶν
1217 5108 1530 5180 εζβούλοιτό
1562 5127 1646 5174 τις
1675 5112 1774 5182 τὴν
1792 5112 1897 5167 ’τοῦ
1918 5113 2024 5167 δεῖ·

444 5221 533 5267 νος
567 5203 779 5275 μητέρα
808 5203 1013 5272 λέγειν,
1042 5203 1118 5265 ὡς
1152 5203 1269 5257 εστι
1315 5204 1415 5274 μὶν
1449 5204 1800 5273 σαρκοτόκος,
1826 5206 1889 5258 οὐ
1917 5208 2025 5275 μὴν

443 5296 525 5348 ἔτι
554 5296 648 5349 καὶ
674 5295 997 5366 ψυχοτόκος,
1025 5296 1456 5366 περισσοεπήσει
1481 5294 1621 5348 λίαν.
1657 5295 1860 5349 Τέτοκε
1887 5298 2016 5366 γὰρ,

440 5386 703 5460 ὡςεφην,
759 5387 1170 5457 συντεθειμένον
1219 5387 1486 5457 εὐτέχνως
1531 5384 1590 5449 ἐξ
1644 5386 1915 5455 ἀνομοίων
1960 5388 2021 5441 τὸ

444 5478 604 5546 ζῶον,
635 5480 699 5532 ἐκ
745 5477 892 5531 δυοῖν
922 5476 1047 5545 μὲν,
1091 5477 1230 5547 πλὴν
1282 5476 1569 5546 ἄνθρωπον
1612 5475 1728 5539 ἕνα,
1766 5475 2020 5545 μένοντος

449 5572 550 5643 μιν
574 5571 851 5642 ’ἑκατέρου
872 5569 1027 5624 τοῦθ’
1053 5571 1193 5642 ὅπερ
1229 5569 1366 5635 ἐστὶ,
1414 5566 1936 5639 συνδεδραμηκότων
1963 5568 2021 5623 δὲ

526 5757 543 5792 ⁸
574 5756 715 5813 Psal.
750 5770 1013 5824 cxxxvm,
1037 5756 1089 5812 5.

2117 4559 2392 4623 confiteri,
2434 4557 2611 4628 ipsum
2655 4572 2749 4627 per
2779 4558 3055 4613 mulierem
3091 4559 3330 4628 genitum
3369 4573 3489 4613 esse
3510 4574 3703 4612 secun-

2118 4651 2246 4704 dum
2304 4662 2546 4702 carnem.
2610 4647 3075 4713 Quemadmodum
3124 4659 3178 4702 et
3230 4650 3408 4702 anima
3469 4649 3705 4701 hominis

2117 4743 2374 4796 nimirum
2400 4739 2562 4793 simul
2597 4755 2720 4793 cum
2777 4741 2996 4810 proprio
3053 4754 3281 4809 corpore
3335 4741 3600 4803 nascitur,
3648 4753 3704 4793 et

2121 4851 2287 4890 unum
2321 4849 2445 4888 eum
2480 4834 2599 4905 ipso
2628 4842 2903 4899 censetur,
2938 4833 3186 4903 quamvis
3238 4844 3430 4886 natura
3487 4833 3702 4886 diversa

2122 4935 2516 4995 cognoscatur,
2550 4936 2604 4981 et
2628 4926 2700 4981 sit
2728 4928 2935 4981 ratione
2980 4927 3230 4995 propria.
3268 4926 3434 4992 Quod
3489 4928 3533 4979 si
3578 4925 3702 4995 quis

2123 5028 2348 5074 n-atrem
2381 5017 2632 5088 alicujus,
2660 5032 2879 5072 carnem
2922 5018 3112 5088 ipsius,
3182 5033 3291 5072 non
3334 5030 3515 5074 autem
3580 5019 3701 5074 ani-

2125 5127 2266 5165 mam
2295 5112 2571 5182 peperisse
2596 5110 2813 5178 dixerit,
2869 5112 3081 5181 ineptus
3122 5122 3385 5179 fetvanus
3425 5114 3704 5169 existima-

2124 5206 2290 5260 bitur.
2354 5203 2572 5273 Peperit
2593 5205 2761 5269 enim,
2828 5214 2886 5257 ut
2912 5204 3042 5270 dixi,
3112 5206 3473 5276 compositum
3542 5207 3701 5276 plane

2122 5312 2189 5352 ex
2237 5297 2596 5352 dissimilibus
2639 5296 2860 5360 auiinal,
2923 5313 2988 5351 ex
3014 5298 3224 5353 duobus
3292 5299 3568 5351 nimirum
3645 5298 3696 5351 in

2122 5404 2286 5442 unum
2363 5388 2678 5457 hominem,
2765 5405 2887 5445 cum
2969 5404 3257 5459 utrumque
3344 5397 3560 5443 maneat
3643 5388 3696 5444 id

2119 5478 2260 5547 quod
2313 5486 2419 5545 est,
2451 5488 2778 5535 concurrant
2842 5489 3022 5534 tamen
3082 5478 3233 5548 quasi
3294 5477 3347 5529 in
3436 5477 3697 5534 unitatem

2116 5569 2443 5639 naturalem,
2529 5580 2692 5643 atque
2743 5573 2885 5628 inter
2960 5584 3019 5626 se
3095 5568 3503 5633 commisceam,
3556 5571 3698 5638 quod
