4082 6396
396 291 500 349 999

397 407 610 475 utrique
707 404 983 474 proprium

397 510 478 551 tas
556 497 607 548 in
691 492 906 548 Christo
976 493 1046 546 sit
1113 491 1346 544 maxime
1423 488 1754 548 necessaria,
1850 499 1975 539 cum

396 586 520 640 aliis
581 582 765 636 multis
819 580 1118 635 rationibus
1164 577 1470 645 perspicere
1515 574 1828 628 facillimum
1882 575 1976 638 sit,

396 692 493 730 nos
533 684 736 738 tamen,
779 674 824 726 si
859 672 1089 732 videtur,
1131 670 1272 722 beati
1309 667 1464 720 Pauli
1528 664 1692 718 verba
1742 678 1978 733 perpen—

395 770 603 832 damus,
645 779 815 834 eaque
845 764 1132 833 diligenter
1162 776 1260 829 pro
1291 759 1500 814 viribus
1541 757 1974 811 consideremus.

395 860 467 915 De
505 859 796 928 Unigenito
826 857 990 927 igitur
1020 857 1151 911 dicit
1190 855 1337 920 :Qui
1391 871 1509 909 cum
1541 854 1595 907 in
1653 856 1826 922 forma
1883 849 1979 904 Dei

393 961 543 1014 esset,
579 969 682 1006 non
714 951 955 1018 rapinam
991 950 1283 1002 arbitratus
1329 957 1407 1002 est
1453 965 1564 1002 esse
1616 963 1670 1000 se
1718 945 1979 1016 wqualem

395 1045 498 1098 Deo
526 1061 544 1107 ;
573 1044 661 1096 sed
699 1045 1031 1110 semetipsum
1070 1044 1381 1107 exiuanivit,
1407 1042 1630 1109 formam
1657 1041 1794 1094 servi
1832 1040 1979 1092 acci-

390 1139 556 1207 piens,
608 1147 657 1192 et
693 1138 878 1191 habitu
935 1141 1170 1191 iuventus
1237 1146 1293 1190 ut
1335 1139 1508 1198 homo,
1581 1134 1880 1188 humiliavit
1927 1148 1981 1185 se

391 1230 629 1298 ipsum'.
691 1228 824 1294 Quis
871 1228 1034 1296 igitur
1082 1236 1184 1292 est,
1221 1229 1314 1295 qui
1371 1244 1492 1282 eum
1553 1225 1604 1279 in
1660 1226 1829 1277 forma
1886 1223 1976 1277 Del

390 1329 555 1385 esset,
595 1335 699 1374 non
736 1320 977 1386 rapinam
1008 1319 1306 1374 arbitratus
1342 1325 1424 1372 est
1462 1329 1582 1372 esse
1616 1329 1676 1369 se
1701 1313 1977 1383 aequalem

393 1411 523 1474 Deo,
565 1420 655 1463 aut
689 1425 796 1480 quo
828 1411 1134 1465 exinanitus
1192 1420 1276 1466 est
1325 1409 1506 1472 modo,
1568 1417 1658 1462 aut
1705 1407 1980 1476 quomodo

392 1515 512 1554 sese
549 1500 870 1564 humiliavit,
929 1507 984 1555 et
1037 1502 1089 1554 in
1131 1502 1274 1555 servi
1325 1501 1496 1554 forma
1553 1500 1804 1553 iuventus
1847 1497 1982 1550 est?

397 1593 498 1657 Qui
529 1592 580 1644 in
607 1590 710 1645 duo
736 1602 920 1648 secant
949 1610 1111 1647 unum
1146 1593 1430 1647 Dominum
1469 1591 1648 1645 Jesum
1679 1591 1975 1650 Christum.

394 1705 584 1758 nempe
614 1690 664 1742 in
711 1690 1008 1749 hominem.
1056 1697 1108 1744 et
1139 1691 1192 1743 in
1246 1689 1475 1743 Verbum
1501 1689 1611 1753 Dei,
1638 1689 1824 1740 dicunt
1855 1701 1977 1739 eum

1081 410 1166 458 est
1199 441 1212 455 .
1309 400 1467 467 Quod

1623 281 2006 344 EUTHYMII
2063 279 2427 340 ZlGABENI

1573 410 1752 454 autem
1845 397 1970 452 uni-
1997 396 2043 456 Α
2075 396 2264 466 ῶσπερ
2295 397 2376 460 είς
2404 396 2630 460 ἑνότητα
2661 399 2918 463 φυσικὴν,
2947 394 3041 446 καὶ
3073 388 3188 446 οἷον
3213 393 3670 461 ἀνακιρναμένων

3531 274 3548 335 l
3561 277 3669 341 600

2086 489 2356 556 ἀλλήλοιν,
2396 491 2532 558 ὅπερ
2569 486 2636 542 ἂν
2668 488 2744 550 ὡς
2777 487 2906 540 ίδιον
2951 487 3200 555 ἑκατέρῳ
3231 487 3430 552 προσῇ.
3459 483 3583 537 Ὅτι
3612 483 3671 536 δέ

2088 584 2236 634 ἐστιν
2265 583 2680 649 ἀναγκαιοτάτη
2709 581 2832 634 λίαν
2867 582 2901 648 ἡ
2929 579 3122 640 ἓνωσις
3147 580 3240 630 ἐπὶ
3272 574 3536 646 Χριστοῦ,
3569 593 3672 628 και·

2084 672 2357 742 ταθρῆσαι
2396 674 2528 743 ῥᾷον
2556 673 2650 724 καὶ
2698 671 3084 738 ἀταλαίπωρον
3128 669 3410 732 παντελῶς
3458 669 3552 721 καὶ
3582 667 3671 720 διὰ

2087 763 2296 815 πολλῶν
2317 763 2538 830 ἑτέρων.
2564 762 2701 832 Φέρε
2729 762 2860 830 γὰρ,
2891 763 2934 814 εἰ
2959 761 3125 825 δοκεῖ,
3149 761 3247 819 τὰς
3273 760 3367 812 τοῦ
3396 759 3670 830 μακαρίου

2087 851 2299 904 Παύλου
2333 853 2886 923 πολυπραγμονῶμεν
2912 855 3120 920 φωνὰς,
3148 851 3395 922 ἀκριϐῶς
3426 853 3520 903 τὸν
3545 850 3671 904 νοῦν

2087 945 2180 995 καὶ
2209 943 2284 1006 ὡς
2339 943 2419 996 ἔνι
2465 945 2678 1003 λεπτῶς
2711 944 3092 1014 ἐνερείδοντες.
3127 945 3273 1011 Ἔφη
3310 946 3496 996 τοίνυν
3541 944 3674 1014 περὶ

2086 1035 2180 1086 τοῦ
2218 1037 2554 1104 Μονογενοῦς
2575 1053 2589 1068 ο
2628 1039 2733 1101 ’ος
2758 1036 3027 1106 ἐνμορερῇ
3060 1037 3209 1090 Θεοῦ
3245 1035 3534 1104 ὑπάρχων
3555 1039 3670 1105 οὐχ

2086 1127 2399 1194 ἁρπαγμὸν
2430 1127 2704 1196 ἡγήσατο
2743 1128 2810 1179 τὸ
2850 1125 3004 1180 εἶναι
3049 1127 3155 1180 ἴση
3188 1126 3332 1190 Θεῷ.
3366 1126 3506 1180 ἀλλ’
3529 1126 3670 1179 ἑαυ-

2086 1221 2194 1270 τιῒν
2226 1218 2508 1284 ἐκένωσε,
2533 1218 2777 1287 μορφὴν
2830 1220 3054 1273 δούλου
3086 1219 3308 1281 λαϐὼν,
3351 1219 3420 1271 ἐν
3463 1219 3672 1286 ὁμοιώ-

2087 1325 2220 1372 (tim
2250 1308 2568 1376 ἀνθρώπου
2597 1311 2946 1378 γενόμενος,
2967 1311 3066 1364 καί
3099 1310 3368 1380 σχήματι
3397 1309 3671 1377 εὑρεθεὶς

2085 1401 2166 1466 ὡς
2193 1401 2506 1468 ἅνθρωπος
2556 1403 2972 1456 ἐταπείνωσεν
3010 1387 3252 1456 ἑαυτόν.
3305 1404 3400 1466 Τίς
3434 1402 3532 1454 οὖν
3563 1402 3671 1470 ἄρα

2087 1492 2277 1544 Est-tvo
2299 1493 2560 1563 ὑπάρχων
2583 1497 2641 1545 ὲν
2677 1497 2858 1566 μορφῇ
2894 1494 2988 1546 τοῦ
3015 1494 3170 1555 Θεοῦ,
3197 1498 3291 1547 καὶ
3321 1495 3418 1562 οὐχ
3450 1495 3670 1562 ἁρπαγ-

2090 1583 2188 1651 μὸν
2243 1585 2591 1654 ἡγησάμενος
2643 1585 2702 1638 τδ
2755 1584 2896 1639 εἶναι
2932 1588 3022 1637 ίσα
3056 1586 3304 1655 ΘεῷςἸΙ
3331 1586 3454 1637 τίνα
3506 1586 3673 1637 κεκέ-

2087 1694 2252 1730 νωται
2287 1678 2506 1746 τρόπον,
2543 1679 2801 1732 καθίκετὸ
2833 1699 2893 1734 τε
2953 1682 3101 1744 ὅπως
3170 1682 3250 1741 είς
3315 1680 3673 1742 ταπείνωσιν,

393 1783 484 1847 qui
513 1791 676 1834 nutus
706 1791 791 1834 cst
820 1798 883 1834 ex
925 1779 1143 1850 Virgine
1176 1781 1600 1833 cxinanitioneltt
1634 1778 1891 1839 subiis“e,
1914 1779 1975 1830 alt

2087 1773 2179 1821 καὶ
2212 1771 2268 1822 ὲν
2314 1773 2377 1841 τῇ
2411 1767 2501 1825 τοῦ
2535 1772 2726 1825 δούλου
2756 1774 2947 1841 γέγονε
2981 1777 3203 1843 μορφῆς
3239 1775 3302 1826 Oi
3345 1773 3445 1841 μὲν
3471 1771 3565 1826 οὖν
3593 1774 3674 1833 είς

393 1872 484 1924 illo
542 1871 795 1925 videlicet
850 1882 1170 1938 scparantes
1232 1871 1323 1923 Dei
1389 1868 1642 1923 Verbum.
1679 1868 1983 1922 Osteudaut

393 1962 556 2028 igitur
606 1963 755 2032 prius
798 1963 944 2016 illmu
999 1963 1051 2016 in
1102 1963 1272 2016 forma
1322 1973 1375 2016 et
1434 1962 1738 2029 atqualitate
1798 1962 1980 2014 Patris

389 2050 684 2115 exstitisse,
718 2059 778 2104 ut
825 2061 880 2104 et
926 2050 1312 2105 exiuauiliouis
1366 2049 1581 2103 modum
1637 2049 1888 2113 subierit,
1927 2051 1980 2104 in

390 2154 496 2207 qua
543 2153 648 2191 nou
687 2148 824 2192 erat.
867 2137 1062 2191 Verum
1105 2137 1252 2191 nulla
1280 2152 1365 2190 res
1405 2146 1483 2191 est
1521 2147 1830 2206 procreata,
1863 2152 1982 2206 qua:

391 2241 581 2282 natura
621 2229 835 2297 propria
867 2230 937 2282 sit
977 2229 1030 2282 iu
1097 2228 1272 2282 Patris
1330 2229 1660 2298 aequalitate.
1700 2229 1984 2296 Quomodo

391 2319 554 2390 igitur
579 2321 778 2375 dicitur
807 2321 1139 2388 exiuanitus,
1172 2322 1218 2376 si
1257 2329 1446 2374 natura
1493 2322 1654 2376 homo
1708 2323 1982 2376 exsistcns

390 2424 549 2468 natus
585 2423 666 2468 est
722 2428 789 2467 ex
845 2414 1089 2478 muliere,
1146 2413 1602 2485 quemadmodum
1662 2414 1814 2468 nos?
1888 2413 1983 2468 Dic

389 2507 543 2570 mihi,
575 2521 637 2561 ex
659 2520 763 2573 qua
798 2505 1102 2572 antiquiore
1121 2505 1457 2569 conditione,
1492 2519 1613 2574 quae
1641 2506 1711 2560 sit
1743 2506 1979 2558 humana

389 2600 748 2669 praestantior,
799 2612 864 2653 eo
916 2597 1220 2664 descendit,
1273 2607 1330 2653 ut
1391 2598 1556 2653 homo
1611 2596 1808 2652 ﬁeret?
1875 2597 1979 2650 Aut

388 2706 586 2760 quoiuo
609 2692 657 2744 lo
688 2691 1017 2759 intelligatur
1045 2689 1186 2744 servi
1219 2689 1448 2744 formam
1471 2689 1980 2758 suscepisse,quam

390 2781 653 2851 principio
683 2799 789 2835 non
839 2781 1108 2845 habuerit,
1141 2781 1231 2849 qui
1293 2791 1485 2834 natura
1527 2791 1610 2835 est
1669 2781 1813 2833 inter
1866 2792 1982 2834 ser-

389 2888 507 2937 vos,
583 2883 636 2925 et
702 2881 883 2926 manet
932 2874 1034 2926 sub
1095 2873 1224 2943 jugo
1293 2870 1622 2926 servitutis?
1691 2874 1758 2924 At
1813 2872 1980 2933 enim,

391 2965 660 3033 inqu'unt,
702 2966 793 3035 qui
843 2975 1054 3031 natura,
1089 2974 1142 3019 et
1177 2981 1327 3025 vere.
1377 2975 1431 3020 et
1475 2965 1612 3020 liber
1663 2974 1746 3019 est
1791 2963 1979 3030 Filius,

2083 1860 2177 1914 δύο
2203 1863 2496 1931 τέμνοντες
2523 1867 2616 1916 τὸν
2675 1864 2772 1916 ἕνα
2801 1865 3002 1930 Κύριον
3037 1865 3248 1934 Ἰησοῦν
3299 1865 3558 1934 Χριστὸν,
3593 1865 3675 1925 εἷς

2085 1971 2140 2005 τε
2176 1954 2462 2024 ἄνθρωπόν
2493 1974 2634 2026 φημι
2678 1958 2773 2009 καὶ
2802 1958 2895 2009 τὸν
2940 1960 3005 2010 ἐκ
3043 1958 3184 2011 Θεοῦ
3235 1956 3446 2026 Πατρὸς
3476 1956 3672 2020 Λόγον,

2082 2045 2175 2099 τὸν
2209 2048 2273 2098 ὲκ
2314 2047 2410 2115 τῆς
2447 2047 2608 2114 ἁγίας
2667 2046 2945 2116 Παρθένου
3005 2048 3169 2117 φασιν
3229 2048 3519 2116 ὑπομεῖναι
3570 2044 3672 2114 τὴν

2084 2142 2313 2191 κένωσιν
2347 2139 2764 2202 ἀποδιιστάντες
2795 2139 2962 2192 αὐτοῦ
3026 2142 3117 2193 τὸν
3170 2141 3232 2192 ὲκ
3279 2138 3414 2191 Θεοῦ
3467 2139 3669 2206 Λόγον.

2087 2231 2682 2300 Προαποδεικνύτωσαν
2737 2229 2854 2293 οὖν,
2896 2234 2978 2286 ὅτι
3009 2234 3102 2284 καὶ
3133 2234 3193 2284 ὲν
3220 2234 3403 2301 μορφῇ
3426 2233 3523 2283 καὶ
3552 2230 3667 2282 i66-

2082 2340 2207 2392 τητι
2235 2324 2437 2376 νοεῖται
2463 2341 2524 2376 τε
2556 2324 2650 2376 καὶ
2674 2319 2743 2395 ἦν
2782 2324 2877 2376 τοῦ
2915 2324 3150 2390 lla:pr
3185 2323 3272 2374 ἵνα
3306 2327 3401 2375 καὶ
3439 2321 3531 2374 τον
3561 2320 3667 2389 τῆς

2088 2413 2374 2478 κενώσεως
2401 2417 2674 2487 ὑπομείνῃ
2708 2417 2929 2485 τρόπον,
2963 2417 3043 2478 εἰς
3075 2417 3213 2487 ὅπερ
3233 2416 3332 2468 οὐκ
3349 2410 3418 2484 ἦν
3445 2413 3675 2467 καθικό-

2085 2523 2268 2576 μενος.
2311 2507 2451 2559 Ἀλλ’
2489 2507 2643 2560 οὐδέν
2691 2510 2808 2562 ἐστι
2861 2507 2970 2560 τῶν
3017 2505 3440 2577 πεποιημένων,
3470 2498 3514 2572 ᾧ
3548 2507 3672 2557 κατ’

2086 2595 2223 2649 ίδίαν
2255 2599 2430 2648 νοοῖτο
2477 2597 2644 2664 φύσιν
2689 2598 2751 2650 τδ
2783 2599 2841 2651 ὲν
2879 2597 3087 2668 ἰσότητι
3137 2598 3230 2652 τοῦ
3273 2598 3508 2667 Πατρός.
3542 2598 3671 2660 Πῶς

2083 2685 2176 2739 οὖν
2203 2688 2541 2740 κεκενῶσθαι
2580 2689 2822 2754 λέγεται,
2856 2689 3034 2758 εΓτὴν
3059 2687 3221 2755 φύσιν
3263 2687 3553 2754 ἄνθρωπος
3588 2684 3669 2736 ὢν

2081 2780 2405 2849 γεγέννητλι
2434 2781 2556 2832 καθ’
2591 2783 2736 2850 ἡμᾶς
2769 2785 2832 2834 ὲκ
2860 2783 3154 2849 γυναικύςς
3201 2781 3294 2834 Ἐκ
3337 2779 3522 2842 ποίας,
3545 2778 3672 2834 sine

2087 2887 2197 2940 μοι,
2223 2872 2602 2942 πρεσϐυτέρας
2629 2874 2903 2944 ὑπεροχῆς
2927 2875 3029 2943 τῆς
3078 2874 3370 2942 ἀνθρώπου
3420 2873 3671 2943 μείζονος

2084 2964 2163 3025 εἰς
2213 2963 2272 3016 τὸ
2307 2963 2596 3034 ἄνθρωπος
2625 2961 2769 3018 εἶναι
2801 2967 3046 3035 unﬁt};
3078 2967 3150 3018 “il
3207 2967 3321 3028 πῶς
3375 2967 3464 3019 av‘
3497 2967 3672 3017 vo'.'t'.o

389 3056 564 3112 Putris
598 3057 854 3122 Vethmu,
899 3060 948 3112 iu
1004 3060 1140 3126 ejus.
1186 3073 1215 3113 a
1261 3073 1368 3128 quo
1397 3058 1612 3128 genitus
1662 3069 1766 3126 est,
1802 3059 1973 3114 lorma

2082 3051 2268 3106 λαϐεῖν
2302 3053 2378 3116 ὡς
2401 3055 2502 3108 οὐκ
2527 3055 2666 3124 ἔχων
2697 3057 2755 3107 ὲν
2795 3057 2938 3127 ἀρχῇ
2973 3057 3072 3125 τὴν
3105 3056 3199 3108 τοῦ
3228 3056 3422 3110 δούλου
3449 3057 3670 3126 μορφὴν

389 3153 679 3215 exsiStens,
738 3163 788 3204 et
841 3150 911 3205 illi
991 3151 1216 3220 arqualis
1297 3149 1560 3206 habitavit
1632 3150 1686 3205 in
1755 3151 1974 3205 homine

391 3258 486 3312 per
536 3244 816 3296 mulierem
879 3244 1080 3313 genito,
1133 3251 1190 3298 et
1239 3244 1343 3298 hoc
1405 3253 1488 3299 est
1539 3243 1859 3309 exiuanitio,
1917 3252 1972 3299 et

392 3335 687 3398 humilitas,
720 3345 774 3388 et
827 3338 966 3389 servi
1001 3335 1227 3390 formam
1269 3337 1564 3406 accepisse.
1592 3336 1774 3403 Quid?
1803 3352 1836 3392 ο
1869 3337 1971 3390 viri

388 3428 601 3496 Optimi,
662 3428 864 3482 satisne
919 3426 1020 3480 fuit
1055 3430 1121 3483 ad
1176 3427 1336 3483 Verbi
1372 3426 1465 3483 Dei
1522 3427 1968 3489 exinanitiouem,

388 3528 450 3575 ut
494 3518 548 3573 in
593 3518 810 3574 homine
845 3517 1170 3572 habitaret?
1231 3528 1287 3572 et
1313 3528 1484 3573 tutum
1531 3517 1850 3579 estdicere,
1894 3518 1973 3581 ip-

388 3626 508 3666 sum
559 3613 658 3666 hoc
720 3622 878 3679 pacto
948 3615 1097 3668 servi
1143 3611 1377 3668 formam
1445 3611 1712 3678 subiisse,
1805 3621 1969 3679 atque

390 3704 462 3758 ita
547 3703 936 3760 exinanitionis
1045 3706 1312 3760 rationem
1397 3703 1715 3775 peregisse?
1802 3702 1966 3774 Atqui

389 3797 546 3851 audio
601 3779 782 3866 ipsum
835 3804 1053 3852 sanctos
1101 3798 1375 3866 apostolos
1430 3802 1576 3853 hunc
1635 3801 1686 3852 in
1748 3801 1964 3852 modum

388 3887 747 3957 alloquentem
785 3906 799 3942 :
833 3885 894 3941 Si
943 3889 1062 3956 quis
1099 3887 1272 3956 diligi:
1306 3903 1406 3952 me,
1453 3902 1745 3942 sermonem
1798 3903 1968 3940 meum

387 3977 634 4042 servabit,
664 3986 712 4030 et
743 3977 904 4031 Pater
934 3993 1075 4030 meus
1104 3976 1282 4047 diliget
1313 3993 1451 4041 eum,
1486 3988 1533 4031 et
1593 3978 1660 4031 ad
1709 3995 1826 4031 eum
1882 3994 1968 4030 tte-

388 4068 610 4130 niemus,
641 4077 691 4121 et
727 4069 1050 4122 mansionem
1081 4068 1223 4136 apud
1266 4084 1382 4121 eum
1415 4069 1669 4138 faciemus
1699 4072 1741 4123 '.
1801 4070 1970 4123 Audis

389 4159 659 4224 quomodo
725 4159 920 4212 dixerit
975 4159 1136 4211 Deum
1177 4168 1230 4210 et
1267 4159 1476 4212 Patrem
1525 4175 1711 4214 secum
1771 4162 1822 4214 iu
1863 4161 1968 4215 illis

392 4245 778 4310 habitaturum,
815 4259 845 4300 a
886 4247 1084 4314 quibus
1112 4245 1405 4314 diligitur?
1475 4248 1768 4302 Patremne
1805 4250 1968 4319 igitur

392 4335 750 4396 eiiuauitum,
779 4346 834 4388 et
862 4337 1132 4400 eamdem,
1159 4351 1318 4405 quam
1353 4334 1521 4394 Filius
1562 4339 1753 4403 subiit,
1786 4341 1963 4394 humi-

390 4423 600 4477 litatem
640 4423 848 4488 tulisse,
878 4434 932 4477 et
967 4424 1107 4479 servi
1156 4423 1384 4478 formam
1443 4430 1720 4497 accepisse
1775 4443 1972 4484 conce-

390 4517 599 4580 dcmus,
634 4517 884 4583 quoniam
909 4529 1125 4571 sanetas
1155 4520 1366 4575 auiutas
1389 4520 1724 4590 tliligvntium
1778 4520 1973 4576 Filium

387 4608 655 4663 domicilia
710 4608 812 4664 sibi
859 4602 1190 4664 Constituit?
1230 4610 1406 4676 Quid?
1433 4611 1548 4680 ipse
1571 4610 1805 4679 Spiritus
1849 4627 1976 4668 sane

388 4711 528 4765 ctus,
567 4704 654 4770 qui
690 4702 740 4754 in
771 4702 928 4757 nobis
961 4703 1248 4767 inhabitat,
1303 4703 1552 4774 humanae
1599 4705 1785 4760 carnis
1818 4720 1975 4760 assu-

388 4795 594 4846 menda:
641 4794 927 4847 consilium
981 4794 1238 4862 explevit,
1315 4797 1457 4861 quod
1527 4796 1718 4851 Filium
1802 4799 1975 4851 solum

386 4886 626 4935 omnium
656 4884 844 4936 salutis
873 4894 927 4938 et
956 4885 1080 4938 vitze
1121 4885 1296 4953 gratia
1329 4899 1641 4942 exsecutum
1707 4889 1980 4943 dicimus?

387 4971 645 5026 Facessat
691 4981 798 5025 tam
853 4987 1251 5043 supervacanea
1301 4989 1356 5031 et
1394 4979 1562 5032 stulta
1603 4981 1764 5048 plane
1816 4991 1980 5048 atque

387 5060 565 5120 inanis
605 5060 900 5115 temeritas.
941 5063 1257 5118 Humiliavit
1309 5078 1440 5135 ergo
1499 5068 1734 5136 seipsum
1798 5070 1850 5123 in
1884 5070 1976 5124 Dei

386 5161 439 5206 et
491 5150 670 5208 Patris
711 5149 886 5204 forma
913 5160 969 5205 et
1021 5155 1332 5221 aequalitate
1381 5158 1650 5213 exsistens
1715 5159 1974 5228 Verbum,

385 5246 624 5315 quando,
659 5253 716 5299 ut
741 5243 976 5298 Joannes
1014 5245 1111 5308 ait,
1163 5260 1294 5302 caro
1362 5247 1590 5315 factum,
1626 5265 1692 5305 ex
1746 5254 1973 5310 muliere

388 5352 572 5396 natum
628 5350 730 5408 est,
763 5349 815 5396 et
854 5357 974 5397 eum
1015 5351 1193 5398 ortum
1236 5343 1460 5399 haberet
1491 5359 1557 5400 ex
1623 5346 1734 5400 Deo
1791 5347 1970 5414 Patre,

387 5441 566 5487 ortum
622 5435 788 5491 etiam
849 5447 1094 5491 nostrum
1150 5437 1260 5506 pati
1343 5437 1511 5492 voluit
1571 5449 1793 5509 propter
1849 5458 1969 5497 nos.

389 5520 628 5580 Doceaut
653 5542 749 5584 nos
774 5528 861 5584 isti
890 5543 994 5599 qua
1035 5529 1245 5584 ratione
1281 5529 1513 5584 Verbum
1551 5545 1614 5586 ex
1649 5531 1756 5586 Deo
1811 5531 1971 5590 Patre

466 5705 482 5735 ³
541 5707 770 5781 Philipp.
819 5727 881 5780 ιι,
915 5713 1064 5773 6-8.
1141 5718 1162 5748 '
1197 5713 1355 5773 Joau.
1401 5731 1515 5788 xw,
1573 5718 1664 5775 25.

2084 3145 2114 3196 ὸ
2147 3145 2306 3213 φύσει
2339 3146 2510 3199 τελῶν
2538 3149 2594 3200 ἐν
2621 3148 2890 3212 οἰκέταις,
2961 3156 3059 3204 καὶ
3105 3151 3212 3203 ὑπὸ
3236 3149 3386 3220 ζυγῷ
3417 3148 3666 3209 δουλείας

2087 3235 2370 3302 κείμενος;
2408 3237 2568 3290 Ἀλλὰ
2597 3238 2684 3290 ναί
2721 3255 2908 3305 φασιν.
2939 3238 3000 3294 Ὀ
3040 3240 3202 3307 φύσει
3227 3257 3284 3292 τε
3311 3240 3551 3305 ἀληθῶς,
3573 3241 3670 3292 καὶ

2083 3325 2367 3396 ἐλεύθερος
2397 3329 2525 3390 Υἱὸς
2552 3332 2579 3382 δ
2617 3332 2678 3384 ἐκ
2713 3331 2846 3384 Θεοῦ
2879 3333 3091 3402 Πατρὸς
3121 3334 3318 3401 Λόγος,
3371 3335 3430 3387 ὲν
3476 3335 3663 3404 μορφῇ

2081 3416 2176 3468 τοῦ
2205 3422 2592 3488 γεγεννηκότος
2628 3422 2911 3492 ὑπάρχων,
2939 3425 3034 3478 καί
3085 3425 3197 3488 ίσος
3227 3422 3302 3477 ὢν
3333 3424 3506 3496 αὐτῷ,
3535 3443 3666 3478 κατ-

2081 3507 2299 3578 ιξικησεν
2338 3513 2395 3561 ὲν
2428 3513 2704 3583 ἀνθρώπῳ
2753 3515 3074 3584 γεννηθέντι
3110 3517 3198 3570 διὰ
3229 3518 3525 3584 γυναικὸς,
3567 3519 3666 3572 καὶ

2081 3603 2240 3654 τοῦτό
2288 3605 2436 3656 ἐστιν
2481 3609 2512 3672 ἡ
2569 3607 2826 3670 κένωσις,
2871 3609 2965 3660 καὶ
3011 3608 3071 3661 τὸ
3123 3609 3224 3680 τῆς
3271 3610 3662 3674 ταπεινώσεως

2081 3694 2299 3763 χρῆμα,
2327 3696 2500 3748 καὶτὸ
2533 3699 2611 3760 είς
2646 3698 2746 3768 τὴν
2778 3698 2871 3752 τοῦ
2905 3700 3094 3754 δούλου
3163 3702 3488 3756 καθικέσθαι
3521 3720 3662 3772 μορ-

2083 3787 2210 3855 φήν.
2239 3781 2392 3851 Εἶτα,
2422 3783 2466 3840 ὦ
2491 3788 2782 3857 βέλτιστοι,
2812 3794 2873 3845 τὸ
2920 3794 3250 3862 κατοικῆσαι
3286 3795 3448 3863 μόνον
3484 3795 3541 3846 ὲν
3566 3797 3662 3848 ἁν-

2083 3879 2288 3950 θρώπῳ
2321 3881 2412 3935 τὸν
2445 3886 2507 3934 ἐκ
2534 3882 2671 3934 Θεοῦ
2706 3884 2875 3950 Λόγον
2899 3886 3190 3953 ἀρκέσειεν
3215 3887 3282 3938 ἂν
3313 3888 3393 3948 εἰς
3424 3887 3663 3940 κένωσιν

2082 3971 2230 4040 αὐτῴ
2251 3990 2268 4006 ·
2305 3974 2400 4026 καὶ
2422 3974 2663 4042 ἀσφαλὲς
2689 3976 2886 4039 εἰπεῖν,
2938 3978 3020 4029 ὅτι
3048 3994 3110 4029 τε
3141 3977 3315 4042 οὕτως
3358 3979 3526 4031 ὑπέδυ
3561 3983 3663 4049 τὴν

2080 4061 2174 4113 τοῦ
2208 4062 2398 4114 δούλου
2428 4064 2664 4134 μορφὴν,
2701 4067 2795 4118 καὶ
2828 4064 3000 4127 οὕτως
3024 4067 3174 4137 αὺτῷ
3197 4069 3394 4136 γένοιτ’
3426 4070 3493 4122 ἂν
3513 4073 3540 4122 ό
3561 4071 3660 4135 τῆς

2079 4154 2465 4216 ταπεινώσεως
2505 4156 2727 4224 τρόπος,
2793 4157 2973 4210 καίτοι
3001 4159 3253 4226 λέγοντος
3303 4159 3490 4215 ἀκούω
3540 4165 3658 4226 τοῖς

2082 4244 2258 4311 ἁγίοις
2289 4245 2628 4309 ἀποστόλοις,
2661 4247 2806 4300 Ἐάν
2850 4267 2941 4311 τις
2968 4250 3170 4320 ἀγαπᾷ
3213 4269 3308 4322 με,
3337 4254 3446 4308 τὸν
3472 4258 3663 4325 λόγον

2080 4352 2197 4402 μου
2224 4336 2493 4404 τηρήσει,
2535 4339 2632 4390 καί
2664 4343 2695 4391 ό
2725 4341 2928 4407 Πατήρ
2966 4359 3088 4410 μου
3120 4344 3424 4414 ἀγαπήσει
3446 4347 3661 4412 αὐτὸν,

2078 4428 2175 4480 καί
2205 4428 2354 4495 πρὸς
2369 4429 2560 4482 αὐτὸν
2571 4431 2972 4499 ἐλευσόμεθα,
2993 4434 3089 4486 καί
3106 4436 3311 4502 μονὴν
3330 4439 3467 4506 παρ’
3497 4440 3663 4504 αὑτῴ

2073 4521 2434 4590 ποιήσομεν.
2473 4522 2718 4585 Ἀκούεις
2745 4525 2862 4586 πῶς
2917 4527 2976 4578 ἐν
3029 4530 3140 4590 τοῖς
3167 4529 3458 4595 ἀγαπῶσιν
3487 4533 3653 4586 αὑτὸν

2074 4615 2533 4684 συγκατοικήσειν
2586 4615 2732 4683 αὐτῷ
2760 4617 2855 4668 καὶ
2901 4619 3066 4670 αὑτὸν
3096 4619 3201 4688 ἔφη
3255 4621 3348 4672 τὸν
3379 4623 3514 4677 Θεὸν
3556 4630 3651 4679 καὶ

2075 4705 2332 4775 “stipa;
2372 4703 2499 4774 'Ap’
2525 4705 2618 4758 οὖν
2665 4709 2759 4759 καὶ
2803 4709 2968 4761 αὑτὶν
3000 4712 3340 4774 κεκενῶσθαι
3377 4713 3648 4786 δώσομεν,

2075 4798 2169 4849 καὶ
2198 4796 2299 4865 τὴν
2327 4797 2520 4865 ὁμοίαν
2570 4797 2867 4867 ἀνατλῆναι
2913 4801 3246 4856 ταπείνωσιν
3274 4803 3354 4873 τῷ
3384 4805 3515 4873 Υίῷ,
3559 4810 3652 4861 καὶ

2076 4891 2174 4960 τὴν
2201 4889 2296 4942 τοῦ
2325 4889 2514 4942 δούλου
2541 4891 2756 4962 μορφὴν
2784 4894 3100 4958 ἀναλαὸεἰν,
3129 4897 3213 4948 ὅτι
3261 4898 3362 4960 τὰς
3383 4901 3495 4953 τῶν
3514 4903 3653 4970 ἀγα-

2077 4981 2304 5034 πιὶιντων
2324 4981 2486 5035 αὐτὸν
2515 4981 2695 5054 ψυχὰς
2717 4985 2876 5052 ἁγίας
2907 4989 3143 5040 ποιεῖται
3176 4990 3344 5057 μονὰς
3378 4991 3550 5060 ίδὶας;
3591 4994 3656 5045 Τί

2075 5071 2134 5124 δὲ
2159 5073 2220 5125 τὸ
2249 5072 2473 5144 Πνεῦμα
2511 5076 2574 5129 τὸ
2623 5076 2916 5130 κατοικοῦν
2948 5077 3006 5130 ιν
3036 5081 3171 5148 ἡμῖν
3199 5095 3216 5146 ;
3255 5076 3367 5152 ἆρα
3395 5084 3492 5136 καὶ
3521 5085 3656 5137 αὐτὸ

2074 5165 2177 5234 τῆς
2217 5167 2690 5240 ὲνανθρωπήσεως
2744 5170 3057 5240 ἀποπληροῖ
3087 5171 3184 5242 τὴν
3217 5175 3558 5242 οἰκονομίαν,
3590 5178 3658 5246 ἧν

2067 5257 2156 5310 διὰ
2186 5257 2350 5326 μόνου
2393 5259 2486 5311 τοῦ
2517 5259 2648 5312 Υίοῦ
2676 5260 2996 5329 πεπρᾶχθαί
3039 5278 3225 5329 φαμεν
3259 5263 3360 5332 τῆς
3390 5266 3655 5319 ἁπάντων

2070 5351 2345 5421 σωτηρίας
2359 5350 2524 5405 ἕνεκα
2553 5353 2641 5405 καὶ
2669 5351 3068 5421 ζωῆςςἋπαγε
3090 5353 3188 5421 τῆς
3210 5354 3354 5406 οὕτω
3385 5357 3652 5427 περιττῆς

2069 5439 2164 5494 καί
2188 5444 2417 5513 ἀνοήτου
2473 5441 2759 5506 παντελῶς
2800 5444 3229 5508 εἰκαιοὸουλίας.’
3260 5447 3650 5501 Τειαπείνωκε

2068 5536 2249 5588 τοίνυν
2290 5537 2484 5591 ἑαυτὸν
2534 5539 2566 5590 ὀ
2603 5540 2660 5590 ὲν
2698 5540 2881 5610 μορφῇ
2915 5538 3011 5592 καὶ
3065 5539 3274 5611 ἰσότητι
3301 5538 3395 5594 τοῦ
3433 5539 3649 5610 Harpe;
