4082 6398
489 358 630 422 ιοοδ

1709 328 2107 395 'EUTHYMII
2150 323 2521 388 ZIGABENI

3635 310 3773 375 10:1

488 469 769 534 Dominus,
801 476 853 523 et
881 481 912 521 e
965 463 1122 520 coelo.
1148 461 1267 517 Nec
1293 460 1338 516 si
1390 465 1536 513 recte
1577 447 1794 506 sentire
1843 443 2078 499 volucri-

2196 455 2303 494 γαν
2324 438 2485 505 αὐτῷ
2509 438 2736 502 πάντες
2764 436 3009 506 ἄγγελοι
3045 432 3219 487 Θεοῦ.
3273 430 3414 485 ’Λλλ³
3450 432 3613 501 ἡμεῖς
3649 432 3768 500 μὲν,

490 579 633 627 mus,
700 574 936 630 unquam
995 557 1258 616 dicemus,
1318 562 1540 606 carnem
1594 543 1763 599 Deum
1821 537 2075 593 eﬂ‘ectum

490 673 633 722 esse,
690 667 866 723 neque
934 651 1110 721 ipsam
1163 642 1480 701 Divinitatis
1526 643 1776 693 naturam
1839 631 2075 701 genitam

489 765 611 807 esse
670 762 764 817 per
805 719 1116 809 mulierem,
1179 754 1304 796 cum
1369 730 1764 790 humanitatem
1839 719 2079 777 nondum

492 840 869 911 assumpserit.
933 835 1044 892 Sed
1089 836 1270 904 potius
1324 828 1566 885 Verbum
1617 837 1687 878 ex
1741 820 1853 874 Deo
1900 826 1954 871 et
2006 827 2074 872 ex

490 928 931 1001 sancta-Virgine
969 926 1272 998 perfectum
1301 920 1578 979 hominem
1632 917 1687 971 in
1730 924 1902 967 unum
1940 921 2075 962 eon-

491 1028 749 1093 ferentes,
805 1035 973 1077 unum
1013 1019 1295 1075 Christum
1323 1013 1511 1071 Jesum
1548 1006 1840 1065 Dominum
1888 1001 2083 1057 adora.

490 1120 691 1181 bimus,
733 1130 908 1187 neque
966 1110 1276 1167 divinitatis
1308 1103 1559 1163 terminis
1587 1108 1812 1173 propter
1864 1105 2081 1150 carnem

490 1211 865 1273 excludentes,
901 1219 1076 1275 neque
1126 1211 1351 1273 propter
1384 1192 1792 1252 similitudinem
1843 1191 2083 1242 nostram

492 1306 557 1360 ad
600 1302 797 1359 nudam
844 1298 1239 1354 humanitatem
1269 1291 1600 1360 redigentes.
1650 1283 1744 1341 Sic
1794 1279 2084 1349 intelliges,

491 1396 729 1453 Verbum
766 1409 830 1450 ex
861 1392 971 1446 Deo
994 1389 1233 1461 genitum
1256 1379 1621 1439 voluntariam
1654 1372 2083 1433 exinanitionem

488 1488 807 1561 pertulisse.
882 1483 975 1538 Sic
1049 1477 1353 1535 humiliavit
1425 1464 1780 1538 semetipsum
1850 1464 2082 1521 formam

495 1553 639 1637 servi
692 1575 987 1645 accipiens,
1024 1572 1116 1641 qui
1162 1576 1357 1625 natura
1416 1560 1633 1634 propria
1663 1559 1797 1613 liber
1837 1564 1940 1611 est.
1996 1553 2088 1609 Sic

494 1671 766 1727 Abraham
816 1678 999 1722 semen
1046 1656 1430 1733 apprehendit,
1459 1666 1514 1712 et
1560 1651 1844 1722 sanguinis
1876 1645 2085 1704 carnis-

2182 534 2233 587 εῑ
2259 534 2353 587 καὶ
2396 532 2475 603 τῷ
2510 531 2652 601 ἁγίῳ
2688 526 3035 601 κεχρισμεθα
3064 526 3370 596 Πνεύματι,
3395 526 3497 598 τὴν
3528 527 3629 594 μὲν
3674 526 3773 592 τῆς

2183 624 2460 687 υἱοθεσίας
2485 618 2981 688 καταπλουτοῦμεν
3013 617 3198 689 χάριν,
3234 614 3557 686 κεκλήμεθα
3582 614 3639 668 δὲ
3676 615 3775 672 καὶ

2184 716 2319 778 θεοὶ,
2378 715 2440 769 τό
2487 730 2552 784 γε
2589 713 2702 784 μὴν
2760 711 2863 781 τῆς
2913 708 3125 764 ἑαυτῶν
3177 706 3395 777 φύσεως
3444 706 3644 776 μέτρον
3666 706 3771 759 οὐκ

2183 808 2560 877 ἡγνοήσαμεν.
2611 803 2813 873 Ἐσμὶν
2868 802 2979 871 γὰρ
3015 804 3079 853 ἐκ
3109 799 3237 869 γῆς,
3278 801 3374 852 καὶ
3403 796 3671 865 τελοῦμεν
3712 798 3771 848 ἐν

2183 899 2450 963 οἰκέταις,
2481 899 2510 951 ό
2533 895 2591 949 δι
2620 897 2771 948 ἔστιν
2797 894 2899 948 οὐκ
2925 893 2984 948 ὲν
3011 885 3095 955 οἷς
3131 891 3315 963 ήμεῖς,
3351 889 3490 944 ἀλλὰ
3518 889 3680 958 φύσει
3709 906 3770 941 τε

2184 992 2282 1046 καὶ
2311 989 2532 1059 ἀληθῶς
2555 986 2708 1052 Υἱὸς,
2736 988 2834 1040 καὶ
2863 984 2974 1039 τῶν
3013 983 3153 1038 ὅλων
3188 981 3418 1052 Κύριος,
3469 982 3565 1034 καὶ
3595 980 3652 1047 ἐξ
3680 981 3774 1034 οὐ-

2188 1084 2389 1156 ρανῶν.
2416 1083 2528 1136 Καὶ
2553 1083 2615 1136 οὐ
2652 1081 2828 1151 δήπου
2860 1080 3049 1149 φαμὲν
3078 1076 3217 1149 όρθὰ
3243 1077 3465 1146 φρονεῖν
3495 1075 3772 1146 ᾑρημένοι

2186 1180 2367 1248 σάρκα
2400 1174 2660 1244 γενέσθαι
2721 1189 2826 1227 που
2860 1173 2954 1225 τὸν
2983 1171 3142 1238 Θεὸν,
3177 1168 3300 1223 οὐδὲ
3327 1169 3501 1238 αὐτὴν
3530 1168 3631 1238 τὴν
3671 1168 3772 1237 τῆς

2186 1269 2446 1340 θεότητος
2506 1267 2671 1336 φύσιν
2730 1262 3101 1335 γεγεννῆσθαι
3165 1261 3255 1317 διὰ
3287 1261 3571 1331 γυναικὸς,
3617 1259 3770 1313 οὔπω

2187 1360 2611 1431 προσλαϐοῦσαν
2664 1359 2724 1412 τὸ
2774 1357 3142 1428 ἀνθρώπινον.
3215 1354 3645 1422 Συνενεγκόντες
3708 1353 3771 1406 δι

2193 1455 2400 1527 μᾶλλον
2428 1454 2509 1518 εις
2537 1452 2734 1508 ἕνωσιν
2762 1452 2855 1505 τόν
2879 1468 2938 1505 τε
2960 1452 3026 1504 εκ
3060 1449 3199 1504 Θεοῦ
3226 1447 3403 1516 φῦντα
3444 1447 3641 1514 Λόγον,
3676 1447 3774 1498 καὶ

2187 1549 2279 1602 τὸν
2313 1548 2377 1600 εκ
2403 1548 2503 1616 τῆς
2541 1544 2704 1614 ἁγίας
2733 1542 3014 1615 Παρθένου
3062 1539 3290 1603 τελείως
3345 1537 3639 1608 ἄνθρωπον
3669 1537 3773 1591 ἕνα

2190 1639 2426 1711 Χριστὸν
2462 1636 2673 1707 Ἰησοῦν
2724 1636 2818 1691 καὶ
2872 1634 3081 1707 Κύριον
3121 1633 3597 1704 προσκυνήσομεν,
3646 1628 3776 1683 οὔτε

494 1779 599 1835 que
656 1763 925 1832 particeps
966 1721 1142 1811 factus
1191 1760 1296 1808 est.
1343 1721 1421 1805 Si
1458 1748 1608 1802 enim
1672 1721 1834 1799 homo
1905 1739 2085 1794 nudus

2196 1729 2301 1835 τῶν
2336 1728 2435 1835 της
2469 1727 2726 1797 θεότητος
2752 1726 2897 1796 ὅρων
2923 1724 3029 1793 ἔξω
3053 1722 3296 1787 τιθέντες
3329 1722 3420 1775 διὰ
3443 1722 3544 1791 τήν
3567 1721 3775 1789 σάρκα,

497 1812 598 1835 ‘1‘"
657 1812 877 1832 r""“'I
906 1812 918 1814 ‘

497 1856 829 1924 intelligitur,
870 1850 1057 1922 quales
1089 1860 1193 1903 nos
1269 1858 1479 1910 sumus,
1541 1839 1810 1910 qu‘omodo
1864 1833 2087 1888 alterius

2196 1819 2321 1924 obes
2346 1817 2454 1891 μήν
2477 1820 2556 1883 εἰς
2579 1818 2981 1889 ἁνθρωπότητα
3005 1815 3171 1887 ψιλὴν
3199 1814 3664 1879 καταῦιϐάξοντες
3684 1812 3778 1865 διὰ

496 1960 692 2022 praeter
736 1962 798 2003 se
835 1943 1156 2000 naturaliter
1197 1936 1550 2010 apprehendit
1600 1946 1785 1989 semen
1826 1928 2075 1990 Abrahae,

496 2020 551 2100 et
581 2043 853 2115 quomodo
900 2035 1134 2109 propriae
1184 2031 1367 2089 carnis
1428 2027 1700 2099 particeps
1752 2038 1846 2093 per
1901 2020 2082 2076 omnia

498 2112 757 2190 fratribus
801 2129 993 2188 similis
1026 2126 1201 2182 factus
1227 2123 1356 2180 est?
1388 2119 1540 2189 Quod
1571 2116 1715 2174 enim
1742 2114 1973 2183 cuipiam
2013 2112 2086 2167 si-

500 2230 627 2284 mile
680 2226 761 2292 tit,
814 2223 871 2278 id
924 2236 993 2276 ex
1043 2214 1292 2274 dissimili
1323 2227 1413 2278 ,eo
1492 2205 1747 2272 decurrit,
1803 2214 1862 2258 ut
1909 2201 2085 2257 simile

497 2321 781 2377 elliciatur.
825 2310 1198 2384 Appreltendit
1243 2307 1404 2376 igitur
1487 2317 1670 2358 semen
1724 2295 1977 2356 Abrahae.
2029 2305 2084 2349 ct

498 2411 779 2483 sanguinis
820 2406 1107 2476 carnisque
1142 2400 1412 2473 particeps
1459 2395 1661 2450 factum
1707 2396 1790 2445 est
1832 2389 1922 2443 Dei
1954 2386 2082 2441 Ver-

495 2511 647 2576 bum,
707 2502 983 2577 proprium
1035 2508 1235 2567 corpus
1272 2490 1534 2554 elﬁciens,
1567 2485 1710 2558 quod
1757 2498 1825 2537 ex
1860 2480 2083 2536 muliere

498 2598 819 2670 assumpsit,
876 2604 929 2649 ut
964 2592 1074 2663 jam
1124 2600 1232 2644 non
1285 2586 1460 2641 solum
1513 2593 1633 2637 esse
1680 2578 1846 2644 Deus,
1893 2588 2081 2628 verum

496 2700 658 2749 etiam
689 2686 870 2747 immo.
917 2683 1104 2755 quales
1156 2694 1254 2734 nos
1298 2680 1506 2739 sumus,
1564 2684 1659 2742 per
1702 2667 1957 2724 unionem
1999 2664 2087 2717 in-

486 2776 791 2855 telligatur.
836 2777 913 2831 Ex
950 2773 1159 2830 duabus
1200 2783 1329 2842 ergo
1372 2766 1557 2829 rebus,
1599 2760 1879 2817 divinitate
1916 2757 2088 2812 nimi-

499 2849 640 2929 ιιιιιιν
679 2870 845 2939 atque
905 2863 1266 2926 humanitate,
1340 2858 1552 2912 constat
1597 2849 1935 2915 Emmanuel,
1992 2849 2088 2918 sed

501 2978 639 3020 unus
691 2973 869 3016 tamen
912 2966 996 3014 est
1030 2955 1287 3011 Dominus
1324 2948 1482 3005 Iesus
1529 2946 1802 3008 Christus,
1839 2949 1893 2997 et
1945 2954 2087 2995 unus

500 3075 564 3114 ac
614 3071 740 3111 vere
824 3052 1013 3112 Filius.
1076 3048 1215 3103 Deus
1294 3034 1469 3100 simul
1518 3050 1681 3111 atque
1742 3036 1928 3101 homo,
1991 3045 2090 3089 uec

502 3156 661 3208 homo
716 3150 855 3204 Deus
901 3142 1148 3207 eﬂ‘eetus,
1215 3135 1438 3208 aequalis
1488 3133 1554 3188 iis
1592 3132 1683 3202 qui
1725 3145 1822 3201 per
1859 3128 2089 3200 gratiam

501 3252 648 3306 sunt,
690 3240 789 3296 sed
828 3238 973 3291 Deus
1028 3248 1212 3293 verus,
1254 3230 1305 3283 in
1354 3228 1523 3281 forma
1554 3224 1787 3279 humana
1821 3233 2096 3291 apparens

504 3344 724 3406 propter
784 3344 905 3386 nos.
952 3324 1012 3383 1d
1070 3324 1226 3379 nobis
1277 3318 1601 3391 persuadeat
1659 3313 1818 3369 divus
1849 3311 2095 3368 Paulus:

503 3403 730 3493 Quando
784 3418 943 3485 venit,
997 3412 1272 3485 inquiens,
1327 3406 1598 3479 plenitudo
1651 3404 1919 3473 temporis,
1956 3403 2099 3456 misit

508 3518 651 3572 Deus
687 3512 890 3568 Filium
921 3510 1124 3579 factum
1158 3520 1223 3560 ea:
1253 3502 1493 3565 muliere,
1525 3498 1724 3567 factum
1753 3495 1845 3553 sub
1883 3496 2011 3566 lege,
2046 3504 2100 3547 ut

508 3610 598 3682 qui
628 3608 722 3662 sub
749 3605 858 3674 lege
878 3610 1050 3666 erant,
1083 3598 1377 3659 redimeret,
1407 3604 1461 3645 ut
1491 3608 1583 3647 nos
1604 3591 1838 3660 ﬁliorum
1861 3586 2101 3654 adoptio-

506 3679 620 3755 nem
656 3694 999 3763 reciperemus
1028 3687 1101 3741 ’.ο
1129 3683 1331 3753 Ecquis
1384 3690 1468 3737 est
1499 3681 1591 3735 ille
1622 3681 1711 3749 qui
1771 3679 1967 3731 missus
2014 3685 2099 3729 est

505 3785 606 3843 sub
641 3785 760 3856 lege
816 3789 871 3836 et
902 3790 965 3835 ex
1011 3775 1238 3831 muliere
1272 3770 1447 3827 factus
1491 3779 1596 3832 est,
1627 3776 1689 3824 ut
1745 3765 1877 3831 dixi,
1930 3764 2032 3818 nisi
2055 3764 2103 3818 is

506 3876 599 3946 qui
640 3855 807 3942 supra
839 3867 1010 3935 legem
1044 3871 1183 3928 erat,
1231 3870 1290 3916 ut
1350 3859 1491 3915 Deus
1518 3858 1544 3912 ?
1583 3855 1690 3912 Sed
1740 3866 2101 3926 posteaquam

505 3966 815 4025 declaratus
866 3968 948 4017 est
1009 3960 1191 4022 homo,
1228 3954 1401 4008 iactus
1452 3961 1535 4006 cst
1582 3951 1683 4005 suh
1729 3948 1863 4017 lege,
1905 3958 1964 3999 ut
2009 3960 2103 4013 per

507 4060 692 4117 omnia
738 4055 1001 4111 fratribus
1057 4046 1473 4105 assimilaretur.
1515 4041 1703 4112 itaque
1756 4038 1919 4094 simul
1978 4050 2102 4090 cum

510 4152 672 4209 Petro
705 4148 1084 4206 didraclttnum
1133 4139 1296 4196 solvit
1346 4136 1644 4193 secundum
1685 4135 1859 4201 legem
1916 4128 2103 4183 Hosis.

513 4244 667 4315 Quod
701 4251 882 4297 autem
917 4237 989 4294 sit
1041 4233 1183 4290 liber
1214 4238 1274 4285 ut
1321 4226 1514 4294 Filius,
1582 4236 1636 4280 et
1685 4226 1799 4293 lege
1860 4219 2106 4290 Sttpet'ibl‘

512 4313 571 4392 ut
632 4334 793 4399 Deus,
843 4329 945 4386 etsi
1000 4327 1175 4381 factus
1219 4333 1302 4379 est
1359 4321 1461 4377 sub
1494 4319 1612 4389 lege
1638 4326 1695 4370 ut
1748 4317 1939 4379 homo,
2002 4313 2101 4366 do-

514 4429 628 4487 cuit
665 4428 782 4498 ipse
827 4464 842 4493 ,
889 4420 1072 4493 Reges,
1125 4415 1400 4488 inquiens,
1454 4419 1607 4466 terra:
1641 4425 1674 4462 a
1714 4404 1907 4478 quibus
1963 4404 2104 4457 acci-

2191 1910 2291 1981 τήν
2327 1912 2464 1981 πρὸς
2483 1912 2633 1981 ἡμᾶς
2664 1908 2952 1979 ὁμοίωσιν.
2979 1907 3141 1963 Οὕτω
3171 1910 3388 1977 νοήσεις
3419 1906 3511 1960 τὸν
3543 1907 3610 1958 ὲκ
3636 1904 3779 1959 Θεοῦ

2196 2004 2373 2074 φῦντα
2405 2005 2579 2070 Λόγον
2604 2003 2705 2074 τὴν
2740 2001 2987 2056 ἑκούσιον
3014 2002 3307 2071 ὑπομεῖναι
3330 2001 3563 2053 κένωσιν
3586 2017 3601 2031 ο
3632 1999 3781 2050 οὕτω

2192 2096 2658 2149 τεταπεινωκιναι
2692 2092 2960 2167 [λέγεται]
2985 2094 3180 2148 ἑαυτὸν
3224 2092 3439 2163 μορφὴν
3466 2090 3655 2145 δούλου
3682 2090 3750 2143 λα
3767 2120 3780 2128 -

2196 2191 2308 2243 6ὼν
2331 2193 2359 2243 ό
2389 2189 2534 2243 κατὰ
2565 2188 2732 2257 φύσιν
2764 2188 2901 2242 ῖδὶαν
2928 2186 3214 2257 ἐλεύθερος
3238 2203 3250 2215 ⁸
3284 2184 3429 2238 οὕτω
3461 2186 3782 2255 σπέρματος

2207 2282 2463 2353 Ἀϐραὰμ
2491 2279 2791 2334 ἐπελάϐετο
2810 2319 2824 2344 ,
2856 2280 2952 2333 καὶ
2982 2278 3386 2347 κεκοινώνηκεν
3416 2277 3648 2346 αἵματος
3683 2279 3780 2328 καὶ

2197 2372 2420 2443 σαρκός.
2465 2373 2527 2425 Ei
2550 2372 2662 2442 γὰρ
2705 2370 2998 2443 ἄνθρωπος
3026 2370 3231 2423 νοεῖται
3259 2368 3417 2439 ψιλὸς
3444 2367 3564 2421 καθ’
3602 2368 3777 2436 ἡμᾶς,

2198 2469 2315 2530 πῶς
2352 2467 2539 2537 ἑτέρου
2567 2466 2696 2536 παρ’
2720 2464 2884 2520 αὐτὸν
2917 2452 3165 2533 φυσικῶς
3193 2461 3493 2516 ἐπελάϐετο
3525 2460 3783 2530 σπέρμα-

2197 2575 2286 2620 τος
2332 2557 2619 2627 ’Λϐραάμ;
2647 2556 2774 2619 Πῶς
2803 2556 2861 2609 δὲ
2886 2556 2987 2626 τῆς
3024 2554 3163 2617 ιδίας
3191 2552 3395 2622 σαρκὸς
3446 2568 3781 2616 κεκοινωνηο

2198 2654 2357 2704 κέναι
2383 2648 2607 2718 λέγεται
2635 2648 2781 2703 κατὰ
2810 2649 2991 2702 πάντα
3024 2648 3138 2710 τοῖς
3165 2647 3417 2716 ἀδελφοῖς
3450 2645 3779 2715 ὁμοιωθείςς

2199 2742 2273 2797 Τὸ
2329 2742 2438 2811 γάρ
2488 2752 2635 2794 τισιν
2702 2740 3024 2811 ὁμοιοῦσθαι
3066 2740 3360 2810 λεγόμενον
3419 2739 3478 2803 ἐξ
3513 2740 3783 2808 ἀνομοίου

2202 2836 2349 2900 τινὸς
2372 2836 2466 2889 ἰπὶ
2498 2835 2559 2888 τὸ
2581 2835 2691 2888 δεῖν
2714 2834 3036 2904 ὁμοιοῦσθαι
3087 2838 3291 2904 τρέχει.
3310 2831 3642 2886 Ἐπελάΰετο
3671 2833 3789 2883 τοί-

2202 2945 2299 2982 νυν
2326 2928 2642 2999 σπέρματος
2680 2925 2933 2997 ’Λϐραὰμ
2981 2926 3075 2979 καὶ
3112 2923 3516 2995 κεκοινώνηκεν
3547 2922 3787 2993 αἵματος

2206 3022 2301 3074 καὶ
2333 3018 2535 3089 σαρκὸς
2581 3020 2609 3071 ὁ
2661 3016 2757 3071 τοῦ
2789 3015 2930 3069 Θεοῦ
2974 3016 3170 3083 Λόγος,
3222 3015 3356 3068 ῐδιον
3409 3017 3788 3086 ποιησάμενος

2203 3113 2362 3182 σῶμα
2390 3115 2452 3166 τὸ
2485 3113 2550 3164 ὲκ
2594 3112 2875 3181 γυναικὸς,
2909 3110 2997 3164 ἴνα
3027 3109 3289 3179 μὴμόνον
3326 3108 3589 3180 ὑπάρχων
3626 3109 3783 3172 Θεὸς,

2123 3178 2167 3237 c
2201 3178 2318 3259 ἀλλ’
2354 3204 2457 3275 ήδη
2517 3178 2615 3257 καῖ
2652 3202 2942 3271 ἄνθρωπος
2980 3178 3103 3255 καθ⁴
3131 3178 3281 3273 ἡμᾶς
3329 3178 3574 3270 γεγονὼς
3607 3205 3790 3254 νοοῖτο

2200 3298 2291 3353 διὰ
2325 3297 2426 3369 τὴν
2451 3296 2667 3350 ἕνωσιν.
2729 3295 2942 3348 Οὐκοῦν
2980 3297 3045 3348 ἐκ
3080 3293 3231 3347 δυοῖν
3289 3294 3387 3364 μὲν
3441 3293 3791 3365 πραγμάτων

2200 3390 2660 3463 ὁμολογουμένως
2722 3388 2977 3458 θεότητός
3028 3404 3089 3440 τε
3142 3390 3238 3441 καὶ
3290 3387 3718 3459 ἁνθρωπότητος
3759 3386 3791 3436 ὁ

2215 3483 2590 3556 Ἐμμανουήλ,
2629 3481 2770 3553 πλὴν
2801 3476 2879 3544 εἷς
2909 3479 3116 3551 Κῦριος
3159 3478 3371 3550 Ἰησοῦς
3421 3478 3678 3551 Χριστὸς,
3706 3472 3791 3540 εἷς

2202 3594 2262 3632 τε
2296 3578 2394 3631 καὶ
2427 3576 2646 3646 ἀληθῶς
2681 3575 2829 3637 Υἱὸς,
2886 3574 3021 3637 Θεός
3053 3590 3114 3627 τε
3170 3574 3309 3644 ὁμοῦ
3345 3574 3440 3625 καὶ
3467 3572 3792 3643 ἄνθρωπος,

2204 3673 2299 3727 καὶ
2349 3671 2452 3727 οὐκ
2505 3669 2792 3741 ἄνθρωπος
2837 3668 3184 3738 θεοποιηθεὶς
3224 3671 3288 3722 εν
3347 3667 3456 3738 ῖσῳ
3503 3668 3619 3729 τοῖς
3646 3669 3794 3720 κατὰ

2204 3765 2391 3836 χάριν,
2414 3761 2549 3823 Θεὸς
2568 3761 2624 3815 δὲ
2649 3762 2855 3833 μᾶλλον
2874 3760 3132 3831 ἀληθινὸς
3161 3762 3220 3814 ὲν
3245 3759 3569 3830 ἀνθρωπεία
3602 3761 3792 3829 μορφῇ

2204 3856 2463 3928 πεφηνὼς
2498 3855 2564 3910 δι’
2601 3855 2777 3927 ήμᾶς.
2819 3853 3163 3909 Πιστώσεται
3216 3853 3274 3907 δὲ
3320 3852 3482 3907 τοῦτο
3504 3854 3658 3924 ἡμᾶς
3692 3854 3796 3905 καὶ

2204 3953 2232 4005 ὁ
2264 3947 2556 4009 θεσπέσιος
2580 3944 2798 4011 Παῦλος
2832 3947 3028 4017 λέγων,
3046 3946 3189 4000 Ὅτε
3236 3944 3305 3999 δὲ
3342 3940 3495 4017 ἦλθε
3530 3945 3602 3997 τὸ
3635 3944 3798 4011 πλή-

2199 4057 2369 4110 ρωμα
2398 4040 2506 4094 τοῦ
2539 4040 2786 4108 χρόνου,
2823 4038 3262 4103 ἐξαπέστειλεν
3288 4039 3322 4092 δ
3346 4035 3492 4104 Θεὸς
3523 4037 3631 4091 τὸν
3654 4037 3799 4091 Υιὸν

2205 4131 2393 4187 αὑτοῦ
2429 4130 2759 4201 γενόμενον
2814 4131 2885 4184 ἐκ
2944 4128 3258 4199 γυναικὸς,
3304 4130 3636 4200 γενόμενον
3669 4129 3798 4185 ὑπὸ

2168 4240 2169 4243 ‘
2205 4224 2419 4290 νόμον,
2446 4223 2547 4276 ἵνα
2576 4220 2718 4288 τοὺς
2758 4222 2880 4277 ὑπὸ
2908 4224 3099 4290 νόμον
3139 4220 3510 4291 ἐξαγοράσῃ,
3545 4221 3647 4274 ἵνα
3678 4220 3799 4287 τὴν

2206 4316 2522 4372 υἱοθεσίαν
2553 4314 2953 4384 ἀπολάϐωμεν
2976 4313 3174 4385 ἡμεῖς.
3202 4308 3336 4368 Εἶτα
3358 4314 3439 4376 τις
3465 4316 3493 4367 ὁ
3520 4316 3802 4370 ἀπεσταλ-

2212 4410 2394 4480 μένος,
2435 4408 2541 4461 ὑπὸ
2574 4408 2737 4477 νόμον
2791 4424 2851 4459 τε
2880 4408 2976 4462 καὶ
3012 4410 3077 4460 ἐκ
3105 4407 3388 4477 γυναικὸς,
3432 4405 3507 4472 ὼς
3540 4408 3671 4477 ἔφη,
3698 4423 3793 4474 γε·

514 4496 952 4594 piunt'censum,
1007 4523 1100 4571 aut
1159 4511 1435 4571 tributum,
1478 4521 1511 4559 α
1560 4503 1687 4572 ﬁliis
1734 4502 1869 4564 suis,
1921 4514 1988 4552 an
2040 4496 2092 4550 al

2211 4504 2477 4571 νόμενος;
2515 4500 2662 4571 Πλὴν
2696 4501 2780 4554 ὅτι
2808 4499 2973 4554 πάλιν
3003 4499 3165 4565 αὐτὸς
3200 4500 3230 4553 ό
3270 4499 3415 4570 πέρα
3463 4498 3563 4571 μὲν
3610 4502 3801 4569 νόμων

516 4568 769 4671 Quanam
814 4568 975 4666 Petro
1000 4568 1182 4663 autem
1212 4620 1226 4659 :
1251 4601 1327 4656 Ab
1350 4568 1569 4665 alienis,
1582 4594 1958 4666 respondente,
1978 4590 2092 4645 suh-

2209 4568 2290 4658 tbs
2318 4594 2471 4660 Θεὸς,
2499 4568 2694 4664 ἐπειδὴ
2714 4593 2770 4646 δὲ
2804 4594 3218 4665 κεχρημάτικεν
3248 4568 3563 4665 ἄνθρωπος,
3600 4594 3798 4662 γέγονε

514 4710 647 4780 iecit
686 4708 799 4776 ipse
828 4719 843 4757 :
884 4701 1021 4772 Ergo
1049 4696 1204 4754 liberi
1231 4701 1353 4749 sunt
1384 4689 1558 4769 ﬁlii'.
1591 4689 1762 4742 Porro
1800 4684 1893 4738 Dei
1935 4682 2103 4738 Geni-

519 4775 731 4864 tricem,
768 4809 873 4851 non
919 4803 1100 4848 autem
1162 4785 1370 4844 Christi
1434 4779 1769 4837 Genitricem
1824 4775 2102 4843 Virginem

426 4898 431 4901 ‘
518 4888 875 4960 appellamus,
951 4883 1094 4953 quod
1166 4880 1271 4933 alio
1333 4875 1494 4931 modo
1556 4871 1793 4934 christi,
1867 4870 1967 4922 hoc
2017 4872 2104 4920 est

521 4977 691 5042 uncti,
719 4975 970 5029 dicantur
1041 4982 1157 5025 tum
1208 4982 1387 5037 reges,
1442 4974 1553 5019 tum
1604 4960 1935 5021 sacerdotes,
2000 4969 2104 5009 nec

520 5069 695 5126 solum
742 5067 833 5136 qui
886 5064 1006 5119 oleo
1056 5077 1225 5118 cornu
1281 5056 1560 5129 quondam
1593 5053 1958 5121 ungehantur.
2015 5047 2109 5101 sed

521 5161 683 5217 etiam
721 5157 925 5227 Spiritu
968 5165 1179 5212 saneto.
1221 5154 1425 5207 Horum
1460 5155 1663 5200 matres
1716 5143 1917 5197 Christi
1954 5139 2109 5210 geni-

523 5252 704 5314 trires,
778 5261 883 5302 non
956 5258 1137 5299 autem
1190 5242 1282 5295 Dei
1323 5236 1616 5309 genitrices
1696 5233 1802 5288 uici
1864 5239 2112 5301 possunt.

521 5346 681 5415 Atqui
732 5342 806 5399 dii
845 5355 1062 5411 quoque
1099 5340 1350 5392 dicuntur
1395 5335 1499 5387 alia
1540 5330 1772 5393 ratione,
1827 5336 1887 5381 ut
1935 5326 2110 5381 illud:

521 5439 662 5495 Deus
711 5437 853 5491 stetit
898 5437 949 5489 in
1007 5446 1271 5503 synagoga
1323 5426 1602 5481 deorum‘.
1664 5422 1745 5480 Ne
1808 5422 1973 5491 igitur
2044 5434 2109 5473 ex

522 5539 708 5587 Sancta
750 5528 971 5599 Virgine
1020 5525 1234 5598 genitus
1292 5536 1430 5576 unus
1488 5534 1551 5575 ex
1612 5519 1719 5587 his,
1772 5517 1866 5587 qui
1917 5514 2108 5571 cltristi

522 5626 795 5680 dicuntur.
847 5621 1213 5681 existimetur,
1270 5629 1389 5669 eam
1434 5629 1539 5668 non
1601 5613 1837 5668 dicimus
1901 5611 2103 5666 Christi

600 5765 613 5792 ¹
654 5763 835 5818 Galat.
881 5779 955 5831 tv,
992 5764 1045 5830 4,
1085 5763 1137 5816 ὅ.

2208 4688 2307 4739 καὶ
2358 4685 2463 4738 ὑπὸ
2520 4686 2710 4754 νόμον,
2766 4686 2855 4740 ἵνα
2909 4686 3054 4739 κατὰ
3128 4684 3307 4739 πάντα
3364 4687 3480 4748 τοῖς
3545 4683 3799 4753 ἀδελφοῖς

2205 4774 2475 4846 όμοιωθῇ.
2525 4777 2635 4830 Καὶ
2659 4775 2788 4844 γοῦν
2818 4777 3062 4830 συντελεῖ
3102 4777 3203 4847 μὲν
3230 4776 3369 4847 όμοῦ
3402 4775 3482 4846 τῷ
3512 4774 3705 4846 Πέτρῳ
3730 4775 3794 4827 τὸ

2210 4870 2512 4937 δίδραχμον
2542 4870 2685 4921 κατὰ
2718 4870 2813 4937 τὸν
2841 4872 2934 4923 τοῦ
2962 4870 3208 4933 Μωσέως
3234 4870 3401 4940 νόμον
3425 4885 3439 4899 ·
3462 4870 3545 4923 ὅτι
3565 4868 3622 4923 δέ
3642 4870 3791 4920 ἐστιν

2209 4962 2497 5032 ἐλεύθερος
2528 4962 2601 5026 ῶς
2625 4961 2755 5026 Υἱὸς
2786 4962 2883 5017 καὶ
2920 4962 3087 5033 νόμου
3116 4962 3385 5032 κρείττων
3407 4960 3483 5026 ὡς
3510 4962 3666 5026 Θεὸς,
3697 4960 3800 5015 καὶ

2211 5060 2261 5112 εἰ
2294 5059 2519 5126 γέγονεν
2551 5055 2658 5109 ὑπὸ
2714 5056 2881 5126 νόμον
2938 5054 3014 5119 ὡς
3062 5054 3377 5124 ἄνθρωπος,
3418 5054 3670 5109 ἐδίδασκε
3705 5052 3803 5106 λέ-

2211 5168 2346 5220 γων,
2376 5153 2439 5203 Ol
2460 5149 2747 5217 βασιλεῖς
2776 5148 2889 5218 τῆς
2912 5147 3027 5217 γῆς
3058 5147 3178 5203 ἀπὸ
3203 5148 3387 5202 τίνων
3413 5147 3804 5217 λαμϐάνουσι

2209 5243 2469 5311 κῆνσον,
2494 5240 2533 5310 ἢ
2551 5240 2722 5309 τέλη,
2757 5241 2878 5296 ἀπὸ
2909 5240 3026 5293 τῶν
3042 5239 3191 5293 υἱῶν
3210 5237 3432 5305 αὐτῶν,
3459 5238 3498 5308 ἢ
3526 5237 3647 5293 ἀπὸ
3679 5234 3807 5291 τῶν

2207 5335 2582 5402 ἀλλοτρίωη
2620 5332 2830 5402 Πέτρου
2869 5331 2926 5384 δὲ
2946 5333 3268 5401 φάσκοντος,
3299 5329 3433 5383 Ἆπό
3465 5327 3583 5382 τῶν
3613 5329 3804 5383 ἀλλο-

2210 5430 2413 5498 τρίων,
2454 5428 2762 5497 ἐπήνεγκεν
2790 5425 2952 5488 αὐτὸς
2974 5465 2990 5490 ,
3020 5425 3172 5493 'Apa
3200 5438 3269 5493 γε
3293 5424 3601 5492 ἐλεύθεροί
3637 5425 3805 5477 εἰσιν

2210 5523 2262 5575 ol
2298 5520 2440 5574 υἱοί.
2468 5518 2735 5571 Θεοτόκον
2763 5517 2854 5581 δὲ,
2906 5519 2999 5585 καὶ
3044 5517 3106 5572 οὐ
3155 5517 3506 5587 χριστοτόκον
3558 5513 3803 5582 λέγομεν

2208 5616 2306 5682 τὴν
2339 5613 2642 5683 Παρθένον,
2679 5612 2775 5665 καὶ
2816 5610 2943 5666 καθ’
2999 5610 3186 5682 ἕτερον
3233 5610 3392 5680 λόγον
3424 5607 3666 5679 χριστῶν
3706 5606 3801 5661 λε-
3907 5622 3917 5629 ‘

1215 5764 1233 5792 ⁸
1260 5759 1449 5814 Matth.
1483 5776 1529 5813 χ·
1556 5775 1616 5825 ιι,
1661 5758 1752 5812 ’24.
1836 5758 1854 5788 ³
1883 5757 2010 5813 Ibid.
2052 5758 2140 5813 ‘25.
2224 5759 2242 5789 ⁵
2276 5757 2417 5812 l’sal.
2449 5770 2644 5823 um,
2678 5756 2729 5811 i.
