4082 6410
365 401 500 470 1005

1324 400 1707 461 ΡΑΝῡΡιιΑ
1752 397 2209 459 DOGMATICA.
2251 422 2318 431 —
2359 400 2505 460 ΤΙΤ.
2551 401 2670 464 XV.

3498 404 3632 470 10οἢ

359 523 611 594 γομένων
639 521 744 574 τῶν
786 538 843 574 τε
889 485 1082 592 ἱερέων
1113 518 1203 572 καὶ
1241 517 1527 588 βασιλέων,
1563 517 1658 570 καὶ
1683 516 1742 570 ού
1775 517 1935 586 μόνον

2066 514 2402 580 Ienitricem,
2463 530 2778 584 quanquam
2821 512 3097 570 Christum
3141 517 3353 585 genuit,
3402 523 3492 573 scil
3540 525 3633 576 αἱ

357 616 466 668 τῶν
496 615 572 687 τῷ
611 614 777 685 ἐλαίῳ
805 613 900 668 τοῦ
942 613 1175 684 κέρατος
1208 611 1380 664 πάλαι
1430 612 1760 681 χρωμένων.
1797 608 1931 661 ἀλλὰ

357 709 454 759 καὶ
479 706 586 760 τῶν
608 706 687 777 τῷ
710 705 852 776 ἁγίῳ
878 704 1578 774 Πνεύματικεχρισμένων.
1599 702 1665 752 Ai
1695 700 1932 770 μητέρες

357 798 541 853 αὐτῶν
565 799 911 869 χριστοτόκοι
947 797 1047 868 μὲν
1073 797 1184 867 γὰρ
1217 797 1458 867 ῥηθεῖεν,
1483 795 1739 848 Θεοτόκοι
1767 793 1824 845 δὲ
1847 792 1940 844 οὐ·

357 888 569 958 δαμῶς,
607 890 788 944 καίτοι
816 892 912 944 καὶ
941 890 1081 943 θεῶν
1127 889 1329 959 ἑτέρως
1352 887 1666 958 λεγομένων
1689 886 1831 938 κατὰ
1852 884 1936 946 τὸ,

2045 607 2223 676 potius
2248 608 2577 662 Genitricem
2603 606 2974 676 appellamus;
3007 620 3076 661 ne
3106 608 3312 664 nudum
3339 610 3632 670 hominem.

2045 700 2229 768 quales
2273 701 2346 754 illi
2390 712 2536 766 sunt,
2569 702 2639 755 ab
2675 701 2759 755 illa
2808 701 3047 771 genitum
3095 705 3482 764 concedamus.
3513 720 3634 759 eam

2037 802 2358 860 separantcs
2393 797 2461 848 ab
2487 795 2606 848 aliis
2641 795 2928 859 matribus,
2971 809 3090 864 quae
3145 795 3401 860 cbristos,
3451 799 3502 851 id
3527 811 3633 860 est,

2041 893 2232 938 unctos
2313 900 2492 955 reges,
2578 901 2674 940 seu
2747 889 3060 942 sacerdotes

3134 901 3456 957 genuerunt,
3533 890 3625 944 Dei

371 980 428 1032 Ὀ
457 982 603 1046 Θεὸς
634 980 784 1049 ἔστη
818 981 888 1034 ἐν
918 978 1249 1050 συναγωγῇ
1296 979 1467 1034 θεῶν.
1523 979 1640 1031 Ἵνα
1701 975 1794 1030 οὖν
1859 976 1938 1046 μή

2066 977 2371 1032 lenitricem
2397 979 2758 1034 nominamus.

358 1074 481 1128 κατ’
504 1073 748 1138 ἐκείνους
772 1075 900 1138 τοὺς
951 1073 1210 1144 χριστοὺς
1251 1075 1280 1125 ό
1328 1073 1612 1142 γεννηθεὶς
1669 1072 1733 1124 ὲκ
1790 1069 1892 1139 τῆς
1954 1070 2115 1138 ἁγίας
2157 1070 2442 1138 Παρθένου
2482 1073 2794 1144 νομισθείη,
2860 1075 3212 1146 χριστοτόκον
3275 1079 3376 1146 μὲν
3403 1079 3504 1133 οὐκ
3565 1081 3636 1134 ἂν

357 1167 616 1237 εἴποιμεν
646 1165 841 1238 αὐτὴν,
880 1168 1058 1220 καίτοι
1123 1164 1216 1220 τὸν
1283 1164 1519 1236 Χριστὸν
1559 1163 1924 1234 γεννήσασαν,
1985 1161 2248 1217 Θεοτόκον
2306 1165 2624 1235 δὲμᾶλλον,
2692 1167 2782 1221 ίνα
2853 1167 2927 1238 μὴ
2989 1167 3146 1236 ψιλὸν
3195 1168 3487 1238 ἄνθρωπον
3542 1178 3640 1226 καὶ

362 1263 493 1318 κατ’
530 1262 776 1326 ἑκείνους
827 1264 955 1326 τοὺς
1010 1263 1268 1333 χριστοὺς
1319 1263 1411 1316 τὸν
1450 1261 1781 1330 γεννηθέντα
1821 1259 2062 1313 νοεῖσθαι
2105 1261 2356 1332 δοίημεν.
2398 1262 2940 1326 ’Δποδιαστέλλοντες
2982 1263 3039 1317 δὲ
3077 1263 3245 1331 αὐτὴν
3289 1262 3401 1314 τῶν
3461 1261 3640 1318 ἄλλων

310 1357 316 1363 ’
364 1354 744 1425 χριστοτόκων
779 1351 1056 1422 μητέρων,
1084 1350 1270 1415 ιδικῶς
1313 1368 1374 1404 τε
1429 1351 1524 1404 καὶ
1581 1351 1876 1422 ἐξαιρέτως
1895 1350 2348 1421 κατονομάζομεν
2379 1354 2550 1426 αὐτὴν
2569 1355 2859 1410 Θεοτόκον.

367 1475 498 1531 Ἔτι
525 1477 678 1530 κατὰ
698 1471 1142 1597 Νεστοριαέὧν,
1165 1471 1287 1609 τοᾷ,
1303 1473 1730 1541 Δαμασκηνοῦ.
1755 1471 1947 1542 Κεφά-

1041 1559 1178 1597 αιον
1198 1559 1229 1595 o
1294 1583 1308 1596 .

1041 1559 1308 1597 aunrocu

440 1637 706 1692 Gtmdxov
772 1636 831 1690 δὶ
894 1635 1104 1706 κυρίως
1191 1637 1286 1688 καὶ
1338 1633 1556 1704 ἀληθῶς
1636 1635 1737 1703 τὴν
1787 1634 1952 1700 ἁγίαν

362 1722 643 1794 Παρθένον
688 1721 1041 1793 κηρύττομεν
1070 1735 1084 1750 ⁸
1139 1721 1217 1785 ὼς
1259 1722 1368 1792 γὰρ
1401 1720 1535 1784 Θεὸς
1568 1720 1773 1792 ἀληθὴς
1818 1725 1847 1776 ὁ
1889 1722 1950 1786 ἐξ

363 1815 538 1884 αὐτῆς
572 1812 880 1883 γεννηθεὶς,
931 1810 1142 1884 ἀληθὴς
1191 1812 1456 1876 Θεοτόκος
1487 1814 1521 1883 ή
1570 1813 1664 1866 τὸν
1693 1812 1947 1883 ἀληθινὸν
1983 1845 2024 1897 Β

363 1907 498 1961 Θεὸν
538 1906 602 1969 ἐξ
651 1906 821 1974 αὐτῆς
857 1903 1284 1975 σεσαρκωμὲνον
1309 1906 1651 1975 γεννήσασα·
1681 1905 1814 1957 θεὸν
1836 1904 1948 1975 γάρ

363 2016 548 2069 φαμεν
578 1996 639 2062 ἐξ
671 1997 846 2066 αὐτῆς
881 1996 1269 2066 γεγεννῆσθαι,
1306 1998 1405 2067 οὐχ
1448 1995 1523 2060 ὡς
1560 2000 1657 2067 τῆς
1696 1996 1949 2066 θεότητος

362 2094 458 2146 τοῦ
485 2093 662 2161 Λόγου
695 2091 873 2162 ἀρχὴν
899 2089 995 2143 τοῦ
1024 2085 1164 2142 εἶναι
1209 2089 1485 2159 λαϐούσης
1517 2089 1577 2154 ἐξ
1607 2089 1802 2157 αὐτῆς,
1832 2089 1948 2142 ἀλλ’

362 2182 442 2245 ὡς
483 2181 650 2234 αὑτοῦ
677 2180 773 2234 τοῦ
802 2179 941 2234 Θεοῦ
976 2180 1182 2248 Λόγου,
1216 2181 1279 2234 τὸ
1321 2180 1430 2250 πρὸ
1457 2180 1670 2234 αἰώνων
1705 2180 1949 2250 ἀχρόνως

365 2275 435 2326 hc
469 2273 683 2344 Πατρός
728 2271 1109 2342 γεννηθέντος,
1151 2272 1248 2325 καὶ
1294 2271 1552 2340 ἀνάρκως
1586 2271 1683 2324 καὶ
1736 2271 1947 2332 ἀΐδίως,

366 2365 707 2434 ὑπάρχοντος
734 2376 758 2403 ι
792 2364 889 2416 σὺν
925 2359 1003 2432 τῷ
1047 2363 1224 2431 Πατρὶ
1256 2361 1353 2414 καὶ
1396 2361 1474 2430 τῷ
1517 2360 1820 2429 Πνεύματι,
1863 2358 1951 2410 ἐπ’

362 2459 609 2528 ἐσχάτων
645 2457 754 2508 τῶν
786 2455 1012 2525 ἡμερῶν
1051 2454 1142 2506 διὰ
1190 2455 1289 2523 τὴν
1334 2453 1612 2524 ἡμετέραν
1649 2453 1946 2523 σωτηρίαν,

365 2554 426 2604 ἐν
469 2552 536 2619 τῇ
573 2548 776 2618 γαστρὶ
833 2547 1006 2616 αὐτῆς
1056 2548 1475 2616 ὲνοικήσαντος,
1532 2545 1626 2597 καὶ
1675 2545 1734 2612 ἐξ
1780 2546 1948 2614 αὐτῆς

364 2641 768 2712 ἁμεταὸλήτως
804 2638 1180 2710 σαρκωθέντος
1213 2640 1311 2691 καὶ
1338 2637 1711 2707 γεννηθέντος.
1733 2638 1809 2690 Ού
1843 2637 1951 2707 γὰρ

368 2731 660 2801 ἄνθρωπον
693 2729 850 2797 ψιλὸν
879 2728 1177 2798 ἐγέννησεν
1217 2729 1250 2796 ἡ
1294 2728 1426 2794 ἁγία
1477 2726 1772 2798 Παρθένος,
1814 2727 1950 2779 ἀλλᾶ

369 2824 504 2876 Θεὸν
535 2818 789 2893 ἀληθινόν
808 2831 820 2848 ³
847 2819 907 2870 ού
944 2817 1172 2886 γυμνὸν,
1193 2817 1330 2871 ἀλλὰ
1371 2815 1820 2886 σεσαρκωμένονο
1853 2817 1952 2868 οὐκ

367 2913 666 2986 οὐρανόθεν
693 2911 755 2966 τὸ
791 2910 950 2979 σῶμα
993 2908 1400 2976 καταγαγόντα,
1429 2910 1524 2961 καὶ
1555 2908 1629 2970 ὡς
1657 2907 1748 2962 διὰ
1772 2907 1951 2976 σωλῆ-

368 3025 456 3070 νος
488 3006 556 3060 δι’
589 3006 758 3074 αὐτῆς
789 3001 1148 3076 παρελθόντα,
1201 3001 1317 3054 ἀλλ’
1345 3000 1402 3065 ἐξ
1444 3000 1616 3066 αὐτῆς
1663 2999 1950 3068 όμοούσιον

362 3102 498 3170 ἡμῖν
529 3098 708 3168 σάρκα
732 3093 1098 3156 ἀναλαϐόντα,
1121 3093 1213 3143 καὶ
1241 3092 1298 3142 ὲν
1329 3091 1508 3161 ἑαυτῷ
1536 3093 1920 3163 ὑποστήσαντα
1943 3131 1954 3144 .

2123 1471 2258 1526 Item
2283 1473 2535 1526 adversus
2558 1471 2930 1537 Nestorianos,
2953 1471 3292 1527 Damasceni.
3315 1470 3449 1541 Cap.
3473 1472 3563 1528 76.

2140 1640 2340 1694 Sancta
2372 1636 2554 1693 Maria
2575 1637 2674 1692 Dei
2719 1635 2898 1692 Mater
2929 1637 3160 1707 proprie.
3181 1634 3386 1691 Contra
3412 1633 3652 1690 Valenti-

2070 1747 2195 1785 num
2225 1738 2275 1785 et
2299 1730 2434 1784 alios
2459 1746 2478 1783 :
2513 1739 2686 1783 ortam
2726 1743 2792 1782 ea:
2837 1728 3014 1782 Maria
3064 1726 3269 1783 Christi
3323 1741 3557 1780 carnem.
3584 1753 3654 1766 ——

2072 1822 2334 1877 Sanctam
2369 1835 2534 1891 porro
2579 1819 2865 1891 Virginem
2918 1819 3009 1873 Dei
3048 1817 3272 1888 proprie
3319 1827 3374 1872 et
3406 1831 3534 1871 vere
3557 1833 3650 1886 gr.-

2071 1913 2324 1966 nitricem
2397 1909 2782 1979 pradicamus-
2925 1906 3081 1961 Sicut
3154 1907 3302 1962 enim
3356 1920 3520 1960 verus
3565 1915 3652 1960 est

2073 2003 2244 2066 Deus,
2275 2001 2368 2071 qui
2400 2015 2466 2054 ex
2514 1999 2632 2069 ipsa
2667 2006 2829 2052 natus
2862 2005 2988 2065 est;
3027 1998 3099 2050 ita
3149 1997 3378 2066 perinde
3413 1996 3505 2051 Dei
3534 1994 3652 2048 Ma-

2069 2105 2154 2149 ter
2178 2100 2283 2158 est,
2319 2107 2440 2162 quae
2486 2104 2682 2145 verum
2728 2089 2899 2145 Deum
2944 2107 3008 2144 ex
3064 2105 3122 2144 se
3158 2090 3505 2145 incarnatum
3553 2105 3650 2160 ge-

2071 2185 2211 2239 nuit.
2252 2184 2419 2238 Deum
2458 2196 2626 2252 porro
2656 2196 2723 2236 ex
2751 2196 2815 2236 ea
2863 2190 3054 2235 natum
3095 2197 3219 2238 esse
3249 2182 3510 2245 dicimus,
3539 2196 3648 2235 non

2069 2278 2212 2346 quod
2248 2275 2412 2330 Verbi
2445 2273 2708 2329 divinitas
2737 2273 3037 2330 exsistendi
3068 2273 3399 2343 principium
3432 2289 3501 2328 ex
3532 2273 3650 2342 ipsa

2070 2369 2338 2433 traxerit;
2381 2369 2475 2424 sed
2507 2368 2638 2438 quia
2672 2365 2912 2422 Verbum
2959 2366 3164 2436 ipsum,
3200 2366 3347 2436 quod
3377 2373 3505 2420 ante
3550 2381 3650 2420 ειε-

2068 2465 2192 2516 cuia
2255 2462 2394 2515 citra
2452 2459 2622 2514 ullum
2683 2472 2901 2528 tempus
2957 2459 3202 2528 genitum
3254 2467 3361 2522 est,
3408 2471 3471 2510 ac
3529 2457 3653 2511 sine

2069 2552 2296 2610 exordio
2351 2560 2406 2607 et
2438 2551 2774 2621 sempiterna
2827 2566 2934 2604 una
2982 2565 3107 2603 cum
3147 2547 3308 2604 Patre
3339 2558 3393 2603 et
3441 2549 3654 2618 Spiritu

2069 2655 2258 2700 sancto
2288 2652 2392 2707 est,
2422 2643 2476 2697 in
2499 2641 2762 2698 extremis
2787 2639 2986 2698 diebus
3011 2639 3208 2697 salutis
3235 2646 3437 2694 nostras
3464 2651 3653 2702 causa,

2069 2737 2126 2790 in
2154 2745 2312 2791 utero
2344 2734 2521 2804 ipsius
2556 2733 2844 2800 habitavit,
2877 2742 2931 2787 et
2977 2741 3263 2802 assumpta
3299 2747 3468 2787 carne
3498 2746 3562 2784 ex
3589 2743 3656 2783 ea

2069 2827 2316 2898 genitum
2367 2835 2451 2881 est
2503 2827 2624 2882 sine
2662 2826 2751 2882 sui
2782 2826 3178 2880 demutatione.
3225 2823 3343 2879 Non
3376 2825 3522 2878 enim
3553 2824 3650 2876 ho-

2070 2920 2274 2974 minem
2307 2933 2508 2990 puruni
2555 2925 2748 2972 sancta
2781 2915 2948 2987 Virgo
2980 2918 3192 2987 genuit,
3222 2917 3316 2970 sed
3349 2914 3519 2970 Deum
3553 2931 3649 2968 vc-

2071 3025 2226 3077 rum;
2267 3025 2374 3064 non
2407 3009 2640 3076 nudum,
2688 3007 2782 3063 sed
2817 3023 2983 3063 carne
3012 3009 3306 3076 vestitum;
3349 3022 3450 3062 nec
3484 3007 3557 3060 ita
3589 3016 3649 3060 ut

2068 3117 2302 3172 corpore
2351 3101 2420 3156 de
2453 3103 2610 3156 ccelis
2653 3100 2840 3164 allato,
2895 3115 2992 3170 per
3019 3114 3139 3154 eam
3173 3100 3322 3154 velut
3355 3111 3452 3168 per
3482 3112 3651 3151 cana-

362 3193 429 3246 Ei
461 3189 569 3260 γὰρ
599 3187 900 3259 οὐρανόθεν
927 3187 987 3239 τὸ
1029 3184 1190 3256 σῶμα
1221 3184 1568 3252 κεκόμισται,
1597 3185 1691 3235 καὶ
1710 3185 1770 3235 οὐ
1848 3185 1948 3255 τῆς

2068 3192 2174 3246 lem
2205 3191 2506 3257 transierit,
2542 3190 2636 3248 sed
2666 3206 2731 3246 ex
2775 3190 2892 3261 ipsa
2923 3203 3146 3244 carnem
3176 3191 3422 3260 ejusdem
3457 3203 3520 3243 ac
3550 3205 3648 3246 nos

361 3281 483 3337 καθ’
517 3282 670 3351 ἡμᾶς
696 3279 914 3348 φύσεως
939 3277 1216 3346 εἴληπται,
1242 3275 1324 3340 τίς
1354 3276 1514 3346 χρεία
1540 3273 1640 3339 τῆς
1675 3274 1948 3344 ὲνανθρω·

361 3375 615 3443 πήσεως;
652 3371 717 3424 Ἦ
745 3370 855 3439 γὰρ
892 3367 1307 3439 ὲνανθρώπησις
1350 3367 1444 3421 τοῦ
1494 3366 1628 3420 Θεοῦ
1655 3368 1831 3434 Λόγου
1861 3368 1950 3420 διὰ

369 3467 528 3521 τοῦτο
551 3466 793 3534 γέγονεν,
822 3466 906 3520 ἵνα
926 3465 1064 3534 αὐτὴ
1097 3466 1129 3534 ἡ
1155 3465 1540 3534 ἀμαρτήσασα,
1567 3465 1662 3517 καὶ
1681 3461 1945 3527 πεσοῦσα,

366 3559 464 3612 καὶ
493 3556 766 3626 φθαρεῖσα
797 3557 979 3624 φύσις,
1009 3557 1210 3626 νικήσῃ
1238 3556 1328 3609 τὸν
1363 3556 1722 3626 ἀπατήσαντα
1745 3555 1943 3625 τύραν-

367 3679 480 3725 νον,
506 3661 606 3714 καὶ
628 3658 778 3712 οὓτω
811 3656 912 3726 τῆς
946 3653 1155 3724 φθορᾶς
1181 3651 1546 3722 ὲλευὺερωθῇ,
1571 3647 1755 3713 καθώς
1785 3665 1954 3718 φησιν

2066 3653 2169 3702 tem
2198 3645 2406 3702 idcirco
2447 3646 2627 3701 induit
2653 3686 2667 3710 ,

2062 3745 2304 3802 caverat,
2341 3737 2748 3806 cecideratque,
2789 3742 2843 3789 et
2878 3742 3139 3804 corrupta
3171 3740 3312 3796 erat,
3343 3740 3641 3804 tyrannum

367 3752 554 3810 ὁθείος
569 3746 915 3807 ’Δπόστολος.
934 3741 1176 3810 Ἐπειδὴ
1193 3741 1268 3794 δι’
1289 3740 1605 3808 ἀνθρώπου
1625 3740 1659 3791 ό
1674 3736 1952 3801 θάνατος,

2069 3286 2395 3341 substantiae
2419 3287 2715 3356 acceperit,
2746 3299 2869 3354 qua:
2905 3286 2958 3338 in
3001 3285 3186 3354 seipso
3303 3283 3645 3339 subsisteret.

2067 3375 2203 3430 Nam
2264 3378 2308 3430 si
2364 3391 2569 3446 corpus
2621 3392 2652 3431 e
2698 3378 2838 3432 coelo
2871 3377 3159 3431 devectum
3209 3384 3311 3438 est,
3347 3389 3412 3429 ac
3443 3389 3551 3428 non
3582 3389 3645 3428 es

2068 3476 2262 3521 natura
2294 3479 2482 3536 nostra
2524 3475 2836 3536 acceptum,
2877 3466 3008 3536 quid
3035 3464 3257 3519 tandem
3311 3467 3644 3518 inhumana-

2065 3559 2218 3612 tione
2255 3535 2396 3627 opits
2442 3558 2607 3611 erat?
2636 3535 2851 3612 Etenim
2896 3535 3000 3610 Dei
3046 3555 3284 3610 Verbum
3333 3555 3646 3609 immanita-

2755 3652 2814 3699 ut
2859 3643 3032 3713 ipsam
3056 3652 3113 3698 et
3140 3650 3336 3696 natura
3365 3656 3486 3711 quae
3513 3657 3644 3713 pec-

370 3842 470 3895 καί
498 3841 575 3894 δι’
605 3837 922 3906 ἀνθρώπου
945 3834 1285 3901 ἀνάστασις
1311 3829 1559 3901 νεκρῶν·
1585 3831 1634 3882 εἰ
1657 3830 1720 3882 τὸ
1746 3827 1954 3897 πρῶτον

2066 3827 2154 3897 qui
2188 3841 2248 3883 se
2277 3828 2594 3898 deceperat,
2639 3834 2948 3894 superaret,
2998 3825 3187 3896 sicque
3221 3839 3249 3877 a
3282 3826 3647 3893 corrupt‘onc

370 3931 606 4000 ἀληθὲς,
685 3929 784 3982 καὶ
810 3927 872 3980 τὸ
901 3927 1177 3996 δεύτερον.

2067 3917 2464 3983 vindicaretur,
2523 3927 2581 3970 ut
2615 3918 2836 3971 divinus
2881 3917 3180 3986 Apostolus
3225 3915 3302 3968 ait
3337 3930 3352 3966 :
3382 3913 3644 3980 Quoniam

374 4038 468 4092 per
499 4021 765 4074 hominem
794 4034 958 4083 mors,
985 4026 1032 4071 et
1061 4032 1155 4084 per
1184 4014 1446 4068 hominem
1470 4012 1787 4068 resurrectio
1821 4018 2153 4062 mortuorum
2221 4006 2260 4062 ⁸.
2296 4007 2352 4063 Si
2397 4008 2633 4079 primum
2702 4007 2834 4062 illud
2883 4021 3007 4061 vere
3075 4005 3310 4071 exstitit,
3398 4020 3528 4060 sane
3592 4014 3647 4057 ct

373 4111 704 4169 secundum.

449 4205 511 4258 Εί
535 4203 591 4257 δὲ
616 4202 709 4256 καὶ
729 4200 910 4270 λέγει’
952 4198 1016 4252 '0
1048 4195 1281 4266 πρῶτος
1384 4194 1568 4264 Ἀδὰμ
1741 4194 1810 4247 ἐκ
1846 4189 1956 4262 γῆς

377 4293 609 4361 χο“κὸς,
645 4295 677 4345 ό
716 4289 786 4342 δὲ
827 4287 1110 4356 δεύτερος
1146 4285 1342 4355 Ἀδὰμ,
1368 4287 1402 4338 ὁ
1429 4287 1646 4352 Κύριος
1674 4283 1742 4346 ἐξ
1780 4283 1958 4350 οὐρα-

377 4383 513 4444 νοῦ,
545 4384 610 4436 ού
644 4383 705 4436 τὸ
741 4381 908 4450 σῶμά
936 4395 1104 4450 φησιν
1135 4379 1196 4445 te
1233 4377 1488 4447 οὐρανοῦ,
1524 4375 1662 4430 ἀλλὰ
1692 4374 1852 4444 δῆλον
1885 4374 1962 4437 ὡς

2206 4182 2320 4238 Etsi
2365 4191 2546 4237 autem
2597 4183 2684 4238 liis
2741 4182 2919 4242 verbis
2955 4184 3153 4249 utitur,
3202 4180 3418 4237 Primus
3471 4183 3646 4236 Adam

2059 4281 2122 4331 de
2164 4287 2328 4339 terra,
2399 4287 2656 4340 terrenus,
2718 4274 2980 4330 secundus
3037 4275 3236 4340 Adam,
3286 4275 3544 4331 Dominus
3584 4279 3648 4333 de

2059 4366 2187 4420 caelo
2234 4368 2283 4429 ’,
2329 4379 2439 4418 non
2470 4365 2674 4428 innuit,
2707 4377 2908 4434 corpus
2949 4363 3071 4434 ejus
3105 4364 3176 4420 de
3203 4364 3351 4420 caelo
3399 4364 3649 4431 ﬂuxisse,

380 4476 445 4529 οὐ
474 4476 629 4546 ψιλὸς
662 4473 952 4545 ἄνθρωπός
983 4474 1155 4526 ἐστιν.
1192 4470 1322 4524 Ἰδοὺ
1344 4469 1454 4538 γὰρ
1474 4470 1570 4522 καὶ
1600 4467 1769 4536 Ἀδὰμ
1800 4467 1954 4519 αὑτὸν

2066 4457 2154 4515 sed
2194 4471 2318 4511 eum
2351 4456 2558 4510 nudum
2587 4454 2864 4509 hominem
2897 4469 3004 4509 non
3039 4470 3162 4511 esse
3191 4456 3453 4512 ostendit.
3486 4455 3646 4517 Nam.

384 4567 666 4636 ὠνόμασε,
698 4567 794 4620 καὶ
829 4564 1056 4633 Κύριον,
1094 4564 1156 4616 τὸ
1200 4562 1612 4632 συναμφότερον
1659 4558 1954 4628 σημαίνων.

2066 4557 2121 4602 ut
2177 4545 2348 4608 vides.
2401 4555 2455 4600 et
2489 4543 2781 4609 Adamum,
2837 4555 2892 4599 et
2952 4544 3269 4611 Dominum,

393 4657 570 4729 Ἀδὰμ
603 4658 702 4728 μὲν
740 4657 852 4726 γὰρ
903 4654 1268 4725 ἑρμηνεύεται
1307 4651 1601 4723 γηγενής·
1634 4650 1876 4720 γηγενὴς
1908 4650 1964 4702 δὲ

380 4747 548 4820 δῆλον
579 4751 661 4801 ὅτι
716 4749 870 4799 ἐστὶν
899 4747 933 4817 ἡ
965 4746 1064 4798 τοῦ
1108 4743 1398 4816 ἀνθρώπου
1450 4743 1632 4813 φύσις,
1665 4743 1697 4811 ἡ
1743 4741 1808 4792 ἐκ
1846 4739 1968 4811 χοὸς

385 4841 688 4896 ’κλασθεῖσα
712 4855 725 4870 ο
756 4839 815 4892 τό
847 4839 1058 4907 Κύριος
1085 4837 1164 4900 δὲ,
1195 4837 1298 4907 τῆς
1328 4835 1478 4900 θείας
1496 4833 1687 4896 ούσίας
1714 4833 1833 4886 ἐστὶ
1860 4847 1966 4884 πα-

387 4931 740 5005 ραστατικόν.

454 5114 624 5168 Πάλιν
661 5114 720 5167 δέ
758 5130 927 5183 φησιν
965 5116 993 5168 ὁ
1047 5113 1371 5176 Ἀπόστολος
1395 5129 1408 5143 ⁶
1454 5113 1893 5177 ἐξαπέστειλεν
1934 5115 1966 5166 ό

385 5207 532 5272 Θεὸς
553 5206 661 5261 τὸν
698 5207 835 5260 Υἰύν
867 5207 1057 5261 αὑτοῦ
1087 5203 1530 5275 desperarem},
1556 5208 1880 5274 γενόμενον
1900 5207 1968 5259 ἐκ

381 5296 688 5362 γυναικός.
727 5295 839 5347 Οὐκ
873 5291 1016 5359 εἷπε,
1047 5294 1143 5348 διὰ
1173 5298 1482 5363 γυναικός,
1525 5295 1642 5348 ἀλλ’
1671 5296 1740 5348 ἐκ
1762 5313 1968 5364 γυναι-

381 5387 508 5453 κός.
552 5387 857 5458 Ἐσήμανεν
912 5383 1006 5441 οὖν
1045 5390 1073 5440 ό
1124 5389 1265 5450 θεῖος
1323 5387 1666 5451 Ἀπόστο).ος,
1697 5387 1774 5448 ὡς
1806 5385 1968 5447 αὐτός

382 5479 534 5532 ἐστιν
571 5482 598 5532 ό
641 5479 936 5548 μονογενὴς
969 5481 1094 5544 Υἱὸς
1130 5480 1222 5534 τοῦ
1255 5479 1390 5532 θεοῦ
1417 5482 1512 5532 καὶ
1547 5479 1700 5541 θεὸς,
1724 5483 1752 5532 ὁ
1775 5482 1836 5530 ἐκ
1872 5481 1969 5548 τῆς

389 5569 675 5641 Παρθένου
702 5573 993 5640 γενόμενος
1019 5573 1330 5643 ἄνθρωπος,
1356 5575 1448 5626 καὶ
1487 5573 1648 5634 αὑτός
1667 5573 1814 5624 ἐστιν
1843 5573 1871 5623 ό
1906 5572 1970 5623 ἐκ

381 5664 485 5732 τῆς
515 5665 799 5737 Παρθένου
839 5666 1145 5735 γεννηθεὶς,
1179 5669 1206 5718 ό
1245 5668 1372 5729 Υἱὸς
1409 5666 1503 5719 τοῦ
1531 5666 1665 5718 Θεοῦ
1689 5669 1782 5718 καὶ
1802 5665 1934 5727 Θεός
1953 5680 1966 5693 '

489 5851 505 5882 ⁸
542 5849 558 5904 l
593 5848 721 5904 Cor.
761 5863 848 5911 xv.
882 5846 944 5902 2t
1026 5847 1047 5880 ³
1075 5848 1086 5899 |
1115 5845 1238 5902 Cor.
1279 5862 1365 5913 ιν,
1401 5846 1490 5902 47.
1569 5847 1587 5877 ³
1617 5842 1796 5902 Galat.
1826 5858 1897 5912 ιν,
1932 5842 1987 5898 ό.

3521 4562 3648 4602 cunt

2064 4637 2388 4709 appellavit,
2455 4647 2752 4707 utrumque
2809 4637 2972 4692 simul
3044 4637 3320 4694 indicans.
3407 4640 3651 4695 Adamus

2065 4733 2267 4804 quippe
2304 4732 2619 4801 terrigenam
2651 4737 2834 4786 sonat.
2869 4730 3066 4800 Liquet
3096 4739 3278 4787 autem
3311 4731 3648 4803 terrigenam

2064 4839 2189 4880 esse
2237 4825 2479 4879 hominis
2529 4833 2804 4887 naturam,
2850 4830 2909 4875 ut
2969 4837 3090 4892 qua:
3146 4839 3211 4879 ex
3269 4831 3418 4879 terra
3475 4823 3651 4879 ellicta

2065 4918 2160 4974 sit.
2198 4917 2411 4972 Domini
2464 4925 2648 4972 autem
2690 4914 3048 4982 vocabulum,
3103 4915 3349 4971 divinam
3396 4927 3653 4972 naturam

2065 5008 2302 5062 declarat
2319 5048 2331 5060 .

2145 5099 2221 5152 Ac.
2252 5113 2449 5153 rursus
2504 5099 2576 5153 ita
2623 5099 2869 5170 loquitur
2915 5099 3215 5170 Aposmlus
3244 5098 3473 5156 ':Miait
3515 5098 3655 5153 Deus

2072 5190 2275 5246 Filium
2327 5207 2482 5246 suum
2532 5193 2862 5263 unigenitum
2892 5193 3094 5262 factum
3137 5209 3203 5248 ea:
3249 5194 3486 5248 muliere.
3533 5189 3654 5246 Non

2071 5284 2230 5346 dixit,
2284 5300 2375 5352 per
2427 5284 2723 5350 mulierem,
2784 5286 2903 5354 sed,
2962 5300 3027 5340 ea:
3081 5285 3318 5340 muliere.
3382 5283 3655 5350 Quocirca

2072 5377 2410 5449 signiﬁcavit
2450 5392 2576 5431 eum
2630 5377 2810 5448 ipsum
2857 5393 2982 5434 esse
3032 5378 3376 5448 unigenitum
3422 5375 3516 5430 Dei
3565 5370 3656 5429 Fi-

2075 5476 2207 5528 lium
2252 5488 2316 5529 ac
2351 5472 2548 5536 Deum,
2581 5475 2674 5544 qui
2701 5490 2765 5530 ex
2797 5474 3024 5546 Virgine
3069 5474 3249 5527 factus
3307 5480 3394 5526 est
3441 5471 3608 5524 homo
3641 5488 3652 5523 :

2073 5577 2238 5638 atque
2271 5569 2400 5623 item
2447 5571 2803 5639 eunripsum
2858 5585 2923 5624 ex
2977 5566 3202 5636 Virgine
3233 5565 3476 5634 genitum
3509 5577 3654 5627 esse,

2072 5661 2168 5731 qui
2203 5657 2296 5716 Dei
2339 5659 2515 5716 Filius
2567 5675 2630 5714 ac
2675 5659 2820 5716 Deus
2869 5667 2977 5715 est.
3017 5655 3275 5712 Genitum
3327 5667 3490 5726 porro
3524 5667 3654 5707 cor-
