  <div class='ocr_page' id='page_1' title='image "/cluster/home/n/w/nwhite01/storage/ocr_20150623/130:no.3/coo.31924054870351/513.png"; bbox 0 0 4082 6434; ppageno 0'>
   <div class='ocr_carea' id='block_1_1' title="bbox 451 375 2063 445">
    <p class='ocr_par' dir='ltr' id='par_1_1' title="bbox 451 375 2063 441">
     <span class='ocr_line' id='line_1_1' title="bbox 451 375 2063 441; baseline -0.002 0"><span class='ocrx_word' id='word_1_1' title='bbox 451 375 584 441; x_wconf 80' lang='grc'><strong>1007</strong></span> <span class='ocrx_word' id='word_1_2' title='bbox 1682 378 2063 441; x_wconf 77' lang='grc' dir='ltr'><strong>ΕυΤΠΥΜΙΙ</strong></span> 
     </span>
    </p>
   </div>
   <div class='ocr_carea' id='block_1_2' title="bbox 2096 375 3708 445">
    <p class='ocr_par' dir='ltr' id='par_1_2' title="bbox 2103 377 3708 445">
     <span class='ocr_line' id='line_1_2' title="bbox 2103 377 3708 445; baseline 0.001 -4"><span class='ocrx_word' id='word_1_3' title='bbox 2103 379 2469 445; x_wconf 76' lang='grc' dir='ltr'><strong>ΖίϐΑΒΕΝί</strong></span> <span class='ocrx_word' id='word_1_4' title='bbox 3572 377 3708 443; x_wconf 76' lang='grc'><strong>1008</strong></span> 
     </span>
    </p>
   </div>
   <div class='ocr_carea' id='block_1_3' title="bbox 446 524 2058 602">
    <p class='ocr_par' dir='ltr' id='par_1_3' title="bbox 446 524 2058 602">
     <span class='ocr_line' id='line_1_3' title="bbox 446 524 2058 602; baseline -0.006 -16"><span class='ocrx_word' id='word_1_5' title='bbox 446 530 616 602; x_wconf 82' lang='lat' dir='ltr'><strong>porco</strong></span> <span class='ocrx_word' id='word_1_6' title='bbox 650 529 831 595; x_wconf 84' lang='lat' dir='ltr'><strong>modo,</strong></span> <span class='ocrx_word' id='word_1_7' title='bbox 856 544 962 600; x_wconf 86' lang='lat' dir='ltr'><strong>qua</strong></span> <span class='ocrx_word' id='word_1_8' title='bbox 1005 527 1218 583; x_wconf 87' lang='lat' dir='ltr'><strong>scilicet</strong></span> <span class='ocrx_word' id='word_1_9' title='bbox 1244 524 1458 579; x_wconf 81' lang='lat' dir='ltr'><strong>ratione</strong></span> <span class='ocrx_word' id='word_1_10' title='bbox 1492 525 1657 578; x_wconf 90' lang='lat' dir='ltr'><strong>homo</strong></span> <span class='ocrx_word' id='word_1_11' title='bbox 1689 524 1869 577; x_wconf 82' lang='lat' dir='ltr'><strong>factus</strong></span> <span class='ocrx_word' id='word_1_12' title='bbox 1901 532 1985 575; x_wconf 88' lang='lat' dir='ltr'><strong>est</strong></span> <span class='ocrx_word' id='word_1_13' title='bbox 2012 541 2023 576; x_wconf 91' lang='lat'>:</span> <span class='ocrx_word' id='word_1_14' title='bbox 2054 568 2058 580; x_wconf 40' lang='grc' dir='ltr'><strong>ι</strong></span> 
     </span>
    </p>
   </div>
   <div class='ocr_carea' id='block_1_4' title="bbox 2099 524 3711 602">
    <p class='ocr_par' dir='ltr' id='par_1_4' title="bbox 2132 525 3711 600">
     <span class='ocr_line' id='line_1_4' title="bbox 2132 525 3711 600; baseline 0.002 -21"><span class='ocrx_word' id='word_1_15' title='bbox 2132 526 2413 597; x_wconf 74' lang='grc' dir='ltr'>γεννηθεὶς</span> <span class='ocrx_word' id='word_1_16' title='bbox 2451 525 2510 582; x_wconf 86' lang='grc' dir='ltr'><strong>δὲ</strong></span> <span class='ocrx_word' id='word_1_17' title='bbox 2552 527 2910 597; x_wconf 71' lang='grc' dir='ltr'><strong>σωματικῶς,</strong></span> <span class='ocrx_word' id='word_1_18' title='bbox 2959 526 3096 582; x_wconf 90' lang='grc' dir='ltr'>καθὸ</span> <span class='ocrx_word' id='word_1_19' title='bbox 3141 527 3368 597; x_wconf 82' lang='grc' dir='ltr'>γέγονεν</span> <span class='ocrx_word' id='word_1_20' title='bbox 3402 527 3711 600; x_wconf 77' lang='grc' dir='ltr'>ἄνθρωπος,</span> 
     </span>
    </p>
   </div>
   <div class='ocr_carea' id='block_1_5' title="bbox 448 613 2060 692">
    <p class='ocr_par' dir='ltr' id='par_1_5' title="bbox 448 613 2028 685">
     <span class='ocr_line' id='line_1_5' title="bbox 448 613 2028 685; baseline -0.005 -9"><span class='ocrx_word' id='word_1_21' title='bbox 448 623 522 676; x_wconf 88' lang='lat' dir='ltr'><strong>ita</strong></span> <span class='ocrx_word' id='word_1_22' title='bbox 575 623 859 683; x_wconf 88' lang='lat' dir='ltr'><strong>nimirum,</strong></span> <span class='ocrx_word' id='word_1_23' title='bbox 912 628 971 674; x_wconf 92' lang='lat' dir='ltr'><strong>ut</strong></span> <span class='ocrx_word' id='word_1_24' title='bbox 1030 633 1139 673; x_wconf 89' lang='lat' dir='ltr'><strong>non</strong></span> <span class='ocrx_word' id='word_1_25' title='bbox 1181 618 1236 671; x_wconf 91' lang='lat' dir='ltr'><strong>in</strong></span> <span class='ocrx_word' id='word_1_26' title='bbox 1297 616 1520 671; x_wconf 94' lang='lat' dir='ltr'><strong>homine</strong></span> <span class='ocrx_word' id='word_1_27' title='bbox 1578 613 1734 685; x_wconf 88' lang='lat' dir='ltr'><strong>prius</strong></span> <span class='ocrx_word' id='word_1_28' title='bbox 1784 614 2028 679; x_wconf 84' lang='lat' dir='ltr'><strong>condito,</strong></span> 
     </span>
    </p>
   </div>
   <div class='ocr_carea' id='block_1_6' title="bbox 2102 613 3714 692">
    <p class='ocr_par' dir='ltr' id='par_1_6' title="bbox 2124 616 3714 692">
     <span class='ocr_line' id='line_1_6' title="bbox 2124 616 3714 692; baseline 0.001 -19"><span class='ocrx_word' id='word_1_29' title='bbox 2124 618 2185 673; x_wconf 86' lang='grc' dir='ltr'><strong>οὐ</strong></span> <span class='ocrx_word' id='word_1_30' title='bbox 2223 616 2727 688; x_wconf 85' lang='grc' dir='ltr'>προδιαπλασθέντι</span> <span class='ocrx_word' id='word_1_31' title='bbox 2757 617 3031 689; x_wconf 85' lang='grc' dir='ltr'>ἀνθρώπῳ</span> <span class='ocrx_word' id='word_1_32' title='bbox 3060 620 3371 690; x_wconf 84' lang='grc' dir='ltr'>ὲνοικήσας,</span> <span class='ocrx_word' id='word_1_33' title='bbox 3396 620 3473 684; x_wconf 85' lang='grc' dir='ltr'>ὡς</span> <span class='ocrx_word' id='word_1_34' title='bbox 3499 620 3557 673; x_wconf 80' lang='grc' dir='ltr'>ὲν</span> <span class='ocrx_word' id='word_1_35' title='bbox 3582 637 3714 692; x_wconf 88' lang='grc' dir='ltr'>προ-</span> 
     </span>
    </p>
   </div>
   <div class='ocr_carea' id='block_1_7' title="bbox 447 707 2059 784">
    <p class='ocr_par' dir='ltr' id='par_1_7' title="bbox 447 707 2030 784">
     <span class='ocr_line' id='line_1_7' title="bbox 447 707 2030 784; baseline -0.004 -17"><span class='ocrx_word' id='word_1_36' title='bbox 447 725 710 784; x_wconf 88' lang='lat' dir='ltr'><strong>tanquam</strong></span> <span class='ocrx_word' id='word_1_37' title='bbox 748 714 801 768; x_wconf 90' lang='lat' dir='ltr'><strong>in</strong></span> <span class='ocrx_word' id='word_1_38' title='bbox 836 711 1100 783; x_wconf 79' lang='lat' dir='ltr'><strong>propheta</strong></span> <span class='ocrx_word' id='word_1_39' title='bbox 1147 709 1505 773; x_wconf 87' lang='lat' dir='ltr'><strong>habitaverit,</strong></span> <span class='ocrx_word' id='word_1_40' title='bbox 1533 723 1725 764; x_wconf 91' lang='lat' dir='ltr'><strong>verum</strong></span> <span class='ocrx_word' id='word_1_41' title='bbox 1753 707 1872 778; x_wconf 86' lang='lat' dir='ltr'><strong>ipse</strong></span> <span class='ocrx_word' id='word_1_42' title='bbox 1898 709 2030 761; x_wconf 87' lang='lat' dir='ltr'><strong>sub-</strong></span> 
     </span>
    </p>
   </div>
   <div class='ocr_carea' id='block_1_8' title="bbox 2103 707 3715 784">
    <p class='ocr_par' dir='ltr' id='par_1_8' title="bbox 2128 707 3715 781">
     <span class='ocr_line' id='line_1_8' title="bbox 2128 707 3715 781; baseline -0.011 -14"><span class='ocrx_word' id='word_1_43' title='bbox 2128 708 2297 781; x_wconf 80' lang='grc' dir='ltr'>φήτῃ,</span> <span class='ocrx_word' id='word_1_44' title='bbox 2339 707 2458 760; x_wconf 78' lang='grc' dir='ltr'>ἀλλ’</span> <span class='ocrx_word' id='word_1_45' title='bbox 2493 707 2656 771; x_wconf 82' lang='grc' dir='ltr'>αὐτὸς</span> <span class='ocrx_word' id='word_1_46' title='bbox 2703 707 2981 772; x_wconf 85' lang='grc' dir='ltr'>οὐσιωδῶς</span> <span class='ocrx_word' id='word_1_47' title='bbox 3027 709 3120 761; x_wconf 74' lang='grc' dir='ltr'><strong>καὶ</strong></span> <span class='ocrx_word' id='word_1_48' title='bbox 3154 707 3374 780; x_wconf 81' lang='grc' dir='ltr'>ἀληθῶς</span> <span class='ocrx_word' id='word_1_49' title='bbox 3420 709 3715 779; x_wconf 78' lang='grc' dir='ltr'>γενόμενος</span> 
     </span>
    </p>
   </div>
   <div class='ocr_carea' id='block_1_9' title="bbox 449 799 2061 872">
    <p class='ocr_par' dir='ltr' id='par_1_9' title="bbox 449 799 2030 865">
     <span class='ocr_line' id='line_1_9' title="bbox 449 799 2030 865; baseline -0.006 -4"><span class='ocrx_word' id='word_1_50' title='bbox 449 806 785 861; x_wconf 84' lang='lat' dir='ltr'><strong>stantialiter</strong></span> <span class='ocrx_word' id='word_1_51' title='bbox 835 820 897 859; x_wconf 84' lang='lat' dir='ltr'><strong>ae</strong></span> <span class='ocrx_word' id='word_1_52' title='bbox 950 818 1078 858; x_wconf 88' lang='lat' dir='ltr'><strong>vere</strong></span> <span class='ocrx_word' id='word_1_53' title='bbox 1124 802 1305 858; x_wconf 82' lang='lat' dir='ltr'><strong>factus</strong></span> <span class='ocrx_word' id='word_1_54' title='bbox 1349 802 1424 857; x_wconf 90' lang='lat' dir='ltr'><strong>sit</strong></span> <span class='ocrx_word' id='word_1_55' title='bbox 1459 800 1665 865; x_wconf 88' lang='lat' dir='ltr'><strong>homo;</strong></span> <span class='ocrx_word' id='word_1_56' title='bbox 1701 801 1804 854; x_wconf 90' lang='lat' dir='ltr'><strong>hoc</strong></span> <span class='ocrx_word' id='word_1_57' title='bbox 1834 808 1940 864; x_wconf 85' lang='lat' dir='ltr'><strong>est,</strong></span> <span class='ocrx_word' id='word_1_58' title='bbox 1978 799 2030 851; x_wconf 88' lang='lat' dir='ltr'><strong>in</strong></span> 
     </span>
    </p>
   </div>
   <div class='ocr_carea' id='block_1_10' title="bbox 2105 799 3717 872">
    <p class='ocr_par' dir='ltr' id='par_1_10' title="bbox 2125 799 3717 872">
     <span class='ocr_line' id='line_1_10' title="bbox 2125 799 3717 872; baseline -0.002 -17"><span class='ocrx_word' id='word_1_59' title='bbox 2125 799 2435 871; x_wconf 80' lang='grc' dir='ltr'>ἄνθρωπος,</span> <span class='ocrx_word' id='word_1_60' title='bbox 2489 800 2610 870; x_wconf 77' lang='grc' dir='ltr'>ἦτοι</span> <span class='ocrx_word' id='word_1_61' title='bbox 2644 800 2704 854; x_wconf 76' lang='grc' dir='ltr'>ὲν</span> <span class='ocrx_word' id='word_1_62' title='bbox 2747 802 2814 872; x_wconf 83' lang='grc' dir='ltr'>τῇ</span> <span class='ocrx_word' id='word_1_63' title='bbox 2876 801 3172 857; x_wconf 84' lang='grc' dir='ltr'>ὑποστάσει</span> <span class='ocrx_word' id='word_1_64' title='bbox 3219 799 3386 855; x_wconf 84' lang='grc' dir='ltr'><strong>αὑτοῦ</strong></span> <span class='ocrx_word' id='word_1_65' title='bbox 3430 800 3717 871; x_wconf 76' lang='grc' dir='ltr'>ὲψυχωμέ-</span> 
     </span>
    </p>
   </div>
   <div class='ocr_carea' id='block_1_11' title="bbox 447 890 2059 969">
    <p class='ocr_par' dir='ltr' id='par_1_11' title="bbox 447 890 2059 969">
     <span class='ocr_line' id='line_1_11' title="bbox 447 890 2059 969; baseline -0.007 -15"><span class='ocrx_word' id='word_1_66' title='bbox 447 914 549 955; x_wconf 88' lang='lat' dir='ltr'><strong>sua</strong></span> <span class='ocrx_word' id='word_1_67' title='bbox 602 897 884 969; x_wconf 79' lang='lat' dir='ltr'><strong>hypostasi</strong></span> <span class='ocrx_word' id='word_1_68' title='bbox 936 911 1164 951; x_wconf 88' lang='lat' dir='ltr'><strong>carnem</strong></span> <span class='ocrx_word' id='word_1_69' title='bbox 1221 896 1405 950; x_wconf 90' lang='lat' dir='ltr'><strong>anima</strong></span> <span class='ocrx_word' id='word_1_70' title='bbox 1445 892 1705 949; x_wconf 82' lang='lat' dir='ltr'><strong>rationali</strong></span> <span class='ocrx_word' id='word_1_71' title='bbox 1736 902 1793 948; x_wconf 90' lang='lat' dir='ltr'><strong>ct</strong></span> <span class='ocrx_word' id='word_1_72' title='bbox 1824 890 2059 946; x_wconf 86' lang='lat' dir='ltr'><strong>intelli--</strong></span> 
     </span>
    </p>
   </div>
   <div class='ocr_carea' id='block_1_12' title="bbox 2099 890 3711 969">
    <p class='ocr_par' dir='ltr' id='par_1_12' title="bbox 2127 892 3711 964">
     <span class='ocr_line' id='line_1_12' title="bbox 2127 892 3711 964; baseline 0.002 -23"><span class='ocrx_word' id='word_1_73' title='bbox 2127 906 2224 958; x_wconf 90' lang='grc' dir='ltr'><strong>νην</strong></span> <span class='ocrx_word' id='word_1_74' title='bbox 2257 902 2282 931; x_wconf 73' lang='grc' dir='ltr'><strong><em>ι</em></strong></span> <span class='ocrx_word' id='word_1_75' title='bbox 2321 892 2499 961; x_wconf 82' lang='grc' dir='ltr'>σάρκα</span> <span class='ocrx_word' id='word_1_76' title='bbox 2532 892 2679 963; x_wconf 78' lang='grc' dir='ltr'>ψυχῇ</span> <span class='ocrx_word' id='word_1_77' title='bbox 2719 893 2914 964; x_wconf 77' lang='grc' dir='ltr'>λογικῇ</span> <span class='ocrx_word' id='word_1_78' title='bbox 2954 910 3013 946; x_wconf 88' lang='grc' dir='ltr'><strong>τε</strong></span> <span class='ocrx_word' id='word_1_79' title='bbox 3044 892 3139 946; x_wconf 70' lang='grc' dir='ltr'>καὶ</span> <span class='ocrx_word' id='word_1_80' title='bbox 3176 892 3341 963; x_wconf 82' lang='grc' dir='ltr'>νοερᾷ</span> <span class='ocrx_word' id='word_1_81' title='bbox 3372 892 3711 961; x_wconf 81' lang='grc' dir='ltr'><strong>ὑποστήσας,</strong></span> 
     </span>
    </p>
   </div>
   <div class='ocr_carea' id='block_1_13' title="bbox 449 979 2061 1059">
    <p class='ocr_par' dir='ltr' id='par_1_13' title="bbox 449 983 2033 1059">
     <span class='ocr_line' id='line_1_13' title="bbox 449 983 2033 1059; baseline -0.003 -16"><span class='ocrx_word' id='word_1_82' title='bbox 449 997 608 1059; x_wconf 84' lang='lat' dir='ltr'><strong>gente</strong></span> <span class='ocrx_word' id='word_1_83' title='bbox 665 992 963 1043; x_wconf 88' lang='lat' dir='ltr'><strong>animatam</strong></span> <span class='ocrx_word' id='word_1_84' title='bbox 1012 987 1270 1043; x_wconf 87' lang='lat' dir='ltr'><strong>substare</strong></span> <span class='ocrx_word' id='word_1_85' title='bbox 1328 986 1541 1050; x_wconf 79' lang='lat' dir='ltr'><strong>fecerit,</strong></span> <span class='ocrx_word' id='word_1_86' title='bbox 1583 989 1827 1055; x_wconf 91' lang='lat' dir='ltr'><strong>seipsum</strong></span> <span class='ocrx_word' id='word_1_87' title='bbox 1883 983 2033 1038; x_wconf 88' lang='lat' dir='ltr'><strong>illius</strong></span> 
     </span>
    </p>
   </div>
   <div class='ocr_carea' id='block_1_14' title="bbox 2102 979 3714 1059">
    <p class='ocr_par' dir='ltr' id='par_1_14' title="bbox 2128 979 3714 1054">
     <span class='ocr_line' id='line_1_14' title="bbox 2128 979 3714 1054; baseline 0.001 -22"><span class='ocrx_word' id='word_1_88' title='bbox 2128 979 2225 1033; x_wconf 72' lang='grc' dir='ltr'><strong>καὶ</strong></span> <span class='ocrx_word' id='word_1_89' title='bbox 2261 982 2425 1045; x_wconf 76' lang='grc' dir='ltr'>αὐτὸς</span> <span class='ocrx_word' id='word_1_90' title='bbox 2451 983 2698 1051; x_wconf 79' lang='grc' dir='ltr'>γεγονὼς</span> <span class='ocrx_word' id='word_1_91' title='bbox 2744 984 2883 1054; x_wconf 84' lang='grc' dir='ltr'>αὐτῇ</span> <span class='ocrx_word' id='word_1_92' title='bbox 2923 984 3245 1047; x_wconf 85' lang='grc' dir='ltr'>ὑπόστασις.</span> <span class='ocrx_word' id='word_1_93' title='bbox 3280 982 3453 1036; x_wconf 84' lang='grc' dir='ltr'>Τοῦτο</span> <span class='ocrx_word' id='word_1_94' title='bbox 3475 984 3585 1052; x_wconf 75' lang='grc' dir='ltr'>γὰρ</span> <span class='ocrx_word' id='word_1_95' title='bbox 3617 999 3714 1052; x_wconf 82' lang='grc' dir='ltr'>ση-</span> 
     </span>
    </p>
   </div>
   <div class='ocr_carea' id='block_1_15' title="bbox 429 1072 2041 1151">
    <p class='ocr_par' dir='ltr' id='par_1_15' title="bbox 429 1076 2032 1151">
     <span class='ocr_line' id='line_1_15' title="bbox 429 1076 2032 1151; baseline -0.001 -21"><span class='ocrx_word' id='word_1_96' title='bbox 429 1083 703 1151; x_wconf 65' lang='grc' dir='ltr'>,ρτξείιθηε</span> <span class='ocrx_word' id='word_1_97' title='bbox 737 1079 1102 1151; x_wconf 81' lang='lat' dir='ltr'><strong>hypnslasim.</strong></span> <span class='ocrx_word' id='word_1_98' title='bbox 1162 1077 1316 1133; x_wconf 86' lang='lat' dir='ltr'><strong>Hane</strong></span> <span class='ocrx_word' id='word_1_99' title='bbox 1369 1079 1516 1133; x_wconf 90' lang='lat' dir='ltr'><strong>enim</strong></span> <span class='ocrx_word' id='word_1_100' title='bbox 1572 1076 2032 1148; x_wconf 84' lang='lat' dir='ltr'><strong>signiﬁcationem</strong></span> 
     </span>
    </p>
   </div>
   <div class='ocr_carea' id='block_1_16' title="bbox 2104 1072 3716 1151">
    <p class='ocr_par' dir='ltr' id='par_1_16' title="bbox 2132 1072 3716 1144">
     <span class='ocr_line' id='line_1_16' title="bbox 2132 1072 3716 1144; baseline 0.001 -19"><span class='ocrx_word' id='word_1_101' title='bbox 2132 1072 2311 1142; x_wconf 81' lang='grc' dir='ltr'>μαίνει</span> <span class='ocrx_word' id='word_1_102' title='bbox 2340 1072 2423 1139; x_wconf 85' lang='grc' dir='ltr'><strong>τὸ,</strong></span> <span class='ocrx_word' id='word_1_103' title='bbox 2463 1074 2796 1144; x_wconf 78' lang='grc' dir='ltr'>γενόμενον</span> <span class='ocrx_word' id='word_1_104' title='bbox 2847 1075 2917 1129; x_wconf 75' lang='grc' dir='ltr'>ἐκ</span> <span class='ocrx_word' id='word_1_105' title='bbox 2967 1075 3256 1144; x_wconf 78' lang='grc' dir='ltr'>γυναικός</span> <span class='ocrx_word' id='word_1_106' title='bbox 3280 1091 3296 1105; x_wconf 76' lang='grc' dir='ltr'><strong><em>ο</em></strong></span> <span class='ocrx_word' id='word_1_107' title='bbox 3350 1074 3464 1136; x_wconf 82' lang='grc' dir='ltr'><strong>πῶς</strong></span> <span class='ocrx_word' id='word_1_108' title='bbox 3505 1073 3614 1144; x_wconf 82' lang='grc' dir='ltr'>γὰρ</span> <span class='ocrx_word' id='word_1_109' title='bbox 3648 1075 3716 1126; x_wconf 82' lang='grc' dir='ltr'><strong>ἂν</strong></span> 
     </span>
    </p>
   </div>
   <div class='ocr_carea' id='block_1_17' title="bbox 430 1165 2042 1243">
    <p class='ocr_par' dir='ltr' id='par_1_17' title="bbox 430 1166 2035 1243">
     <span class='ocr_line' id='line_1_17' title="bbox 430 1166 2035 1243; baseline -0.001 -19"><span class='ocrx_word' id='word_1_110' title='bbox 430 1171 611 1226; x_wconf 78' lang='lat' dir='ltr'><strong>habet</strong></span> <span class='ocrx_word' id='word_1_111' title='bbox 658 1171 818 1243; x_wconf 74' lang='lat' dir='ltr'><strong>illud.</strong></span> <span class='ocrx_word' id='word_1_112' title='bbox 864 1171 1070 1240; x_wconf 78' lang='lat' dir='ltr'><strong>factum</strong></span> <span class='ocrx_word' id='word_1_113' title='bbox 1134 1185 1200 1225; x_wconf 80' lang='lat' dir='ltr'><strong>ea:</strong></span> <span class='ocrx_word' id='word_1_114' title='bbox 1267 1170 1506 1224; x_wconf 80' lang='lat' dir='ltr'><strong>muliere.</strong></span> <span class='ocrx_word' id='word_1_115' title='bbox 1566 1168 1702 1224; x_wconf 90' lang='lat' dir='ltr'><strong>Nam</strong></span> <span class='ocrx_word' id='word_1_116' title='bbox 1740 1166 1862 1238; x_wconf 89' lang='lat' dir='ltr'><strong>quo</strong></span> <span class='ocrx_word' id='word_1_117' title='bbox 1919 1176 2035 1223; x_wconf 84' lang='lat' dir='ltr'><strong>tan-</strong></span> 
     </span>
    </p>
   </div>
   <div class='ocr_carea' id='block_1_18' title="bbox 2101 1165 3713 1243">
    <p class='ocr_par' dir='ltr' id='par_1_18' title="bbox 2127 1165 3713 1238">
     <span class='ocr_line' id='line_1_18' title="bbox 2127 1165 3713 1238; baseline 0.001 -19"><span class='ocrx_word' id='word_1_118' title='bbox 2127 1165 2290 1228; x_wconf 82' lang='grc' dir='ltr'>αὐτὸς</span> <span class='ocrx_word' id='word_1_119' title='bbox 2315 1168 2345 1220; x_wconf 89' lang='lat'><strong>6</strong></span> <span class='ocrx_word' id='word_1_120' title='bbox 2383 1165 2479 1219; x_wconf 83' lang='grc' dir='ltr'>τοῦ</span> <span class='ocrx_word' id='word_1_121' title='bbox 2509 1167 2646 1219; x_wconf 87' lang='grc' dir='ltr'>Θεοῦ</span> <span class='ocrx_word' id='word_1_122' title='bbox 2675 1167 2848 1234; x_wconf 86' lang='grc' dir='ltr'>Λόγος</span> <span class='ocrx_word' id='word_1_123' title='bbox 2902 1168 3011 1220; x_wconf 77' lang='grc' dir='ltr'><strong>ὑπὸ</strong></span> <span class='ocrx_word' id='word_1_124' title='bbox 3061 1168 3228 1237; x_wconf 89' lang='grc' dir='ltr'>νόμον</span> <span class='ocrx_word' id='word_1_125' title='bbox 3255 1168 3505 1238; x_wconf 75' lang='grc' dir='ltr'>γέγονεν,</span> <span class='ocrx_word' id='word_1_126' title='bbox 3547 1169 3597 1221; x_wconf 89' lang='grc' dir='ltr'><strong>εί</strong></span> <span class='ocrx_word' id='word_1_127' title='bbox 3638 1168 3713 1238; x_wconf 77' lang='grc' dir='ltr'><strong>μὴ</strong></span> 
     </span>
    </p>
   </div>
   <div class='ocr_carea' id='block_1_19' title="bbox 445 1252 2057 1333">
    <p class='ocr_par' dir='ltr' id='par_1_19' title="bbox 445 1259 2033 1333">
     <span class='ocr_line' id='line_1_19' title="bbox 445 1259 2033 1333; baseline -0.004 -16"><span class='ocrx_word' id='word_1_128' title='bbox 445 1263 569 1318; x_wconf 88' lang='lat' dir='ltr'><strong>dem</strong></span> <span class='ocrx_word' id='word_1_129' title='bbox 626 1272 787 1333; x_wconf 88' lang='lat' dir='ltr'><strong>pacto</strong></span> <span class='ocrx_word' id='word_1_130' title='bbox 838 1263 1138 1331; x_wconf 86' lang='lat' dir='ltr'><strong>ipsummet</strong></span> <span class='ocrx_word' id='word_1_131' title='bbox 1195 1260 1295 1317; x_wconf 88' lang='lat' dir='ltr'><strong>Dei</strong></span> <span class='ocrx_word' id='word_1_132' title='bbox 1351 1260 1599 1316; x_wconf 88' lang='lat' dir='ltr'><strong>Verbum</strong></span> <span class='ocrx_word' id='word_1_133' title='bbox 1636 1261 1743 1317; x_wconf 89' lang='lat' dir='ltr'><strong>sub</strong></span> <span class='ocrx_word' id='word_1_134' title='bbox 1783 1261 1903 1331; x_wconf 87' lang='lat' dir='ltr'><strong>lege</strong></span> <span class='ocrx_word' id='word_1_135' title='bbox 1950 1259 2033 1312; x_wconf 82' lang='lat' dir='ltr'><strong>fa-</strong></span> 
     </span>
    </p>
   </div>
   <div class='ocr_carea' id='block_1_20' title="bbox 2068 1252 3680 1333">
    <p class='ocr_par' dir='ltr' id='par_1_20' title="bbox 2125 1252 3680 1329">
     <span class='ocr_line' id='line_1_20' title="bbox 2125 1252 3680 1329; baseline 0.004 -20"><span class='ocrx_word' id='word_1_136' title='bbox 2125 1252 2416 1328; x_wconf 74' lang='grc' dir='ltr'>ἄνθρωπος</span> <span class='ocrx_word' id='word_1_137' title='bbox 2454 1258 2489 1327; x_wconf 81' lang='grc' dir='ltr'><strong>ἠ</strong></span> <span class='ocrx_word' id='word_1_138' title='bbox 2498 1259 2591 1326; x_wconf 83' lang='grc' dir='ltr'><strong>μίν</strong></span> <span class='ocrx_word' id='word_1_139' title='bbox 2612 1257 2904 1328; x_wconf 82' lang='grc' dir='ltr'>όμοούσιος</span> <span class='ocrx_word' id='word_1_140' title='bbox 2928 1257 3175 1329; x_wconf 69' lang='grc' dir='ltr'>γέγονεν.</span> <span class='ocrx_word' id='word_1_141' title='bbox 3674 1280 3680 1287; x_wconf 61' lang='grc' dir='ltr'><strong>ί</strong></span> 
     </span>
    </p>
   </div>
   <div class='ocr_carea' id='block_1_21' title="bbox 374 1351 3769 1423">
    <p class='ocr_par' dir='ltr' id='par_1_21' title="bbox 374 1351 3769 1423">
     <span class='ocr_line' id='line_1_21' title="bbox 374 1351 3769 1423; baseline -0.001 -14"><span class='ocrx_word' id='word_1_142' title='bbox 374 1386 397 1409; x_wconf 57' lang='grc' dir='ltr'>κ</span> <span class='ocrx_word' id='word_1_143' title='bbox 446 1362 596 1411; x_wconf 89' lang='lat' dir='ltr'><strong>etum</strong></span> <span class='ocrx_word' id='word_1_144' title='bbox 634 1363 810 1417; x_wconf 85' lang='lat' dir='ltr'><strong>esset,</strong></span> <span class='ocrx_word' id='word_1_145' title='bbox 843 1354 953 1408; x_wconf 86' lang='lat' dir='ltr'><strong>nisi</strong></span> <span class='ocrx_word' id='word_1_146' title='bbox 997 1353 1162 1408; x_wconf 90' lang='lat' dir='ltr'><strong>homo</strong></span> <span class='ocrx_word' id='word_1_147' title='bbox 1194 1352 1440 1423; x_wconf 85' lang='lat' dir='ltr'><strong>ejusdem</strong></span> <span class='ocrx_word' id='word_1_148' title='bbox 1472 1367 1539 1408; x_wconf 90' lang='lat' dir='ltr'><strong>ae</strong></span> <span class='ocrx_word' id='word_1_149' title='bbox 1562 1367 1668 1409; x_wconf 84' lang='lat' dir='ltr'><strong>nos</strong></span> <span class='ocrx_word' id='word_1_150' title='bbox 1701 1351 2035 1409; x_wconf 67' lang='lat' dir='ltr'><strong>substantiae</strong></span> <span class='ocrx_word' id='word_1_151' title='bbox 3747 1402 3769 1423; x_wconf 80' lang='lat'><strong>_,</strong></span> 
     </span>
    </p>
   </div>
   <div class='ocr_carea' id='block_1_22' title="bbox 448 1446 796 1504">
    <p class='ocr_par' dir='ltr' id='par_1_22' title="bbox 448 1446 796 1504">
     <span class='ocr_line' id='line_1_22' title="bbox 448 1446 796 1504; baseline -0.009 -2"><span class='ocrx_word' id='word_1_152' title='bbox 448 1446 796 1504; x_wconf 85' lang='lat' dir='ltr'><strong>exstitisset?</strong></span> 
     </span>
    </p>
   </div>
   <div class='ocr_carea' id='block_1_23' title="bbox 524 1416 2136 1639">
    <p class='ocr_par' dir='ltr' id='par_1_23' title="bbox 524 1446 2033 1608">
     <span class='ocr_line' id='line_1_23' title="bbox 524 1446 796 1504; baseline -0.018 0"><span class='ocrx_word' id='word_1_153' title='bbox 524 1446 796 1504; x_wconf 87' lang='lat' dir='ltr'><strong>stitisset?</strong></span> 
     </span>
     <span class='ocr_line' id='line_1_24' title="bbox 524 1535 2033 1608; baseline -0.002 -17"><span class='ocrx_word' id='word_1_154' title='bbox 524 1536 619 1591; x_wconf 86' lang='lat' dir='ltr'><strong>Dei</strong></span> <span class='ocrx_word' id='word_1_155' title='bbox 654 1535 938 1590; x_wconf 82' lang='lat' dir='ltr'><strong>Genitricis</strong></span> <span class='ocrx_word' id='word_1_156' title='bbox 979 1551 1187 1599; x_wconf 85' lang='lat' dir='ltr'><strong>nomen,</strong></span> <span class='ocrx_word' id='word_1_157' title='bbox 1224 1546 1395 1590; x_wconf 84' lang='lat' dir='ltr'><strong>totum</strong></span> <span class='ocrx_word' id='word_1_158' title='bbox 1430 1536 1740 1608; x_wconf 79' lang='lat' dir='ltr'><strong>mysterium</strong></span> <span class='ocrx_word' id='word_1_159' title='bbox 1772 1535 2033 1589; x_wconf 81' lang='lat' dir='ltr'><strong>declarat.</strong></span> 
     </span>
    </p>
   </div>
   <div class='ocr_carea' id='block_1_24' title="bbox 2148 1416 3760 1639">
    <p class='ocr_par' dir='ltr' id='par_1_24' title="bbox 2202 1416 3760 1639">
     <span class='ocr_line' id='line_1_25' title="bbox 2202 1416 3760 1639; baseline -0.003 -52"><span class='ocrx_word' id='word_1_160' title='bbox 2202 1532 2366 1587; x_wconf 84' lang='grc' dir='ltr'>Ὅθεν</span> <span class='ocrx_word' id='word_1_161' title='bbox 2403 1531 2633 1593; x_wconf 82' lang='grc' dir='ltr'><strong>δικαίως</strong></span> <span class='ocrx_word' id='word_1_162' title='bbox 2675 1529 2770 1584; x_wconf 74' lang='grc' dir='ltr'><strong>καὶ</strong></span> <span class='ocrx_word' id='word_1_163' title='bbox 2801 1530 3022 1601; x_wconf 81' lang='grc' dir='ltr'>ἀληθῶς</span> <span class='ocrx_word' id='word_1_164' title='bbox 3043 1530 3309 1585; x_wconf 86' lang='grc' dir='ltr'>Θεοτόκον</span> <span class='ocrx_word' id='word_1_165' title='bbox 3346 1532 3446 1603; x_wconf 83' lang='grc' dir='ltr'>τὴν</span> <span class='ocrx_word' id='word_1_166' title='bbox 3553 1416 3760 1639; x_wconf 70' lang='grc' dir='ltr'>ἁγίανῖ</span> 
     </span>
    </p>
   </div>
   <div class='ocr_carea' id='block_1_25' title="bbox 426 1621 2038 1699">
    <p class='ocr_par' dir='ltr' id='par_1_25' title="bbox 426 1625 2033 1699">
     <span class='ocr_line' id='line_1_26' title="bbox 426 1625 2033 1699; baseline -0.003 -15"><span class='ocrx_word' id='word_1_167' title='bbox 426 1658 521 1672; x_wconf 90' lang='grc'><strong><em>--</em></strong></span> <span class='ocrx_word' id='word_1_168' title='bbox 550 1628 746 1684; x_wconf 83' lang='lat' dir='ltr'><strong>Merito</strong></span> <span class='ocrx_word' id='word_1_169' title='bbox 793 1628 964 1699; x_wconf 81' lang='lat' dir='ltr'><strong>igitur</strong></span> <span class='ocrx_word' id='word_1_170' title='bbox 987 1635 1045 1682; x_wconf 89' lang='lat' dir='ltr'><strong>et</strong></span> <span class='ocrx_word' id='word_1_171' title='bbox 1079 1642 1210 1683; x_wconf 85' lang='lat' dir='ltr'><strong>vere</strong></span> <span class='ocrx_word' id='word_1_172' title='bbox 1244 1636 1498 1684; x_wconf 87' lang='lat' dir='ltr'><strong>sanctam</strong></span> <span class='ocrx_word' id='word_1_173' title='bbox 1542 1626 1774 1683; x_wconf 79' lang='lat' dir='ltr'><strong>Mariam</strong></span> <span class='ocrx_word' id='word_1_174' title='bbox 1836 1625 2033 1697; x_wconf 87' lang='lat' dir='ltr'><strong>Deipa-</strong></span> 
     </span>
    </p>
   </div>
   <div class='ocr_carea' id='block_1_26' title="bbox 2128 1621 3740 1699">
    <p class='ocr_par' dir='ltr' id='par_1_26' title="bbox 2130 1621 3740 1695">
     <span class='ocr_line' id='line_1_27' title="bbox 2130 1621 3740 1695; baseline -0.002 -16"><span class='ocrx_word' id='word_1_175' title='bbox 2130 1623 2350 1695; x_wconf 83' lang='grc' dir='ltr'>Μαρίαν</span> <span class='ocrx_word' id='word_1_176' title='bbox 2394 1621 2777 1692; x_wconf 74' lang='grc' dir='ltr'>ὀνομάζομενο</span> <span class='ocrx_word' id='word_1_177' title='bbox 2813 1622 2975 1676; x_wconf 82' lang='grc' dir='ltr'>τοῦτο</span> <span class='ocrx_word' id='word_1_178' title='bbox 3002 1624 3113 1692; x_wconf 85' lang='grc' dir='ltr'><strong>γὰρ</strong></span> <span class='ocrx_word' id='word_1_179' title='bbox 3143 1623 3205 1676; x_wconf 91' lang='grc' dir='ltr'><strong>τὸ</strong></span> <span class='ocrx_word' id='word_1_180' title='bbox 3243 1623 3418 1694; x_wconf 77' lang='grc' dir='ltr'>ὄνομα</span> <span class='ocrx_word' id='word_1_181' title='bbox 3453 1623 3603 1677; x_wconf 78' lang='grc' dir='ltr'>ἆπαν</span> <span class='ocrx_word' id='word_1_182' title='bbox 3653 1621 3740 1676; x_wconf 65' lang='grc' dir='ltr'>τὸῖ</span> 
     </span>
    </p>
   </div>
   <div class='ocr_carea' id='block_1_27' title="bbox 450 1714 2062 1790">
    <p class='ocr_par' dir='ltr' id='par_1_27' title="bbox 450 1715 2038 1790">
     <span class='ocr_line' id='line_1_28' title="bbox 450 1715 2038 1790; baseline -0.003 -15"><span class='ocrx_word' id='word_1_183' title='bbox 450 1735 570 1775; x_wconf 88' lang='lat' dir='ltr'><strong>ram</strong></span> <span class='ocrx_word' id='word_1_184' title='bbox 629 1718 998 1790; x_wconf 84' lang='lat' dir='ltr'><strong>appellamus.</strong></span> <span class='ocrx_word' id='word_1_185' title='bbox 1056 1715 1171 1773; x_wconf 84' lang='lat' dir='ltr'><strong>Hoc</strong></span> <span class='ocrx_word' id='word_1_186' title='bbox 1200 1719 1350 1773; x_wconf 90' lang='lat' dir='ltr'><strong>enim</strong></span> <span class='ocrx_word' id='word_1_187' title='bbox 1400 1733 1603 1774; x_wconf 88' lang='lat' dir='ltr'><strong>nomen</strong></span> <span class='ocrx_word' id='word_1_188' title='bbox 1641 1726 1818 1773; x_wconf 88' lang='lat' dir='ltr'><strong>totum</strong></span> <span class='ocrx_word' id='word_1_189' title='bbox 1851 1718 2038 1773; x_wconf 88' lang='lat' dir='ltr'><strong>incar-</strong></span> 
     </span>
    </p>
   </div>
   <div class='ocr_carea' id='block_1_28' title="bbox 2106 1714 3718 1790">
    <p class='ocr_par' dir='ltr' id='par_1_28' title="bbox 2131 1714 3718 1787">
     <span class='ocr_line' id='line_1_29' title="bbox 2131 1714 3718 1787; baseline 0 -18"><span class='ocrx_word' id='word_1_190' title='bbox 2131 1716 2436 1786; x_wconf 83' lang='grc' dir='ltr'>μυστήριον</span> <span class='ocrx_word' id='word_1_191' title='bbox 2470 1714 2573 1785; x_wconf 82' lang='grc' dir='ltr'><strong>τῆς</strong></span> <span class='ocrx_word' id='word_1_192' title='bbox 2603 1714 2927 1784; x_wconf 71' lang='grc' dir='ltr'>οἰκονομίας</span> <span class='ocrx_word' id='word_1_193' title='bbox 2956 1714 3263 1785; x_wconf 87' lang='grc' dir='ltr'>συνίστησι,</span> <span class='ocrx_word' id='word_1_194' title='bbox 3296 1715 3362 1770; x_wconf 78' lang='lat' dir='ltr'><strong>El</strong></span> <span class='ocrx_word' id='word_1_195' title='bbox 3393 1716 3503 1787; x_wconf 83' lang='grc' dir='ltr'>γὰρ</span> <span class='ocrx_word' id='word_1_196' title='bbox 3530 1716 3718 1769; x_wconf 80' lang='grc' dir='ltr'><strong>Θεοτό⁴</strong></span> 
     </span>
    </p>
   </div>
   <div class='ocr_carea' id='block_1_29' title="bbox 452 1804 2064 1880">
    <p class='ocr_par' dir='ltr' id='par_1_29' title="bbox 452 1807 2037 1880">
     <span class='ocr_line' id='line_1_30' title="bbox 452 1807 2037 1880; baseline -0.002 -14"><span class='ocrx_word' id='word_1_197' title='bbox 452 1810 697 1866; x_wconf 90' lang='lat' dir='ltr'><strong>nationis</strong></span> <span class='ocrx_word' id='word_1_198' title='bbox 740 1809 1069 1880; x_wconf 82' lang='lat' dir='ltr'><strong>mysterium</strong></span> <span class='ocrx_word' id='word_1_199' title='bbox 1121 1808 1347 1864; x_wconf 85' lang='lat' dir='ltr'><strong>astruit.</strong></span> <span class='ocrx_word' id='word_1_200' title='bbox 1392 1808 1555 1874; x_wconf 87' lang='lat' dir='ltr'><strong>Nam,</strong></span> <span class='ocrx_word' id='word_1_201' title='bbox 1607 1809 1654 1864; x_wconf 87' lang='lat' dir='ltr'><strong>si</strong></span> <span class='ocrx_word' id='word_1_202' title='bbox 1715 1807 1812 1864; x_wconf 89' lang='lat' dir='ltr'><strong>Dei</strong></span> <span class='ocrx_word' id='word_1_203' title='bbox 1857 1809 2037 1864; x_wconf 88' lang='lat' dir='ltr'><strong>Mater</strong></span> 
     </span>
    </p>
   </div>
   <div class='ocr_carea' id='block_1_30' title="bbox 2104 1804 3716 1880">
    <p class='ocr_par' dir='ltr' id='par_1_30' title="bbox 2126 1804 3716 1878">
     <span class='ocr_line' id='line_1_31' title="bbox 2126 1804 3716 1878; baseline 0.001 -21"><span class='ocrx_word' id='word_1_204' title='bbox 2126 1821 2225 1869; x_wconf 76' lang='grc' dir='ltr'><strong>κος</strong></span> <span class='ocrx_word' id='word_1_205' title='bbox 2253 1807 2286 1876; x_wconf 75' lang='grc' dir='ltr'><strong>η</strong></span> <span class='ocrx_word' id='word_1_206' title='bbox 2310 1804 2646 1876; x_wconf 81' lang='grc' dir='ltr'>γεννήσασα,</span> <span class='ocrx_word' id='word_1_207' title='bbox 2699 1805 2921 1869; x_wconf 79' lang='grc' dir='ltr'>πάντως</span> <span class='ocrx_word' id='word_1_208' title='bbox 2953 1805 3088 1869; x_wconf 84' lang='grc' dir='ltr'><strong>Θεὸς</strong></span> <span class='ocrx_word' id='word_1_209' title='bbox 3109 1808 3139 1858; x_wconf 89' lang='lat'><strong>6</strong></span> <span class='ocrx_word' id='word_1_210' title='bbox 3195 1804 3256 1870; x_wconf 78' lang='grc' dir='ltr'><strong>ἐξ</strong></span> <span class='ocrx_word' id='word_1_211' title='bbox 3302 1805 3477 1875; x_wconf 81' lang='grc' dir='ltr'>αὐτῆς</span> <span class='ocrx_word' id='word_1_212' title='bbox 3518 1822 3716 1878; x_wconf 87' lang='grc' dir='ltr'>γεννη-</span> 
     </span>
    </p>
   </div>
   <div class='ocr_carea' id='block_1_31' title="bbox 422 1892 2034 1972">
    <p class='ocr_par' dir='ltr' id='par_1_31' title="bbox 422 1898 2034 1972">
     <span class='ocr_line' id='line_1_32' title="bbox 422 1898 2034 1972; baseline -0.004 -12"><span class='ocrx_word' id='word_1_213' title='bbox 422 1912 538 1959; x_wconf 73' lang='grc' dir='ltr'><strong>εει</strong></span> <span class='ocrx_word' id='word_1_214' title='bbox 571 1916 698 1972; x_wconf 71' lang='lat' dir='ltr'><strong>qua:</strong></span> <span class='ocrx_word' id='word_1_215' title='bbox 741 1900 955 1972; x_wconf 78' lang='lat' dir='ltr'><strong>genuit,</strong></span> <span class='ocrx_word' id='word_1_216' title='bbox 1015 1898 1267 1970; x_wconf 79' lang='lat' dir='ltr'><strong>profecto</strong></span> <span class='ocrx_word' id='word_1_217' title='bbox 1325 1898 1470 1956; x_wconf 86' lang='lat' dir='ltr'><strong>Dens</strong></span> <span class='ocrx_word' id='word_1_218' title='bbox 1521 1908 1607 1954; x_wconf 89' lang='lat' dir='ltr'><strong>est</strong></span> <span class='ocrx_word' id='word_1_219' title='bbox 1654 1899 1749 1971; x_wconf 89' lang='lat' dir='ltr'><strong>qui</strong></span> <span class='ocrx_word' id='word_1_220' title='bbox 1805 1914 1871 1956; x_wconf 79' lang='lat' dir='ltr'><strong>ex</strong></span> <span class='ocrx_word' id='word_1_221' title='bbox 1919 1899 2034 1970; x_wconf 83' lang='lat' dir='ltr'><strong>ipsa</strong></span> 
     </span>
    </p>
   </div>
   <div class='ocr_carea' id='block_1_32' title="bbox 2107 1892 3719 1972">
    <p class='ocr_par' dir='ltr' id='par_1_32' title="bbox 2128 1892 3719 1966">
     <span class='ocr_line' id='line_1_33' title="bbox 2128 1892 3719 1966; baseline -0.003 -15"><span class='ocrx_word' id='word_1_222' title='bbox 2128 1894 2263 1958; x_wconf 79' lang='grc' dir='ltr'>θεὶς,</span> <span class='ocrx_word' id='word_1_223' title='bbox 2300 1892 2521 1958; x_wconf 81' lang='grc' dir='ltr'>πάντως</span> <span class='ocrx_word' id='word_1_224' title='bbox 2548 1894 2607 1948; x_wconf 83' lang='grc' dir='ltr'><strong>δὲ</strong></span> <span class='ocrx_word' id='word_1_225' title='bbox 2642 1896 2737 1949; x_wconf 79' lang='grc' dir='ltr'>καὶ</span> <span class='ocrx_word' id='word_1_226' title='bbox 2770 1895 3083 1966; x_wconf 71' lang='grc' dir='ltr'>ἄνθρωπος.</span> <span class='ocrx_word' id='word_1_227' title='bbox 3116 1893 3239 1958; x_wconf 85' lang='grc' dir='ltr'><strong>Πῶς</strong></span> <span class='ocrx_word' id='word_1_228' title='bbox 3278 1894 3390 1965; x_wconf 85' lang='grc' dir='ltr'>γὰρ</span> <span class='ocrx_word' id='word_1_229' title='bbox 3422 1895 3490 1949; x_wconf 85' lang='grc' dir='ltr'><strong>ἂν</strong></span> <span class='ocrx_word' id='word_1_230' title='bbox 3518 1896 3581 1947; x_wconf 80' lang='grc' dir='ltr'>ὲκ</span> <span class='ocrx_word' id='word_1_231' title='bbox 3619 1912 3719 1963; x_wconf 86' lang='grc' dir='ltr'>γυ-</span> 
     </span>
    </p>
   </div>
   <div class='ocr_carea' id='block_1_33' title="bbox 451 1984 2063 2066">
    <p class='ocr_par' dir='ltr' id='par_1_33' title="bbox 451 1987 2039 2066">
     <span class='ocr_line' id='line_1_34' title="bbox 451 1987 2039 2066; baseline -0.004 -15"><span class='ocrx_word' id='word_1_232' title='bbox 451 1995 673 2066; x_wconf 85' lang='lat' dir='ltr'><strong>genitus</strong></span> <span class='ocrx_word' id='word_1_233' title='bbox 703 2000 790 2049; x_wconf 89' lang='lat' dir='ltr'><strong>est</strong></span> <span class='ocrx_word' id='word_1_234' title='bbox 822 2010 837 2048; x_wconf 89' lang='lat'><strong>:</strong></span> <span class='ocrx_word' id='word_1_235' title='bbox 889 1989 1141 2061; x_wconf 81' lang='lat' dir='ltr'><strong>profecto</strong></span> <span class='ocrx_word' id='word_1_236' title='bbox 1177 1990 1349 2047; x_wconf 90' lang='lat' dir='ltr'><strong>etiam</strong></span> <span class='ocrx_word' id='word_1_237' title='bbox 1402 1991 1585 2045; x_wconf 90' lang='lat' dir='ltr'><strong>homo.</strong></span> <span class='ocrx_word' id='word_1_238' title='bbox 1618 1987 1757 2044; x_wconf 85' lang='lat' dir='ltr'><strong>Nam</strong></span> <span class='ocrx_word' id='word_1_239' title='bbox 1798 1989 1893 2061; x_wconf 90' lang='lat' dir='ltr'><strong>qui</strong></span> <span class='ocrx_word' id='word_1_240' title='bbox 1922 1989 2039 2045; x_wconf 81' lang='lat' dir='ltr'><strong>ﬁeri</strong></span> 
     </span>
    </p>
   </div>
   <div class='ocr_carea' id='block_1_34' title="bbox 2106 1984 3718 2066">
    <p class='ocr_par' dir='ltr' id='par_1_34' title="bbox 2128 1984 3718 2059">
     <span class='ocr_line' id='line_1_35' title="bbox 2128 1984 3718 2059; baseline -0.002 -20"><span class='ocrx_word' id='word_1_241' title='bbox 2128 1984 2320 2048; x_wconf 85' lang='grc' dir='ltr'>ναικὸς</span> <span class='ocrx_word' id='word_1_242' title='bbox 2370 1984 2661 2056; x_wconf 77' lang='grc' dir='ltr'>γεννηθείη</span> <span class='ocrx_word' id='word_1_243' title='bbox 2712 1985 2876 2050; x_wconf 83' lang='grc' dir='ltr'>Θεὸς,</span> <span class='ocrx_word' id='word_1_244' title='bbox 2934 1986 2964 2039; x_wconf 91' lang='lat'><strong>6</strong></span> <span class='ocrx_word' id='word_1_245' title='bbox 3016 1984 3125 2055; x_wconf 84' lang='grc' dir='ltr'><strong>πρὸ</strong></span> <span class='ocrx_word' id='word_1_246' title='bbox 3155 1984 3372 2038; x_wconf 77' lang='grc' dir='ltr'>αἰώνων</span> <span class='ocrx_word' id='word_1_247' title='bbox 3427 1984 3566 2054; x_wconf 75' lang='grc' dir='ltr'>ἔχων</span> <span class='ocrx_word' id='word_1_248' title='bbox 3614 1987 3718 2059; x_wconf 82' lang='grc' dir='ltr'><strong>τὴν</strong></span> 
     </span>
    </p>
   </div>
   <div class='ocr_carea' id='block_1_35' title="bbox 448 2074 2060 2157">
    <p class='ocr_par' dir='ltr' id='par_1_35' title="bbox 448 2080 2037 2157">
     <span class='ocr_line' id='line_1_36' title="bbox 448 2080 2037 2157; baseline -0.004 -17"><span class='ocrx_word' id='word_1_249' title='bbox 448 2086 746 2157; x_wconf 78' lang='lat' dir='ltr'><strong>potuisset,</strong></span> <span class='ocrx_word' id='word_1_250' title='bbox 796 2093 862 2139; x_wconf 91' lang='lat' dir='ltr'><strong>ut</strong></span> <span class='ocrx_word' id='word_1_251' title='bbox 890 2082 1058 2146; x_wconf 90' lang='lat' dir='ltr'><strong>Deus,</strong></span> <span class='ocrx_word' id='word_1_252' title='bbox 1088 2082 1181 2153; x_wconf 87' lang='lat' dir='ltr'><strong>qui</strong></span> <span class='ocrx_word' id='word_1_253' title='bbox 1235 2087 1362 2136; x_wconf 89' lang='lat' dir='ltr'><strong>ante</strong></span> <span class='ocrx_word' id='word_1_254' title='bbox 1406 2080 1608 2137; x_wconf 73' lang='lat' dir='ltr'><strong>saecula</strong></span> <span class='ocrx_word' id='word_1_255' title='bbox 1634 2080 1911 2143; x_wconf 79' lang='lat' dir='ltr'><strong>exstabat,</strong></span> <span class='ocrx_word' id='word_1_256' title='bbox 1970 2094 2037 2135; x_wconf 79' lang='lat' dir='ltr'><strong>ex</strong></span> 
     </span>
    </p>
   </div>
   <div class='ocr_carea' id='block_1_36' title="bbox 2107 2074 3719 2157">
    <p class='ocr_par' dir='ltr' id='par_1_36' title="bbox 2132 2074 3719 2149">
     <span class='ocr_line' id='line_1_37' title="bbox 2132 2074 3719 2149; baseline -0.003 -16"><span class='ocrx_word' id='word_1_257' title='bbox 2132 2076 2389 2148; x_wconf 78' lang='grc' dir='ltr'>ὓπαρξιν,</span> <span class='ocrx_word' id='word_1_258' title='bbox 2424 2077 2474 2129; x_wconf 86' lang='grc' dir='ltr'><strong>εί</strong></span> <span class='ocrx_word' id='word_1_259' title='bbox 2505 2076 2582 2149; x_wconf 79' lang='grc' dir='ltr'>μὴ</span> <span class='ocrx_word' id='word_1_260' title='bbox 2614 2076 2906 2148; x_wconf 75' lang='grc' dir='ltr'>ἄνθρωπος</span> <span class='ocrx_word' id='word_1_261' title='bbox 2935 2076 3199 2145; x_wconf 83' lang='grc' dir='ltr'>γέγονεν;</span> <span class='ocrx_word' id='word_1_262' title='bbox 3237 2075 3298 2130; x_wconf 88' lang='lat'><strong>&#39;0</strong></span> <span class='ocrx_word' id='word_1_263' title='bbox 3330 2076 3438 2147; x_wconf 85' lang='grc' dir='ltr'>γὰρ</span> <span class='ocrx_word' id='word_1_264' title='bbox 3468 2074 3597 2139; x_wconf 88' lang='grc' dir='ltr'>Υἱὸς</span> <span class='ocrx_word' id='word_1_265' title='bbox 3621 2077 3719 2130; x_wconf 74' lang='grc' dir='ltr'>ἁν-</span> 
     </span>
    </p>
   </div>
   <div class='ocr_carea' id='block_1_37' title="bbox 449 2166 2061 2239">
    <p class='ocr_par' dir='ltr' id='par_1_37' title="bbox 449 2171 2039 2238">
     <span class='ocr_line' id='line_1_38' title="bbox 449 2171 2039 2238; baseline -0.005 -5"><span class='ocrx_word' id='word_1_266' title='bbox 449 2176 690 2233; x_wconf 86' lang='lat' dir='ltr'><strong>muliere</strong></span> <span class='ocrx_word' id='word_1_267' title='bbox 731 2183 1079 2236; x_wconf 87' lang='lat' dir='ltr'><strong>nasceretur,</strong></span> <span class='ocrx_word' id='word_1_268' title='bbox 1134 2173 1239 2229; x_wconf 89' lang='lat' dir='ltr'><strong>nisi</strong></span> <span class='ocrx_word' id='word_1_269' title='bbox 1272 2173 1438 2227; x_wconf 89' lang='lat' dir='ltr'><strong>homo</strong></span> <span class='ocrx_word' id='word_1_270' title='bbox 1492 2171 1677 2228; x_wconf 83' lang='lat' dir='ltr'><strong>factus</strong></span> <span class='ocrx_word' id='word_1_271' title='bbox 1714 2171 1905 2228; x_wconf 74' lang='lat' dir='ltr'><strong>esset?</strong></span> <span class='ocrx_word' id='word_1_272' title='bbox 1936 2172 2039 2238; x_wconf 86' lang='lat' dir='ltr'><strong>Qui</strong></span> 
     </span>
    </p>
   </div>
   <div class='ocr_carea' id='block_1_38' title="bbox 2108 2166 3720 2239">
    <p class='ocr_par' dir='ltr' id='par_1_38' title="bbox 2129 2166 3720 2239">
     <span class='ocr_line' id='line_1_39' title="bbox 2129 2166 3720 2239; baseline -0.003 -18"><span class='ocrx_word' id='word_1_273' title='bbox 2129 2166 2377 2239; x_wconf 85' lang='grc' dir='ltr'>θρώπου,</span> <span class='ocrx_word' id='word_1_274' title='bbox 2402 2167 2693 2238; x_wconf 76' lang='grc' dir='ltr'>ἄνθρωπος</span> <span class='ocrx_word' id='word_1_275' title='bbox 2717 2167 2985 2239; x_wconf 84' lang='grc' dir='ltr'>δηλονότι.</span> <span class='ocrx_word' id='word_1_276' title='bbox 3015 2167 3077 2221; x_wconf 82' lang='lat' dir='ltr'><strong>Et</strong></span> <span class='ocrx_word' id='word_1_277' title='bbox 3109 2167 3166 2220; x_wconf 72' lang='grc' dir='ltr'><strong>δὲ</strong></span> <span class='ocrx_word' id='word_1_278' title='bbox 3194 2167 3358 2231; x_wconf 84' lang='grc' dir='ltr'>αὐτὸς</span> <span class='ocrx_word' id='word_1_279' title='bbox 3378 2168 3407 2219; x_wconf 98' lang='lat'><strong>6</strong></span> <span class='ocrx_word' id='word_1_280' title='bbox 3432 2166 3720 2239; x_wconf 81' lang='grc' dir='ltr'>γεννηθεὶς</span> 
     </span>
    </p>
   </div>
   <div class='ocr_carea' id='block_1_39' title="bbox 449 2253 2061 2334">
    <p class='ocr_par' dir='ltr' id='par_1_39' title="bbox 449 2263 2041 2334">
     <span class='ocr_line' id='line_1_40' title="bbox 449 2263 2041 2334; baseline -0.004 -10"><span class='ocrx_word' id='word_1_281' title='bbox 449 2270 601 2324; x_wconf 80' lang='lat' dir='ltr'><strong>enim</strong></span> <span class='ocrx_word' id='word_1_282' title='bbox 654 2267 799 2323; x_wconf 75' lang='lat' dir='ltr'><strong>ﬁlius</strong></span> <span class='ocrx_word' id='word_1_283' title='bbox 827 2275 911 2322; x_wconf 88' lang='lat' dir='ltr'><strong>est</strong></span> <span class='ocrx_word' id='word_1_284' title='bbox 949 2265 1217 2331; x_wconf 88' lang='lat' dir='ltr'><strong>hominis,</strong></span> <span class='ocrx_word' id='word_1_285' title='bbox 1253 2265 1417 2320; x_wconf 90' lang='lat' dir='ltr'><strong>homo</strong></span> <span class='ocrx_word' id='word_1_286' title='bbox 1464 2266 1629 2321; x_wconf 87' lang='lat' dir='ltr'><strong>etiam</strong></span> <span class='ocrx_word' id='word_1_287' title='bbox 1680 2264 1801 2334; x_wconf 89' lang='lat' dir='ltr'><strong>ipse</strong></span> <span class='ocrx_word' id='word_1_288' title='bbox 1846 2263 1920 2318; x_wconf 89' lang='lat' dir='ltr'><strong>sit</strong></span> <span class='ocrx_word' id='word_1_289' title='bbox 1946 2277 2041 2318; x_wconf 87' lang='lat' dir='ltr'><strong>ne-</strong></span> 
     </span>
    </p>
   </div>
   <div class='ocr_carea' id='block_1_40' title="bbox 2107 2253 3719 2334">
    <p class='ocr_par' dir='ltr' id='par_1_40' title="bbox 2129 2253 3719 2330">
     <span class='ocr_line' id='line_1_41' title="bbox 2129 2253 3719 2330; baseline -0.001 -18"><span class='ocrx_word' id='word_1_290' title='bbox 2129 2260 2199 2312; x_wconf 71' lang='grc' dir='ltr'>ὲκ</span> <span class='ocrx_word' id='word_1_291' title='bbox 2217 2259 2482 2329; x_wconf 87' lang='grc' dir='ltr'>γυναικὸς</span> <span class='ocrx_word' id='word_1_292' title='bbox 2512 2260 2648 2323; x_wconf 85' lang='grc' dir='ltr'>Θεός</span> <span class='ocrx_word' id='word_1_293' title='bbox 2677 2262 2849 2323; x_wconf 63' lang='grc' dir='ltr'>ἔστιν,</span> <span class='ocrx_word' id='word_1_294' title='bbox 2883 2253 2965 2323; x_wconf 77' lang='grc' dir='ltr'><strong>εἷς</strong></span> <span class='ocrx_word' id='word_1_295' title='bbox 2985 2260 3101 2312; x_wconf 75' lang='grc' dir='ltr'>ἐστι</span> <span class='ocrx_word' id='word_1_296' title='bbox 3140 2257 3387 2330; x_wconf 84' lang='grc' dir='ltr'>δηλονότι</span> <span class='ocrx_word' id='word_1_297' title='bbox 3412 2260 3440 2312; x_wconf 91' lang='lat'><strong>6</strong></span> <span class='ocrx_word' id='word_1_298' title='bbox 3472 2261 3537 2312; x_wconf 83' lang='grc' dir='ltr'>ἐκ</span> <span class='ocrx_word' id='word_1_299' title='bbox 3578 2256 3719 2311; x_wconf 75' lang='grc' dir='ltr'>Θεοῦ</span> 
     </span>
    </p>
   </div>
   <div class='ocr_carea' id='block_1_41' title="bbox 449 2349 2061 2425">
    <p class='ocr_par' dir='ltr' id='par_1_41' title="bbox 449 2354 2041 2425">
     <span class='ocr_line' id='line_1_42' title="bbox 449 2354 2041 2425; baseline -0.006 -9"><span class='ocrx_word' id='word_1_300' title='bbox 449 2374 675 2417; x_wconf 84' lang='lat' dir='ltr'><strong>cessum</strong></span> <span class='ocrx_word' id='word_1_301' title='bbox 712 2365 818 2415; x_wconf 85' lang='lat' dir='ltr'><strong>est.</strong></span> <span class='ocrx_word' id='word_1_302' title='bbox 862 2355 1019 2423; x_wconf 86' lang='lat' dir='ltr'><strong>Quod</strong></span> <span class='ocrx_word' id='word_1_303' title='bbox 1070 2356 1116 2412; x_wconf 88' lang='lat' dir='ltr'><strong>si</strong></span> <span class='ocrx_word' id='word_1_304' title='bbox 1158 2354 1250 2410; x_wconf 88' lang='lat' dir='ltr'><strong>ille</strong></span> <span class='ocrx_word' id='word_1_305' title='bbox 1283 2355 1399 2425; x_wconf 92' lang='lat' dir='ltr'><strong>ipse</strong></span> <span class='ocrx_word' id='word_1_306' title='bbox 1428 2355 1523 2425; x_wconf 89' lang='lat' dir='ltr'><strong>qui</strong></span> <span class='ocrx_word' id='word_1_307' title='bbox 1559 2370 1626 2411; x_wconf 80' lang='lat' dir='ltr'><strong>ex</strong></span> <span class='ocrx_word' id='word_1_308' title='bbox 1678 2354 1912 2409; x_wconf 85' lang='lat' dir='ltr'><strong>muliere</strong></span> <span class='ocrx_word' id='word_1_309' title='bbox 1946 2368 2041 2408; x_wconf 77' lang='lat' dir='ltr'><strong>na-</strong></span> 
     </span>
    </p>
   </div>
   <div class='ocr_carea' id='block_1_42' title="bbox 2108 2349 3720 2425">
    <p class='ocr_par' dir='ltr' id='par_1_42' title="bbox 2131 2349 3720 2422">
     <span class='ocr_line' id='line_1_43' title="bbox 2131 2349 3720 2422; baseline -0.003 -16"><span class='ocrx_word' id='word_1_310' title='bbox 2131 2352 2348 2422; x_wconf 86' lang='grc' dir='ltr'>Πατρὸς</span> <span class='ocrx_word' id='word_1_311' title='bbox 2371 2353 2657 2422; x_wconf 82' lang='grc' dir='ltr'>γεννηθεὶς</span> <span class='ocrx_word' id='word_1_312' title='bbox 2700 2354 2845 2407; x_wconf 77' lang='grc' dir='ltr'>κατὰ</span> <span class='ocrx_word' id='word_1_313' title='bbox 2874 2350 2974 2422; x_wconf 81' lang='grc' dir='ltr'><strong>τὴν</strong></span> <span class='ocrx_word' id='word_1_314' title='bbox 3004 2349 3158 2405; x_wconf 77' lang='grc' dir='ltr'>θείαν</span> <span class='ocrx_word' id='word_1_315' title='bbox 3199 2351 3300 2406; x_wconf 74' lang='grc' dir='ltr'>καὶ</span> <span class='ocrx_word' id='word_1_316' title='bbox 3343 2351 3583 2421; x_wconf 77' lang='grc' dir='ltr'>ἄναρχον</span> <span class='ocrx_word' id='word_1_317' title='bbox 3626 2350 3720 2403; x_wconf 78' lang='grc' dir='ltr'>οὑ-</span> 
     </span>
    </p>
   </div>
   <div class='ocr_carea' id='block_1_43' title="bbox 450 2441 2062 2517">
    <p class='ocr_par' dir='ltr' id='par_1_43' title="bbox 450 2444 2038 2517">
     <span class='ocr_line' id='line_1_44' title="bbox 450 2444 2038 2517; baseline -0.006 -10"><span class='ocrx_word' id='word_1_318' title='bbox 450 2463 547 2508; x_wconf 84' lang='lat' dir='ltr'><strong>tus</strong></span> <span class='ocrx_word' id='word_1_319' title='bbox 577 2458 685 2516; x_wconf 81' lang='lat' dir='ltr'><strong>est,</strong></span> <span class='ocrx_word' id='word_1_320' title='bbox 727 2449 870 2505; x_wconf 87' lang='lat' dir='ltr'><strong>Deus</strong></span> <span class='ocrx_word' id='word_1_321' title='bbox 898 2457 1003 2511; x_wconf 92' lang='lat' dir='ltr'><strong>est,</strong></span> <span class='ocrx_word' id='word_1_322' title='bbox 1054 2463 1198 2503; x_wconf 89' lang='lat' dir='ltr'><strong>unus</strong></span> <span class='ocrx_word' id='word_1_323' title='bbox 1237 2447 1430 2517; x_wconf 87' lang='lat' dir='ltr'><strong>procul</strong></span> <span class='ocrx_word' id='word_1_324' title='bbox 1485 2446 1656 2503; x_wconf 90' lang='lat' dir='ltr'><strong>dubio</strong></span> <span class='ocrx_word' id='word_1_325' title='bbox 1702 2455 1868 2517; x_wconf 88' lang='lat' dir='ltr'><strong>atque</strong></span> <span class='ocrx_word' id='word_1_326' title='bbox 1897 2444 2038 2499; x_wconf 92' lang='lat' dir='ltr'><strong>idem</strong></span> 
     </span>
    </p>
   </div>
   <div class='ocr_carea' id='block_1_44' title="bbox 2106 2441 3718 2517">
    <p class='ocr_par' dir='ltr' id='par_1_44' title="bbox 2133 2441 3718 2514">
     <span class='ocr_line' id='line_1_45' title="bbox 2133 2441 3718 2514; baseline 0.001 -20"><span class='ocrx_word' id='word_1_327' title='bbox 2133 2441 2279 2507; x_wconf 88' lang='grc' dir='ltr'>σίαν,</span> <span class='ocrx_word' id='word_1_328' title='bbox 2300 2443 2395 2495; x_wconf 76' lang='grc' dir='ltr'><strong>καὶ</strong></span> <span class='ocrx_word' id='word_1_329' title='bbox 2428 2443 2514 2495; x_wconf 77' lang='grc' dir='ltr'><strong>ἐπ’</strong></span> <span class='ocrx_word' id='word_1_330' title='bbox 2546 2444 2796 2513; x_wconf 71' lang='grc' dir='ltr'>ἐσχάτων</span> <span class='ocrx_word' id='word_1_331' title='bbox 2820 2442 2933 2497; x_wconf 86' lang='grc' dir='ltr'>τῶν</span> <span class='ocrx_word' id='word_1_332' title='bbox 2958 2442 3168 2513; x_wconf 87' lang='grc' dir='ltr'>χρόνων</span> <span class='ocrx_word' id='word_1_333' title='bbox 3207 2443 3272 2496; x_wconf 69' lang='grc' dir='ltr'>ὲκ</span> <span class='ocrx_word' id='word_1_334' title='bbox 3300 2442 3401 2512; x_wconf 82' lang='grc' dir='ltr'>τῆς</span> <span class='ocrx_word' id='word_1_335' title='bbox 3435 2441 3718 2514; x_wconf 85' lang='grc' dir='ltr'>Παρθένου</span> 
     </span>
    </p>
   </div>
   <div class='ocr_carea' id='block_1_45' title="bbox 453 2532 2065 2614">
    <p class='ocr_par' dir='ltr' id='par_1_45' title="bbox 453 2537 2043 2614">
     <span class='ocr_line' id='line_1_46' title="bbox 453 2537 2043 2614; baseline -0.008 -13"><span class='ocrx_word' id='word_1_336' title='bbox 453 2554 561 2607; x_wconf 88' lang='lat' dir='ltr'><strong>est,</strong></span> <span class='ocrx_word' id='word_1_337' title='bbox 596 2544 689 2614; x_wconf 90' lang='lat' dir='ltr'><strong>qui</strong></span> <span class='ocrx_word' id='word_1_338' title='bbox 722 2558 789 2597; x_wconf 76' lang='lat' dir='ltr'><strong>ex</strong></span> <span class='ocrx_word' id='word_1_339' title='bbox 834 2541 948 2596; x_wconf 87' lang='lat' dir='ltr'><strong>Deo</strong></span> <span class='ocrx_word' id='word_1_340' title='bbox 994 2539 1160 2596; x_wconf 88' lang='lat' dir='ltr'><strong>Patre</strong></span> <span class='ocrx_word' id='word_1_341' title='bbox 1209 2541 1432 2610; x_wconf 86' lang='lat' dir='ltr'><strong>genitus</strong></span> <span class='ocrx_word' id='word_1_342' title='bbox 1470 2547 1577 2604; x_wconf 90' lang='lat' dir='ltr'><strong>est,</strong></span> <span class='ocrx_word' id='word_1_343' title='bbox 1614 2539 1761 2609; x_wconf 89' lang='lat' dir='ltr'><strong>quod</strong></span> <span class='ocrx_word' id='word_1_344' title='bbox 1798 2537 1865 2593; x_wconf 90' lang='lat' dir='ltr'><strong>ad</strong></span> <span class='ocrx_word' id='word_1_345' title='bbox 1904 2537 2043 2592; x_wconf 85' lang='lat' dir='ltr'><strong>divi-</strong></span> 
     </span>
    </p>
   </div>
   <div class='ocr_carea' id='block_1_46' title="bbox 2107 2532 3719 2614">
    <p class='ocr_par' dir='ltr' id='par_1_46' title="bbox 2131 2532 3719 2606">
     <span class='ocr_line' id='line_1_47' title="bbox 2131 2532 3719 2606; baseline -0.001 -21"><span class='ocrx_word' id='word_1_346' title='bbox 2131 2533 2343 2602; x_wconf 77' lang='grc' dir='ltr'>τεχθεὶς</span> <span class='ocrx_word' id='word_1_347' title='bbox 2377 2533 2520 2587; x_wconf 85' lang='grc' dir='ltr'>κατὰ</span> <span class='ocrx_word' id='word_1_348' title='bbox 2542 2533 2644 2605; x_wconf 85' lang='grc' dir='ltr'>τὴν</span> <span class='ocrx_word' id='word_1_349' title='bbox 2674 2533 2964 2606; x_wconf 78' lang='grc' dir='ltr'>ὴργμένην</span> <span class='ocrx_word' id='word_1_350' title='bbox 2991 2533 3088 2589; x_wconf 78' lang='grc' dir='ltr'>καὶ</span> <span class='ocrx_word' id='word_1_351' title='bbox 3132 2533 3239 2587; x_wconf 81' lang='grc' dir='ltr'><strong>ὑπὸ</strong></span> <span class='ocrx_word' id='word_1_352' title='bbox 3268 2532 3462 2605; x_wconf 90' lang='grc' dir='ltr'>χρόνον</span> <span class='ocrx_word' id='word_1_353' title='bbox 3500 2533 3719 2595; x_wconf 83' lang='grc' dir='ltr'>οὐσίαν,</span> 
     </span>
    </p>
   </div>
   <div class='ocr_carea' id='block_1_47' title="bbox 462 2620 2074 2699">
    <p class='ocr_par' dir='ltr' id='par_1_47' title="bbox 462 2628 2039 2699">
     <span class='ocr_line' id='line_1_48' title="bbox 462 2628 2039 2699; baseline -0.006 -10"><span class='ocrx_word' id='word_1_354' title='bbox 462 2650 589 2689; x_wconf 81' lang='lat' dir='ltr'><strong>nam</strong></span> <span class='ocrx_word' id='word_1_355' title='bbox 632 2642 687 2687; x_wconf 83' lang='lat' dir='ltr'><strong>et</strong></span> <span class='ocrx_word' id='word_1_356' title='bbox 730 2632 881 2686; x_wconf 89' lang='lat' dir='ltr'><strong>initii</strong></span> <span class='ocrx_word' id='word_1_357' title='bbox 931 2637 1216 2699; x_wconf 69' lang='lat' dir='ltr'><strong>expertem</strong></span> <span class='ocrx_word' id='word_1_358' title='bbox 1262 2628 1631 2684; x_wconf 85' lang='lat' dir='ltr'><strong>substantiam</strong></span> <span class='ocrx_word' id='word_1_359' title='bbox 1659 2628 1880 2692; x_wconf 84' lang='lat' dir='ltr'><strong>attinet,</strong></span> <span class='ocrx_word' id='word_1_360' title='bbox 1915 2628 2039 2696; x_wconf 88' lang='lat' dir='ltr'><strong>qui-</strong></span> 
     </span>
    </p>
   </div>
   <div class='ocr_carea' id='block_1_48' title="bbox 2111 2620 3723 2699">
    <p class='ocr_par' dir='ltr' id='par_1_48' title="bbox 2130 2620 3723 2695">
     <span class='ocr_line' id='line_1_49' title="bbox 2130 2620 3723 2695; baseline -0.001 -21"><span class='ocrx_word' id='word_1_361' title='bbox 2130 2621 2249 2691; x_wconf 74' lang='grc' dir='ltr'>ήτοι</span> <span class='ocrx_word' id='word_1_362' title='bbox 2273 2622 2374 2693; x_wconf 82' lang='grc' dir='ltr'>τὴν</span> <span class='ocrx_word' id='word_1_363' title='bbox 2399 2622 2772 2695; x_wconf 80' lang='grc' dir='ltr'>ἀνθρωπίνην.</span> <span class='ocrx_word' id='word_1_364' title='bbox 2805 2623 2978 2677; x_wconf 79' lang='grc' dir='ltr'>Τοῦτο</span> <span class='ocrx_word' id='word_1_365' title='bbox 3003 2623 3060 2677; x_wconf 83' lang='grc' dir='ltr'><strong>δὲ</strong></span> <span class='ocrx_word' id='word_1_366' title='bbox 3093 2622 3223 2694; x_wconf 90' lang='grc' dir='ltr'>μίαν</span> <span class='ocrx_word' id='word_1_367' title='bbox 3257 2620 3587 2685; x_wconf 82' lang='grc' dir='ltr'>ὑπόστασιν,</span> <span class='ocrx_word' id='word_1_368' title='bbox 3625 2621 3723 2675; x_wconf 81' lang='grc' dir='ltr'>καὶ</span> 
     </span>
    </p>
   </div>
   <div class='ocr_carea' id='block_1_49' title="bbox 456 2711 2068 2790">
    <p class='ocr_par' dir='ltr' id='par_1_49' title="bbox 456 2716 2037 2790">
     <span class='ocr_line' id='line_1_50' title="bbox 456 2716 2037 2790; baseline -0.003 -17"><span class='ocrx_word' id='word_1_369' title='bbox 456 2734 565 2787; x_wconf 85' lang='lat' dir='ltr'><strong>que</strong></span> <span class='ocrx_word' id='word_1_370' title='bbox 609 2720 871 2775; x_wconf 75' lang='lat' dir='ltr'><strong>extremis</strong></span> <span class='ocrx_word' id='word_1_371' title='bbox 926 2720 1269 2790; x_wconf 85' lang='lat' dir='ltr'><strong>temporibus</strong></span> <span class='ocrx_word' id='word_1_372' title='bbox 1314 2734 1377 2773; x_wconf 90' lang='lat' dir='ltr'><strong>ea</strong></span> <span class='ocrx_word' id='word_1_373' title='bbox 1411 2718 1725 2773; x_wconf 86' lang='lat' dir='ltr'><strong>substantia</strong></span> <span class='ocrx_word' id='word_1_374' title='bbox 1781 2730 1904 2785; x_wconf 66' lang='lat' dir='ltr'><strong>quae</strong></span> <span class='ocrx_word' id='word_1_375' title='bbox 1935 2716 2037 2770; x_wconf 86' lang='lat' dir='ltr'><strong>iui-</strong></span> 
     </span>
    </p>
   </div>
   <div class='ocr_carea' id='block_1_50' title="bbox 2111 2711 3723 2790">
    <p class='ocr_par' dir='ltr' id='par_1_50' title="bbox 2139 2711 3723 2783">
     <span class='ocr_line' id='line_1_51' title="bbox 2139 2711 3723 2783; baseline -0.001 -15"><span class='ocrx_word' id='word_1_376' title='bbox 2139 2715 2236 2768; x_wconf 82' lang='grc' dir='ltr'><strong>δύο</strong></span> <span class='ocrx_word' id='word_1_377' title='bbox 2265 2716 2479 2783; x_wconf 83' lang='grc' dir='ltr'>φύσεις,</span> <span class='ocrx_word' id='word_1_378' title='bbox 2518 2715 2731 2768; x_wconf 76' lang='grc' dir='ltr'>καὶδύο</span> <span class='ocrx_word' id='word_1_379' title='bbox 2765 2714 3053 2783; x_wconf 71' lang='grc' dir='ltr'>γεννήσεις</span> <span class='ocrx_word' id='word_1_380' title='bbox 3085 2714 3343 2783; x_wconf 82' lang='grc' dir='ltr'>σημαίνει</span> <span class='ocrx_word' id='word_1_381' title='bbox 3377 2711 3474 2768; x_wconf 77' lang='grc' dir='ltr'><strong>τοῦ</strong></span> <span class='ocrx_word' id='word_1_382' title='bbox 3511 2715 3723 2783; x_wconf 78' lang='grc' dir='ltr'>Κυρίου</span> 
     </span>
    </p>
   </div>
   <div class='ocr_carea' id='block_1_51' title="bbox 457 2804 2069 2878">
    <p class='ocr_par' dir='ltr' id='par_1_51' title="bbox 457 2804 2034 2878">
     <span class='ocr_line' id='line_1_52' title="bbox 457 2804 2034 2878; baseline -0.001 -15"><span class='ocrx_word' id='word_1_383' title='bbox 457 2810 594 2863; x_wconf 88' lang='lat' dir='ltr'><strong>tium</strong></span> <span class='ocrx_word' id='word_1_384' title='bbox 626 2808 843 2870; x_wconf 80' lang='lat' dir='ltr'><strong>habuit.</strong></span> <span class='ocrx_word' id='word_1_385' title='bbox 892 2807 1239 2878; x_wconf 85' lang='lat' dir='ltr'><strong>temporique</strong></span> <span class='ocrx_word' id='word_1_386' title='bbox 1299 2806 1553 2877; x_wconf 87' lang='lat' dir='ltr'><strong>subjecta</strong></span> <span class='ocrx_word' id='word_1_387' title='bbox 1609 2815 1718 2868; x_wconf 87' lang='lat' dir='ltr'><strong>est.</strong></span> <span class='ocrx_word' id='word_1_388' title='bbox 1773 2804 1877 2859; x_wconf 90' lang='lat' dir='ltr'><strong>hoc</strong></span> <span class='ocrx_word' id='word_1_389' title='bbox 1929 2814 2034 2869; x_wconf 87' lang='lat' dir='ltr'><strong>est,</strong></span> 
     </span>
    </p>
   </div>
   <div class='ocr_carea' id='block_1_52' title="bbox 1191 2804 2803 2878">
    <p class='ocr_par' dir='ltr' id='par_1_52' title="bbox 1191 2804 2803 2877">
     <span class='ocr_line' id='line_1_53' title="bbox 1191 2804 2803 2877; baseline 0.002 -17"><span class='ocrx_word' id='word_1_390' title='bbox 1191 2822 1239 2861; x_wconf 81' lang='lat' dir='ltr'><strong>te</strong></span> <span class='ocrx_word' id='word_1_391' title='bbox 1299 2806 1553 2877; x_wconf 87' lang='lat' dir='ltr'><strong>subjecta</strong></span> <span class='ocrx_word' id='word_1_392' title='bbox 1609 2815 1718 2868; x_wconf 87' lang='lat' dir='ltr'><strong>est.</strong></span> <span class='ocrx_word' id='word_1_393' title='bbox 1773 2804 1877 2859; x_wconf 90' lang='lat' dir='ltr'><strong>hoc</strong></span> <span class='ocrx_word' id='word_1_394' title='bbox 1929 2814 2034 2869; x_wconf 87' lang='lat' dir='ltr'><strong>est,</strong></span> <span class='ocrx_word' id='word_1_395' title='bbox 2141 2806 2303 2876; x_wconf 78' lang='grc' dir='ltr'>ἡμῶν</span> <span class='ocrx_word' id='word_1_396' title='bbox 2339 2804 2515 2877; x_wconf 82' lang='grc' dir='ltr'><strong>Ἰησοῦ</strong></span> <span class='ocrx_word' id='word_1_397' title='bbox 2542 2806 2803 2877; x_wconf 82' lang='grc' dir='ltr'>Χριστοῦ.</span> 
     </span>
    </p>
   </div>
   <div class='ocr_carea' id='block_1_53' title="bbox 458 2898 3728 2975">
    <p class='ocr_par' dir='ltr' id='par_1_53' title="bbox 458 2898 3728 2975">
     <span class='ocr_line' id='line_1_54' title="bbox 458 2898 3728 2975; baseline -0.001 -18"><span class='ocrx_word' id='word_1_398' title='bbox 458 2903 719 2966; x_wconf 77' lang='lat' dir='ltr'><strong>humana,</strong></span> <span class='ocrx_word' id='word_1_399' title='bbox 760 2916 829 2958; x_wconf 84' lang='lat' dir='ltr'><strong>ex</strong></span> <span class='ocrx_word' id='word_1_400' title='bbox 876 2900 1101 2971; x_wconf 84' lang='lat' dir='ltr'><strong>Virgine</strong></span> <span class='ocrx_word' id='word_1_401' title='bbox 1165 2908 1332 2956; x_wconf 82' lang='lat' dir='ltr'><strong>natus</strong></span> <span class='ocrx_word' id='word_1_402' title='bbox 1364 2910 1471 2955; x_wconf 89' lang='lat' dir='ltr'><strong>est.</strong></span> <span class='ocrx_word' id='word_1_403' title='bbox 1513 2898 1630 2954; x_wconf 86' lang='lat' dir='ltr'><strong>Hoc</strong></span> <span class='ocrx_word' id='word_1_404' title='bbox 1681 2913 1813 2953; x_wconf 86' lang='lat' dir='ltr'><strong>vero</strong></span> <span class='ocrx_word' id='word_1_405' title='bbox 1867 2914 2033 2955; x_wconf 77' lang='lat' dir='ltr'><strong>unam</strong></span> <span class='ocrx_word' id='word_1_406' title='bbox 2076 2900 2293 2955; x_wconf 86' lang='lat' dir='ltr'><strong>Domini</strong></span> <span class='ocrx_word' id='word_1_407' title='bbox 2343 2902 2521 2957; x_wconf 85' lang='lat' dir='ltr'><strong>nostri</strong></span> <span class='ocrx_word' id='word_1_408' title='bbox 2580 2900 2713 2958; x_wconf 78' lang='lat' dir='ltr'><strong>Iesu</strong></span> <span class='ocrx_word' id='word_1_409' title='bbox 2749 2919 3093 2975; x_wconf 64' lang='lat' dir='ltr'><strong>personam,</strong></span> <span class='ocrx_word' id='word_1_410' title='bbox 3154 2903 3407 2974; x_wconf 76' lang='lat' dir='ltr'><strong>duasque</strong></span> <span class='ocrx_word' id='word_1_411' title='bbox 3472 2910 3728 2967; x_wconf 87' lang='lat' dir='ltr'><strong>naturas,</strong></span> 
     </span>
    </p>
   </div>
   <div class='ocr_carea' id='block_1_54' title="bbox 454 2993 1436 3062">
    <p class='ocr_par' dir='ltr' id='par_1_54' title="bbox 454 2993 1436 3062">
     <span class='ocr_line' id='line_1_55' title="bbox 454 2993 1436 3062; baseline -0.002 -14"><span class='ocrx_word' id='word_1_412' title='bbox 454 3004 509 3049; x_wconf 91' lang='lat' dir='ltr'><strong>et</strong></span> <span class='ocrx_word' id='word_1_413' title='bbox 546 2993 683 3048; x_wconf 89' lang='lat' dir='ltr'><strong>duas</strong></span> <span class='ocrx_word' id='word_1_414' title='bbox 715 2993 1099 3062; x_wconf 80' lang='lat' dir='ltr'><strong>generationes</strong></span> <span class='ocrx_word' id='word_1_415' title='bbox 1135 2993 1436 3062; x_wconf 84' lang='lat' dir='ltr'><strong>signiﬁcat.</strong></span> 
     </span>
    </p>
   </div>
   <div class='ocr_carea' id='block_1_55' title="bbox 524 3085 2136 3160">
    <p class='ocr_par' dir='ltr' id='par_1_55' title="bbox 524 3085 2109 3160">
     <span class='ocr_line' id='line_1_56' title="bbox 524 3085 2109 3160; baseline -0.002 -19"><span class='ocrx_word' id='word_1_416' title='bbox 524 3085 914 3155; x_wconf 78' lang='lat' dir='ltr'><strong>Christiparam</strong></span> <span class='ocrx_word' id='word_1_417' title='bbox 950 3085 1137 3142; x_wconf 78' lang='lat' dir='ltr'><strong>Patres</strong></span> <span class='ocrx_word' id='word_1_418' title='bbox 1164 3089 1339 3141; x_wconf 83' lang='lat' dir='ltr'><strong>dicere</strong></span> <span class='ocrx_word' id='word_1_419' title='bbox 1371 3086 1755 3141; x_wconf 83' lang='lat' dir='ltr'><strong>detrectarunt.</strong></span> <span class='ocrx_word' id='word_1_420' title='bbox 1805 3085 2041 3141; x_wconf 84' lang='lat' dir='ltr'><strong>Nestorii</strong></span> <span class='ocrx_word' id='word_1_421' title='bbox 2079 3156 2109 3160; x_wconf 87' lang='lat'><strong>_</strong></span> 
     </span>
    </p>
   </div>
   <div class='ocr_carea' id='block_1_56' title="bbox 2113 3085 3725 3160">
    <p class='ocr_par' dir='ltr' id='par_1_56' title="bbox 2212 3086 3725 3160">
     <span class='ocr_line' id='line_1_57' title="bbox 2212 3086 3725 3160; baseline 0.001 -22"><span class='ocrx_word' id='word_1_422' title='bbox 2212 3087 2585 3156; x_wconf 83' lang='grc' dir='ltr'>Χριστοτόκον</span> <span class='ocrx_word' id='word_1_423' title='bbox 2619 3088 2677 3141; x_wconf 79' lang='grc' dir='ltr'><strong>δὲ</strong></span> <span class='ocrx_word' id='word_1_424' title='bbox 2863 3089 3118 3160; x_wconf 81' lang='grc' dir='ltr'>οὐδαμῶς</span> <span class='ocrx_word' id='word_1_425' title='bbox 3164 3104 3347 3158; x_wconf 79' lang='grc' dir='ltr'>φαμεν</span> <span class='ocrx_word' id='word_1_426' title='bbox 3430 3086 3531 3156; x_wconf 78' lang='grc' dir='ltr'>τὴν</span> <span class='ocrx_word' id='word_1_427' title='bbox 3559 3087 3725 3153; x_wconf 82' lang='grc' dir='ltr'>ἁγίαν</span> 
     </span>
    </p>
   </div>
   <div class='ocr_carea' id='block_1_57' title="bbox 459 3156 2071 3251">
    <p class='ocr_par' dir='ltr' id='par_1_57' title="bbox 459 3173 2071 3246">
     <span class='ocr_line' id='line_1_58' title="bbox 459 3173 2071 3246; baseline 0 -18"><span class='ocrx_word' id='word_1_428' title='bbox 459 3188 582 3234; x_wconf 71' lang='lat' dir='ltr'><strong>vox.</strong></span> <span class='ocrx_word' id='word_1_429' title='bbox 634 3183 693 3227; x_wconf 89' lang='lat' dir='ltr'><strong>ut</strong></span> <span class='ocrx_word' id='word_1_430' title='bbox 731 3173 948 3227; x_wconf 84' lang='lat' dir='ltr'><strong>dicatur</strong></span> <span class='ocrx_word' id='word_1_431' title='bbox 990 3173 1237 3230; x_wconf 75' lang='lat' dir='ltr'><strong>Christus</strong></span> <span class='ocrx_word' id='word_1_432' title='bbox 1284 3174 1559 3246; x_wconf 85' lang='grc' dir='ltr'>Θεοφόρος</span> <span class='ocrx_word' id='word_1_433' title='bbox 1584 3216 1598 3238; x_wconf 92' lang='grc'><strong>,</strong></span> <span class='ocrx_word' id='word_1_434' title='bbox 1650 3187 1790 3230; x_wconf 86' lang='lat' dir='ltr'><strong>recte</strong></span> <span class='ocrx_word' id='word_1_435' title='bbox 1817 3175 2071 3230; x_wconf 77' lang='lat' dir='ltr'><strong>sentien—‘</strong></span> 
     </span>
    </p>
   </div>
   <div class='ocr_carea' id='block_1_58' title="bbox 2113 3156 3725 3251">
    <p class='ocr_par' dir='ltr' id='par_1_58' title="bbox 2140 3156 3725 3251">
     <span class='ocr_line' id='line_1_59' title="bbox 2140 3156 3725 3251; baseline 0.001 -21"><span class='ocrx_word' id='word_1_436' title='bbox 2140 3178 2440 3248; x_wconf 81' lang='grc' dir='ltr'>Παρθένον,</span> <span class='ocrx_word' id='word_1_437' title='bbox 2468 3179 2604 3233; x_wconf 82' lang='grc' dir='ltr'>διότι</span> <span class='ocrx_word' id='word_1_438' title='bbox 2640 3181 2728 3232; x_wconf 79' lang='grc' dir='ltr'><strong>ἐπ’</strong></span> <span class='ocrx_word' id='word_1_439' title='bbox 2758 3156 3040 3251; x_wconf 80' lang='grc' dir='ltr'>ἀναιρέσει</span> <span class='ocrx_word' id='word_1_440' title='bbox 3074 3156 3188 3251; x_wconf 74' lang='grc' dir='ltr'>τῆς</span> <span class='ocrx_word' id='word_1_441' title='bbox 3211 3156 3504 3245; x_wconf 52' lang='lat' dir='ltr'><strong>deoshoc</strong></span> <span class='ocrx_word' id='word_1_442' title='bbox 3536 3180 3725 3249; x_wconf 77' lang='grc' dir='ltr'>φωνῆς</span> 
     </span>
    </p>
   </div>
   <div class='ocr_carea' id='block_1_59' title="bbox 458 3263 2070 3343">
    <p class='ocr_par' dir='ltr' id='par_1_59' title="bbox 458 3263 2042 3333">
     <span class='ocr_line' id='line_1_60' title="bbox 458 3263 2042 3333; baseline 0.002 -17"><span class='ocrx_word' id='word_1_443' title='bbox 458 3267 613 3329; x_wconf 84' lang='lat' dir='ltr'><strong>tium,</strong></span> <span class='ocrx_word' id='word_1_444' title='bbox 646 3273 704 3317; x_wconf 89' lang='lat' dir='ltr'><strong>ut</strong></span> <span class='ocrx_word' id='word_1_445' title='bbox 734 3264 874 3319; x_wconf 83' lang='lat' dir='ltr'><strong>Deus</strong></span> <span class='ocrx_word' id='word_1_446' title='bbox 921 3265 1260 3319; x_wconf 78' lang='lat' dir='ltr'><strong>incarnatus.</strong></span> <span class='ocrx_word' id='word_1_447' title='bbox 1312 3263 1533 3319; x_wconf 86' lang='lat' dir='ltr'><strong>Natura</strong></span> <span class='ocrx_word' id='word_1_448' title='bbox 1564 3271 1802 3321; x_wconf 82' lang='lat' dir='ltr'><strong>humana</strong></span> <span class='ocrx_word' id='word_1_449' title='bbox 1832 3267 1887 3320; x_wconf 84' lang='lat' dir='ltr'><strong>in</strong></span> <span class='ocrx_word' id='word_1_450' title='bbox 1923 3266 2042 3333; x_wconf 82' lang='lat' dir='ltr'><strong>ipsa</strong></span> 
     </span>
    </p>
   </div>
   <div class='ocr_carea' id='block_1_60' title="bbox 2114 3263 3726 3343">
    <p class='ocr_par' dir='ltr' id='par_1_60' title="bbox 2143 3269 3726 3343">
     <span class='ocr_line' id='line_1_61' title="bbox 2143 3269 3726 3343; baseline 0 -21"><span class='ocrx_word' id='word_1_451' title='bbox 2143 3269 2174 3322; x_wconf 85' lang='lat'><strong>6</strong></span> <span class='ocrx_word' id='word_1_452' title='bbox 2204 3269 2425 3341; x_wconf 86' lang='grc' dir='ltr'>μιαρὸς,</span> <span class='ocrx_word' id='word_1_453' title='bbox 2455 3271 2548 3323; x_wconf 77' lang='grc' dir='ltr'><strong>καὶ</strong></span> <span class='ocrx_word' id='word_1_454' title='bbox 2583 3271 2859 3342; x_wconf 87' lang='grc' dir='ltr'>βδελυρὸς,</span> <span class='ocrx_word' id='word_1_455' title='bbox 2885 3274 2980 3326; x_wconf 77' lang='grc' dir='ltr'>καὶ</span> <span class='ocrx_word' id='word_1_456' title='bbox 3012 3271 3396 3343; x_wconf 86' lang='grc' dir='ltr'>Ἰουδαιόφρων</span> <span class='ocrx_word' id='word_1_457' title='bbox 3425 3271 3726 3339; x_wconf 80' lang='grc' dir='ltr'>Νεστόριος</span> 
     </span>
    </p>
   </div>
   <div class='ocr_carea' id='block_1_61' title="bbox 456 3353 2068 3433">
    <p class='ocr_par' dir='ltr' id='par_1_61' title="bbox 456 3353 2041 3423">
     <span class='ocr_line' id='line_1_62' title="bbox 456 3353 2041 3423; baseline 0.003 -15"><span class='ocrx_word' id='word_1_458' title='bbox 456 3356 790 3423; x_wconf 77' lang='lat' dir='ltr'><strong>conceptione</strong></span> <span class='ocrx_word' id='word_1_459' title='bbox 830 3353 998 3410; x_wconf 82' lang='lat' dir='ltr'><strong>Verbo</strong></span> <span class='ocrx_word' id='word_1_460' title='bbox 1037 3358 1211 3411; x_wconf 80' lang='lat' dir='ltr'><strong>unita.</strong></span> <span class='ocrx_word' id='word_1_461' title='bbox 1238 3386 1306 3396; x_wconf 91' lang='lat'><strong>—-</strong></span> <span class='ocrx_word' id='word_1_462' title='bbox 1329 3358 1398 3411; x_wconf 85' lang='lat' dir='ltr'><strong>At</strong></span> <span class='ocrx_word' id='word_1_463' title='bbox 1433 3373 1564 3413; x_wconf 87' lang='lat' dir='ltr'><strong>vero</strong></span> <span class='ocrx_word' id='word_1_464' title='bbox 1614 3368 1878 3413; x_wconf 86' lang='lat' dir='ltr'><strong>sanctam</strong></span> <span class='ocrx_word' id='word_1_465' title='bbox 1915 3356 2041 3413; x_wconf 83' lang='lat' dir='ltr'><strong>Vir-</strong></span> 
     </span>
    </p>
   </div>
   <div class='ocr_carea' id='block_1_62' title="bbox 2116 3353 3728 3433">
    <p class='ocr_par' dir='ltr' id='par_1_62' title="bbox 2138 3359 3728 3433">
     <span class='ocr_line' id='line_1_63' title="bbox 2138 3359 3728 3433; baseline 0.001 -20"><span class='ocrx_word' id='word_1_466' title='bbox 2138 3359 2201 3414; x_wconf 89' lang='grc' dir='ltr'><strong>τὸ</strong></span> <span class='ocrx_word' id='word_1_467' title='bbox 2234 3359 2427 3422; x_wconf 81' lang='grc' dir='ltr'>σκεῦος</span> <span class='ocrx_word' id='word_1_468' title='bbox 2452 3361 2548 3431; x_wconf 84' lang='grc' dir='ltr'>τῆς</span> <span class='ocrx_word' id='word_1_469' title='bbox 2578 3363 2840 3433; x_wconf 83' lang='grc' dir='ltr'>ἀτιμίας,</span> <span class='ocrx_word' id='word_1_470' title='bbox 2881 3363 2976 3416; x_wconf 75' lang='grc' dir='ltr'>καὶ</span> <span class='ocrx_word' id='word_1_471' title='bbox 3025 3364 3121 3416; x_wconf 70' lang='grc' dir='ltr'><strong>ἐπὶ</strong></span> <span class='ocrx_word' id='word_1_472' title='bbox 3169 3364 3369 3433; x_wconf 77' lang='grc' dir='ltr'>ἀτιμία</span> <span class='ocrx_word' id='word_1_473' title='bbox 3417 3363 3519 3431; x_wconf 76' lang='grc' dir='ltr'>τῆς</span> <span class='ocrx_word' id='word_1_474' title='bbox 3558 3362 3728 3433; x_wconf 84' lang='grc' dir='ltr'>μόνης</span> 
     </span>
    </p>
   </div>
   <div class='ocr_carea' id='block_1_63' title="bbox 456 3447 2068 3527">
    <p class='ocr_par' dir='ltr' id='par_1_63' title="bbox 456 3447 2042 3527">
     <span class='ocr_line' id='line_1_64' title="bbox 456 3447 2042 3527; baseline 0.004 -28"><span class='ocrx_word' id='word_1_475' title='bbox 456 3449 638 3516; x_wconf 76' lang='lat' dir='ltr'><strong>ginem</strong></span> <span class='ocrx_word' id='word_1_476' title='bbox 673 3447 997 3519; x_wconf 86' lang='lat' dir='ltr'><strong>neutiquam</strong></span> <span class='ocrx_word' id='word_1_477' title='bbox 1038 3448 1441 3519; x_wconf 87' lang='lat' dir='ltr'><strong>Christiparam</strong></span> <span class='ocrx_word' id='word_1_478' title='bbox 1474 3464 1883 3527; x_wconf 81' lang='lat' dir='ltr'><strong>nuncupa_mus,</strong></span> <span class='ocrx_word' id='word_1_479' title='bbox 1911 3450 2042 3521; x_wconf 89' lang='lat' dir='ltr'><strong>quia</strong></span> 
     </span>
    </p>
   </div>
   <div class='ocr_carea' id='block_1_64' title="bbox 2112 3447 3724 3527">
    <p class='ocr_par' dir='ltr' id='par_1_64' title="bbox 2141 3453 3724 3527">
     <span class='ocr_line' id='line_1_65' title="bbox 2141 3453 3724 3527; baseline 0.001 -22"><span class='ocrx_word' id='word_1_480' title='bbox 2141 3453 2312 3516; x_wconf 76' lang='grc' dir='ltr'>ὅντως</span> <span class='ocrx_word' id='word_1_481' title='bbox 2355 3455 2734 3526; x_wconf 75' lang='grc' dir='ltr'>τετιμημένης</span> <span class='ocrx_word' id='word_1_482' title='bbox 2782 3456 2924 3527; x_wconf 81' lang='grc' dir='ltr'>ὑπὲρ</span> <span class='ocrx_word' id='word_1_483' title='bbox 2972 3456 3156 3510; x_wconf 81' lang='grc' dir='ltr'>πᾶσαν</span> <span class='ocrx_word' id='word_1_484' title='bbox 3209 3456 3393 3508; x_wconf 81' lang='grc' dir='ltr'>κτίσιν</span> <span class='ocrx_word' id='word_1_485' title='bbox 3434 3455 3724 3517; x_wconf 86' lang='grc' dir='ltr'>Θεοτόκου,</span> 
     </span>
    </p>
   </div>
   <div class='ocr_carea' id='block_1_65' title="bbox 456 3522 2068 3617">
    <p class='ocr_par' dir='ltr' id='par_1_65' title="bbox 456 3522 2039 3605">
     <span class='ocr_line' id='line_1_66' title="bbox 456 3522 2039 3605; baseline 0.002 -12"><span class='ocrx_word' id='word_1_486' title='bbox 456 3540 524 3593; x_wconf 70' lang='lat' dir='ltr'><strong>ad</strong></span> <span class='ocrx_word' id='word_1_487' title='bbox 570 3539 899 3594; x_wconf 90' lang='lat' dir='ltr'><strong>abolendum</strong></span> <span class='ocrx_word' id='word_1_488' title='bbox 942 3539 1191 3604; x_wconf 62' lang='grc' dir='ltr'>Πείραιε</span> <span class='ocrx_word' id='word_1_489' title='bbox 1250 3541 1579 3596; x_wconf 91' lang='lat' dir='ltr'><strong>vocabulum</strong></span> <span class='ocrx_word' id='word_1_490' title='bbox 1712 3522 2039 3605; x_wconf 69' lang='lat' dir='ltr'><strong>Nestorius,</strong></span> 
     </span>
    </p>
   </div>
   <div class='ocr_carea' id='block_1_66' title="bbox 2116 3522 3728 3617">
    <p class='ocr_par' dir='ltr' id='par_1_66' title="bbox 2143 3538 3728 3617">
     <span class='ocr_line' id='line_1_67' title="bbox 2143 3538 3728 3617; baseline 0 -20"><span class='ocrx_word' id='word_1_491' title='bbox 2143 3545 2249 3598; x_wconf 81' lang='grc' dir='ltr'>κᾶν</span> <span class='ocrx_word' id='word_1_492' title='bbox 2279 3538 2435 3608; x_wconf 74' lang='grc' dir='ltr'>οὗτος</span> <span class='ocrx_word' id='word_1_493' title='bbox 2482 3545 2883 3616; x_wconf 74' lang='grc' dir='ltr'>διαρῤήγνυται</span> <span class='ocrx_word' id='word_1_494' title='bbox 2906 3546 2933 3587; x_wconf 71' lang='grc' dir='ltr'>ά</span> <span class='ocrx_word' id='word_1_495' title='bbox 2987 3547 3084 3599; x_wconf 77' lang='grc' dir='ltr'><strong>σὺν</strong></span> <span class='ocrx_word' id='word_1_496' title='bbox 3117 3546 3195 3616; x_wconf 82' lang='grc' dir='ltr'>τῷ</span> <span class='ocrx_word' id='word_1_497' title='bbox 3241 3546 3410 3617; x_wconf 77' lang='grc' dir='ltr'>πατρὶ</span> <span class='ocrx_word' id='word_1_498' title='bbox 3448 3546 3616 3600; x_wconf 82' lang='grc' dir='ltr'>αὑτοῦ</span> <span class='ocrx_word' id='word_1_499' title='bbox 3644 3545 3728 3616; x_wconf 82' lang='grc' dir='ltr'>τῷ</span> 
     </span>
    </p>
   </div>
   <div class='ocr_carea' id='block_1_67' title="bbox 459 3631 2071 3710">
    <p class='ocr_par' dir='ltr' id='par_1_67' title="bbox 459 3631 2042 3702">
     <span class='ocr_line' id='line_1_68' title="bbox 459 3631 2042 3702; baseline 0.003 -19"><span class='ocrx_word' id='word_1_500' title='bbox 459 3636 710 3700; x_wconf 86' lang='lat' dir='ltr'><strong>impurus</strong></span> <span class='ocrx_word' id='word_1_501' title='bbox 760 3631 851 3685; x_wconf 85' lang='lat' dir='ltr'><strong>ille</strong></span> <span class='ocrx_word' id='word_1_502' title='bbox 911 3642 969 3686; x_wconf 88' lang='lat' dir='ltr'><strong>et</strong></span> <span class='ocrx_word' id='word_1_503' title='bbox 1028 3631 1425 3694; x_wconf 78' lang='lat' dir='ltr'><strong>exsecrandus.</strong></span> <span class='ocrx_word' id='word_1_504' title='bbox 1471 3634 1768 3702; x_wconf 87' lang='lat' dir='ltr'><strong>animoque</strong></span> <span class='ocrx_word' id='word_1_505' title='bbox 1795 3631 2042 3696; x_wconf 61' lang='lat' dir='ltr'><strong>Judwus,</strong></span> 
     </span>
    </p>
   </div>
   <div class='ocr_carea' id='block_1_68' title="bbox 2112 3631 3724 3710">
    <p class='ocr_par' dir='ltr' id='par_1_68' title="bbox 2146 3637 3724 3710">
     <span class='ocr_line' id='line_1_69' title="bbox 2146 3637 3724 3710; baseline 0.001 -22"><span class='ocrx_word' id='word_1_506' title='bbox 2146 3637 2380 3707; x_wconf 82' lang='grc' dir='ltr'>Σατανᾷ,</span> <span class='ocrx_word' id='word_1_507' title='bbox 2425 3638 2632 3708; x_wconf 84' lang='grc' dir='ltr'>ταύτην</span> <span class='ocrx_word' id='word_1_508' title='bbox 2660 3639 2761 3707; x_wconf 85' lang='grc' dir='ltr'>τὴν</span> <span class='ocrx_word' id='word_1_509' title='bbox 2794 3639 3169 3710; x_wconf 85' lang='grc' dir='ltr'>προσηγορίαν</span> <span class='ocrx_word' id='word_1_510' title='bbox 3198 3637 3488 3708; x_wconf 76' lang='grc' dir='ltr'>ὲξηύρατο,</span> <span class='ocrx_word' id='word_1_511' title='bbox 3517 3637 3592 3700; x_wconf 85' lang='grc' dir='ltr'>ὡς</span> <span class='ocrx_word' id='word_1_512' title='bbox 3619 3639 3724 3689; x_wconf 82' lang='grc' dir='ltr'><strong>ἐπ-</strong></span> 
     </span>
    </p>
   </div>
   <div class='ocr_carea' id='block_1_69' title="bbox 458 3723 2070 3799">
    <p class='ocr_par' dir='ltr' id='par_1_69' title="bbox 458 3723 2041 3796">
     <span class='ocr_line' id='line_1_70' title="bbox 458 3723 2041 3796; baseline 0.004 -22"><span class='ocrx_word' id='word_1_513' title='bbox 458 3723 592 3776; x_wconf 79' lang='lat' dir='ltr'><strong>illud</strong></span> <span class='ocrx_word' id='word_1_514' title='bbox 638 3723 954 3793; x_wconf 65' lang='lat' dir='ltr'><strong>ignominice</strong></span> <span class='ocrx_word' id='word_1_515' title='bbox 984 3739 1102 3789; x_wconf 89' lang='lat' dir='ltr'><strong>vas,</strong></span> <span class='ocrx_word' id='word_1_516' title='bbox 1135 3725 1190 3778; x_wconf 90' lang='lat' dir='ltr'><strong>in</strong></span> <span class='ocrx_word' id='word_1_517' title='bbox 1233 3733 1612 3795; x_wconf 88' lang='lat' dir='ltr'><strong>contemptum</strong></span> <span class='ocrx_word' id='word_1_518' title='bbox 1649 3725 1771 3793; x_wconf 85' lang='lat' dir='ltr'><strong>ejus</strong></span> <span class='ocrx_word' id='word_1_519' title='bbox 1799 3740 1921 3796; x_wconf 72' lang='lat' dir='ltr'><strong>qua:</strong></span> <span class='ocrx_word' id='word_1_520' title='bbox 1950 3741 2041 3780; x_wconf 81' lang='lat' dir='ltr'><strong>su~</strong></span> 
     </span>
    </p>
   </div>
   <div class='ocr_carea' id='block_1_70' title="bbox 2112 3723 3724 3799">
    <p class='ocr_par' dir='ltr' id='par_1_70' title="bbox 2144 3727 3724 3799">
     <span class='ocr_line' id='line_1_71' title="bbox 2144 3727 3724 3799; baseline 0 -20"><span class='ocrx_word' id='word_1_521' title='bbox 2144 3727 2525 3797; x_wconf 76' lang='grc' dir='ltr'>ηρεαζομένην</span> <span class='ocrx_word' id='word_1_522' title='bbox 2560 3738 2582 3766; x_wconf 70' lang='grc' dir='ltr'><strong>ε</strong></span> <span class='ocrx_word' id='word_1_523' title='bbox 2626 3728 2848 3799; x_wconf 85' lang='grc' dir='ltr'>χριστὸς</span> <span class='ocrx_word' id='word_1_524' title='bbox 2876 3729 2987 3799; x_wconf 85' lang='grc' dir='ltr'><strong>γὰρ</strong></span> <span class='ocrx_word' id='word_1_525' title='bbox 3021 3729 3115 3781; x_wconf 77' lang='grc' dir='ltr'>καὶ</span> <span class='ocrx_word' id='word_1_526' title='bbox 3144 3730 3172 3780; x_wconf 93' lang='lat'><strong>6</strong></span> <span class='ocrx_word' id='word_1_527' title='bbox 3201 3728 3369 3781; x_wconf 78' lang='grc' dir='ltr'>Δαϐὶδ</span> <span class='ocrx_word' id='word_1_528' title='bbox 3396 3730 3426 3781; x_wconf 93' lang='lat'><strong>6</strong></span> <span class='ocrx_word' id='word_1_529' title='bbox 3451 3728 3724 3796; x_wconf 81' lang='grc' dir='ltr'>βασιλεὺς,</span> 
     </span>
    </p>
   </div>
   <div class='ocr_carea' id='block_1_71' title="bbox 459 3817 2071 3889">
    <p class='ocr_par' dir='ltr' id='par_1_71' title="bbox 459 3817 2041 3885">
     <span class='ocr_line' id='line_1_72' title="bbox 459 3817 2041 3885; baseline 0.004 -19"><span class='ocrx_word' id='word_1_530' title='bbox 459 3829 554 3882; x_wconf 87' lang='lat' dir='ltr'><strong>per</strong></span> <span class='ocrx_word' id='word_1_531' title='bbox 594 3824 909 3869; x_wconf 85' lang='lat' dir='ltr'><strong>creaturam</strong></span> <span class='ocrx_word' id='word_1_532' title='bbox 941 3830 1164 3870; x_wconf 89' lang='lat' dir='ltr'><strong>omnem</strong></span> <span class='ocrx_word' id='word_1_533' title='bbox 1218 3818 1337 3873; x_wconf 85' lang='lat' dir='ltr'><strong>sola</strong></span> <span class='ocrx_word' id='word_1_534' title='bbox 1381 3832 1508 3872; x_wconf 90' lang='lat' dir='ltr'><strong>vere</strong></span> <span class='ocrx_word' id='word_1_535' title='bbox 1537 3818 1768 3873; x_wconf 85' lang='lat' dir='ltr'><strong>colenda</strong></span> <span class='ocrx_word' id='word_1_536' title='bbox 1809 3825 1918 3885; x_wconf 88' lang='lat' dir='ltr'><strong>est,</strong></span> <span class='ocrx_word' id='word_1_537' title='bbox 1950 3817 2041 3872; x_wconf 87' lang='lat' dir='ltr'><strong>Dei</strong></span> 
     </span>
    </p>
   </div>
   <div class='ocr_carea' id='block_1_72' title="bbox 2114 3817 3726 3889">
    <p class='ocr_par' dir='ltr' id='par_1_72' title="bbox 2146 3817 3726 3889">
     <span class='ocr_line' id='line_1_73' title="bbox 2146 3817 3726 3889; baseline 0 -18"><span class='ocrx_word' id='word_1_538' title='bbox 2146 3819 2244 3871; x_wconf 74' lang='lat' dir='ltr'><strong>uati.</strong></span> <span class='ocrx_word' id='word_1_539' title='bbox 2263 3819 2293 3870; x_wconf 92' lang='lat'><strong>6</strong></span> <span class='ocrx_word' id='word_1_540' title='bbox 2318 3819 2530 3887; x_wconf 85' lang='grc' dir='ltr'>Ἀαρὼν</span> <span class='ocrx_word' id='word_1_541' title='bbox 2556 3822 2586 3871; x_wconf 90' lang='lat'><strong>6</strong></span> <span class='ocrx_word' id='word_1_542' title='bbox 2614 3820 2911 3889; x_wconf 83' lang='grc' dir='ltr'>ἀρχιερεύς</span> <span class='ocrx_word' id='word_1_543' title='bbox 2931 3836 2945 3850; x_wconf 77' lang='grc' dir='ltr'><strong>ο</strong></span> <span class='ocrx_word' id='word_1_544' title='bbox 2971 3817 3151 3872; x_wconf 86' lang='grc' dir='ltr'>ταῦτα</span> <span class='ocrx_word' id='word_1_545' title='bbox 3170 3818 3279 3887; x_wconf 84' lang='grc' dir='ltr'><strong>γὰρ</strong></span> <span class='ocrx_word' id='word_1_546' title='bbox 3299 3820 3368 3873; x_wconf 84' lang='grc' dir='ltr'>τὰ</span> <span class='ocrx_word' id='word_1_547' title='bbox 3395 3819 3412 3857; x_wconf 72' lang='grc' dir='ltr'><strong>ί</strong></span> <span class='ocrx_word' id='word_1_548' title='bbox 3440 3820 3726 3889; x_wconf 82' lang='grc' dir='ltr'>χριόμενα,</span> 
     </span>
    </p>
   </div>
   <div class='ocr_carea' id='block_1_73' title="bbox 452 3904 2064 3982">
    <p class='ocr_par' dir='ltr' id='par_1_73' title="bbox 452 3904 2040 3979">
     <span class='ocr_line' id='line_1_74' title="bbox 452 3904 2040 3979; baseline 0.001 -19"><span class='ocrx_word' id='word_1_549' title='bbox 452 3904 1203 3977; x_wconf 83' lang='lat' dir='ltr'><strong>Genitricis(disrumpatur</strong></span> <span class='ocrx_word' id='word_1_550' title='bbox 1261 3910 1386 3964; x_wconf 91' lang='lat' dir='ltr'><strong>licet</strong></span> <span class='ocrx_word' id='word_1_551' title='bbox 1422 3909 1513 3964; x_wconf 91' lang='lat' dir='ltr'><strong>ille</strong></span> <span class='ocrx_word' id='word_1_552' title='bbox 1546 3923 1671 3963; x_wconf 90' lang='lat' dir='ltr'><strong>cum</strong></span> <span class='ocrx_word' id='word_1_553' title='bbox 1720 3919 1879 3979; x_wconf 89' lang='lat' dir='ltr'><strong>patre</strong></span> <span class='ocrx_word' id='word_1_554' title='bbox 1939 3925 2040 3964; x_wconf 88' lang='lat' dir='ltr'><strong>suo</strong></span> 
     </span>
    </p>
   </div>
   <div class='ocr_carea' id='block_1_74' title="bbox 2117 3904 3729 3982">
    <p class='ocr_par' dir='ltr' id='par_1_74' title="bbox 2148 3910 3729 3982">
     <span class='ocr_line' id='line_1_75' title="bbox 2148 3910 3729 3982; baseline 0.001 -20"><span class='ocrx_word' id='word_1_555' title='bbox 2148 3910 2394 3980; x_wconf 83' lang='grc' dir='ltr'>βασιλεία</span> <span class='ocrx_word' id='word_1_556' title='bbox 2425 3927 2483 3961; x_wconf 89' lang='grc' dir='ltr'><strong>τε</strong></span> <span class='ocrx_word' id='word_1_557' title='bbox 2512 3913 2609 3963; x_wconf 67' lang='grc' dir='ltr'><strong>καὶ</strong></span> <span class='ocrx_word' id='word_1_558' title='bbox 2643 3912 2933 3981; x_wconf 71' lang='grc' dir='ltr'>ίερωσόνη’</span> <span class='ocrx_word' id='word_1_559' title='bbox 2964 3913 3060 3965; x_wconf 71' lang='grc' dir='ltr'><strong>καὶ</strong></span> <span class='ocrx_word' id='word_1_560' title='bbox 3088 3913 3199 3973; x_wconf 78' lang='grc' dir='ltr'>πᾶς</span> <span class='ocrx_word' id='word_1_561' title='bbox 3230 3911 3490 3981; x_wconf 80' lang='grc' dir='ltr'>θεοφόρος</span> <span class='ocrx_word' id='word_1_562' title='bbox 3512 3910 3729 3982; x_wconf 73' lang='grc' dir='ltr'>ἄνθρω-</span> 
     </span>
    </p>
   </div>
   <div class='ocr_carea' id='block_1_75' title="bbox 458 3995 2070 4071">
    <p class='ocr_par' dir='ltr' id='par_1_75' title="bbox 458 3995 2039 4070">
     <span class='ocr_line' id='line_1_76' title="bbox 458 3995 2039 4070; baseline 0.002 -18"><span class='ocrx_word' id='word_1_563' title='bbox 458 3995 709 4067; x_wconf 86' lang='lat' dir='ltr'><strong>Satana),</strong></span> <span class='ocrx_word' id='word_1_564' title='bbox 744 3998 851 4053; x_wconf 83' lang='lat' dir='ltr'><strong>hoc</strong></span> <span class='ocrx_word' id='word_1_565' title='bbox 880 3999 1121 4055; x_wconf 90' lang='lat' dir='ltr'><strong>nominis</strong></span> <span class='ocrx_word' id='word_1_566' title='bbox 1141 4000 1493 4070; x_wconf 82' lang='lat' dir='ltr'><strong>excogitavit,</strong></span> <span class='ocrx_word' id='word_1_567' title='bbox 1522 4001 1671 4070; x_wconf 89' lang='lat' dir='ltr'><strong>quod</strong></span> <span class='ocrx_word' id='word_1_568' title='bbox 1700 4001 2039 4057; x_wconf 88' lang='lat' dir='ltr'><strong>obtruderet.</strong></span> 
     </span>
    </p>
   </div>
   <div class='ocr_carea' id='block_1_76' title="bbox 2114 3995 3726 4071">
    <p class='ocr_par' dir='ltr' id='par_1_76' title="bbox 2146 4000 3726 4071">
     <span class='ocr_line' id='line_1_77' title="bbox 2146 4000 3726 4071; baseline 0 -18"><span class='ocrx_word' id='word_1_569' title='bbox 2146 4019 2247 4064; x_wconf 81' lang='grc' dir='ltr'><strong>πος</strong></span> <span class='ocrx_word' id='word_1_570' title='bbox 2282 4002 2519 4071; x_wconf 86' lang='grc' dir='ltr'>Χριστὸς</span> <span class='ocrx_word' id='word_1_571' title='bbox 2560 4003 3105 4069; x_wconf 54' lang='grc' dir='ltr'>λέγεσθαγδύνατω,</span> <span class='ocrx_word' id='word_1_572' title='bbox 3133 4002 3249 4057; x_wconf 73' lang='grc' dir='ltr'>ἀλλ’</span> <span class='ocrx_word' id='word_1_573' title='bbox 3285 4003 3348 4055; x_wconf 84' lang='grc' dir='ltr'>οὐ</span> <span class='ocrx_word' id='word_1_574' title='bbox 3375 4002 3508 4063; x_wconf 87' lang='grc' dir='ltr'>Θεὸς</span> <span class='ocrx_word' id='word_1_575' title='bbox 3539 4000 3726 4070; x_wconf 79' lang='grc' dir='ltr'>φύσει,</span> 
     </span>
    </p>
   </div>
   <div class='ocr_carea' id='block_1_77' title="bbox 458 4086 2070 4166">
    <p class='ocr_par' dir='ltr' id='par_1_77' title="bbox 458 4086 2044 4161">
     <span class='ocr_line' id='line_1_78' title="bbox 458 4086 2044 4161; baseline 0.003 -20"><span class='ocrx_word' id='word_1_576' title='bbox 458 4086 751 4143; x_wconf 85' lang='lat' dir='ltr'><strong>Enimvero</strong></span> <span class='ocrx_word' id='word_1_577' title='bbox 801 4104 896 4144; x_wconf 81' lang='lat' dir='ltr'><strong>rex</strong></span> <span class='ocrx_word' id='word_1_578' title='bbox 955 4089 1123 4143; x_wconf 89' lang='lat' dir='ltr'><strong>David</strong></span> <span class='ocrx_word' id='word_1_579' title='bbox 1169 4090 1416 4145; x_wconf 89' lang='lat' dir='ltr'><strong>christus</strong></span> <span class='ocrx_word' id='word_1_580' title='bbox 1442 4108 1662 4161; x_wconf 84' lang='lat' dir='ltr'><strong>quoque</strong></span> <span class='ocrx_word' id='word_1_581' title='bbox 1708 4091 1935 4155; x_wconf 86' lang='lat' dir='ltr'><strong>dicitur,</strong></span> <span class='ocrx_word' id='word_1_582' title='bbox 1990 4102 2044 4147; x_wconf 91' lang='lat' dir='ltr'><strong>et</strong></span> 
     </span>
    </p>
   </div>
   <div class='ocr_carea' id='block_1_78' title="bbox 2116 4086 3728 4166">
    <p class='ocr_par' dir='ltr' id='par_1_78' title="bbox 2143 4093 3728 4166">
     <span class='ocr_line' id='line_1_79' title="bbox 2143 4093 3728 4166; baseline 0 -21"><span class='ocrx_word' id='word_1_583' title='bbox 2143 4094 2219 4156; x_wconf 83' lang='grc' dir='ltr'>ὡς</span> <span class='ocrx_word' id='word_1_584' title='bbox 2268 4094 2364 4147; x_wconf 77' lang='grc' dir='ltr'>καὶ</span> <span class='ocrx_word' id='word_1_585' title='bbox 2431 4094 2730 4165; x_wconf 85' lang='grc' dir='ltr'>Νεστόριος</span> <span class='ocrx_word' id='word_1_586' title='bbox 2772 4097 2800 4148; x_wconf 91' lang='lat'><strong>6</strong></span> <span class='ocrx_word' id='word_1_587' title='bbox 2846 4094 3143 4166; x_wconf 81' lang='grc' dir='ltr'>θεήλατος,</span> <span class='ocrx_word' id='word_1_588' title='bbox 3187 4096 3278 4147; x_wconf 84' lang='grc' dir='ltr'><strong>τὸν</strong></span> <span class='ocrx_word' id='word_1_589' title='bbox 3328 4095 3395 4147; x_wconf 82' lang='grc' dir='ltr'>ὲκ</span> <span class='ocrx_word' id='word_1_590' title='bbox 3444 4093 3728 4164; x_wconf 80' lang='grc' dir='ltr'>Παρθένου</span> 
     </span>
    </p>
   </div>
   <div class='ocr_carea' id='block_1_79' title="bbox 458 4179 2070 4257">
    <p class='ocr_par' dir='ltr' id='par_1_79' title="bbox 458 4179 2045 4252">
     <span class='ocr_line' id='line_1_80' title="bbox 458 4179 2045 4252; baseline 0.005 -21"><span class='ocrx_word' id='word_1_591' title='bbox 458 4179 703 4249; x_wconf 78' lang='lat' dir='ltr'><strong>pontifex</strong></span> <span class='ocrx_word' id='word_1_592' title='bbox 737 4180 946 4248; x_wconf 77' lang='lat' dir='ltr'><strong>Aaron,</strong></span> <span class='ocrx_word' id='word_1_593' title='bbox 1001 4182 1206 4251; x_wconf 88' lang='lat' dir='ltr'><strong>quippe</strong></span> <span class='ocrx_word' id='word_1_594' title='bbox 1259 4196 1387 4237; x_wconf 90' lang='lat' dir='ltr'><strong>cum</strong></span> <span class='ocrx_word' id='word_1_595' title='bbox 1433 4197 1592 4252; x_wconf 82' lang='lat' dir='ltr'><strong>reges</strong></span> <span class='ocrx_word' id='word_1_596' title='bbox 1625 4190 1682 4237; x_wconf 90' lang='lat' dir='ltr'><strong>et</strong></span> <span class='ocrx_word' id='word_1_597' title='bbox 1730 4182 2045 4239; x_wconf 79' lang='lat' dir='ltr'><strong>sacerdotes</strong></span> 
     </span>
    </p>
   </div>
   <div class='ocr_carea' id='block_1_80' title="bbox 2117 4179 3729 4257">
    <p class='ocr_par' dir='ltr' id='par_1_80' title="bbox 2142 4183 3729 4257">
     <span class='ocr_line' id='line_1_81' title="bbox 2142 4183 3729 4257; baseline 0.001 -20"><span class='ocrx_word' id='word_1_598' title='bbox 2142 4184 2403 4253; x_wconf 78' lang='grc' dir='ltr'>τεχθέντα</span> <span class='ocrx_word' id='word_1_599' title='bbox 2437 4183 2701 4254; x_wconf 84' lang='grc' dir='ltr'>θεοφόρον</span> <span class='ocrx_word' id='word_1_600' title='bbox 2879 4187 3059 4239; x_wconf 76' lang='grc' dir='ltr'>εἰπεῖν</span> <span class='ocrx_word' id='word_1_601' title='bbox 3085 4186 3415 4257; x_wconf 79' lang='grc' dir='ltr'>ὲφρυάξατο.</span> <span class='ocrx_word' id='word_1_602' title='bbox 3463 4186 3641 4256; x_wconf 76' lang='grc' dir='ltr'>Ἡμᾶς</span> <span class='ocrx_word' id='word_1_603' title='bbox 3671 4186 3729 4238; x_wconf 81' lang='grc' dir='ltr'><strong>δὲ</strong></span> 
     </span>
    </p>
   </div>
   <div class='ocr_carea' id='block_1_81' title="bbox 470 4271 2082 4348">
    <p class='ocr_par' dir='ltr' id='par_1_81' title="bbox 470 4271 2042 4344">
     <span class='ocr_line' id='line_1_82' title="bbox 470 4271 2042 4344; baseline 0.004 -21"><span class='ocrx_word' id='word_1_604' title='bbox 470 4271 597 4338; x_wconf 87' lang='lat' dir='ltr'><strong>ungi</strong></span> <span class='ocrx_word' id='word_1_605' title='bbox 624 4271 911 4325; x_wconf 89' lang='lat' dir='ltr'><strong>solerent:</strong></span> <span class='ocrx_word' id='word_1_606' title='bbox 954 4272 1205 4340; x_wconf 89' lang='lat' dir='ltr'><strong>quinimo</strong></span> <span class='ocrx_word' id='word_1_607' title='bbox 1235 4272 1419 4341; x_wconf 81' lang='lat' dir='ltr'><strong>quivis</strong></span> <span class='ocrx_word' id='word_1_608' title='bbox 1456 4275 1622 4328; x_wconf 88' lang='lat' dir='ltr'><strong>homo</strong></span> <span class='ocrx_word' id='word_1_609' title='bbox 1661 4275 1809 4344; x_wconf 86' lang='lat' dir='ltr'><strong>pius,</strong></span> <span class='ocrx_word' id='word_1_610' title='bbox 1851 4285 1903 4329; x_wconf 90' lang='lat' dir='ltr'><strong>et</strong></span> <span class='ocrx_word' id='word_1_611' title='bbox 1956 4277 2042 4329; x_wconf 87' lang='lat' dir='ltr'><strong>cui</strong></span> 
     </span>
    </p>
   </div>
   <div class='ocr_carea' id='block_1_82' title="bbox 2120 4271 3732 4348">
    <p class='ocr_par' dir='ltr' id='par_1_82' title="bbox 2149 4276 3732 4348">
     <span class='ocr_line' id='line_1_83' title="bbox 2149 4276 3732 4348; baseline 0.003 -19"><span class='ocrx_word' id='word_1_612' title='bbox 2149 4276 2223 4346; x_wconf 80' lang='grc' dir='ltr'>μὴ</span> <span class='ocrx_word' id='word_1_613' title='bbox 2254 4276 2469 4345; x_wconf 86' lang='grc' dir='ltr'>γένοιτο</span> <span class='ocrx_word' id='word_1_614' title='bbox 2506 4277 2769 4347; x_wconf 83' lang='grc' dir='ltr'>θεοφόρον</span> <span class='ocrx_word' id='word_1_615' title='bbox 2811 4278 2975 4332; x_wconf 82' lang='grc' dir='ltr'>αὑτὸν</span> <span class='ocrx_word' id='word_1_616' title='bbox 3004 4279 3029 4319; x_wconf 72' lang='grc'><strong>⁸</strong></span> <span class='ocrx_word' id='word_1_617' title='bbox 3057 4280 3234 4332; x_wconf 70' lang='grc' dir='ltr'>εἰπεῖν</span> <span class='ocrx_word' id='word_1_618' title='bbox 3260 4279 3293 4348; x_wconf 81' lang='grc' dir='ltr'><strong>ἢ</strong></span> <span class='ocrx_word' id='word_1_619' title='bbox 3347 4277 3558 4348; x_wconf 79' lang='grc' dir='ltr'>νοῆσαι,</span> <span class='ocrx_word' id='word_1_620' title='bbox 3591 4278 3732 4333; x_wconf 72' lang='grc' dir='ltr'>ἀλλὰ</span> 
     </span>
    </p>
   </div>
   <div class='ocr_carea' id='block_1_83' title="bbox 461 4362 2073 4442">
    <p class='ocr_par' dir='ltr' id='par_1_83' title="bbox 461 4362 2044 4437">
     <span class='ocr_line' id='line_1_84' title="bbox 461 4362 2044 4437; baseline 0.003 -20"><span class='ocrx_word' id='word_1_621' title='bbox 461 4366 604 4417; x_wconf 78' lang='lat' dir='ltr'><strong>heus</strong></span> <span class='ocrx_word' id='word_1_622' title='bbox 643 4362 991 4432; x_wconf 79' lang='lat' dir='ltr'><strong>sspiraverit,</strong></span> <span class='ocrx_word' id='word_1_623' title='bbox 1025 4362 1283 4420; x_wconf 83' lang='lat' dir='ltr'><strong>Christus</strong></span> <span class='ocrx_word' id='word_1_624' title='bbox 1320 4365 1427 4419; x_wconf 89' lang='lat' dir='ltr'><strong>dici</strong></span> <span class='ocrx_word' id='word_1_625' title='bbox 1467 4367 1661 4435; x_wconf 88' lang='lat' dir='ltr'><strong>possit,</strong></span> <span class='ocrx_word' id='word_1_626' title='bbox 1695 4376 1750 4421; x_wconf 90' lang='lat' dir='ltr'><strong>at</strong></span> <span class='ocrx_word' id='word_1_627' title='bbox 1782 4380 1888 4421; x_wconf 89' lang='lat' dir='ltr'><strong>non</strong></span> <span class='ocrx_word' id='word_1_628' title='bbox 1922 4381 2044 4437; x_wconf 84' lang='lat' dir='ltr'><strong>pcr-</strong></span> 
     </span>
    </p>
   </div>
   <div class='ocr_carea' id='block_1_84' title="bbox 2118 4362 3730 4442">
    <p class='ocr_par' dir='ltr' id='par_1_84' title="bbox 2144 4369 3730 4442">
     <span class='ocr_line' id='line_1_85' title="bbox 2144 4369 3730 4442; baseline 0.002 -21"><span class='ocrx_word' id='word_1_629' title='bbox 2144 4369 2279 4421; x_wconf 77' lang='grc' dir='ltr'>Θεὸν</span> <span class='ocrx_word' id='word_1_630' title='bbox 2308 4369 2757 4439; x_wconf 80' lang='grc' dir='ltr'>σεσαρκωμένον.</span> <span class='ocrx_word' id='word_1_631' title='bbox 2797 4369 2973 4433; x_wconf 79' lang='grc' dir='ltr'>Αὐτὸς</span> <span class='ocrx_word' id='word_1_632' title='bbox 3007 4370 3117 4442; x_wconf 84' lang='grc' dir='ltr'>γὰρ</span> <span class='ocrx_word' id='word_1_633' title='bbox 3145 4372 3175 4424; x_wconf 91' lang='lat'><strong>6</strong></span> <span class='ocrx_word' id='word_1_634' title='bbox 3219 4370 3393 4440; x_wconf 88' lang='grc' dir='ltr'>Λόγος</span> <span class='ocrx_word' id='word_1_635' title='bbox 3439 4370 3574 4441; x_wconf 74' lang='grc' dir='ltr'>σὰρξ</span> <span class='ocrx_word' id='word_1_636' title='bbox 3604 4371 3730 4440; x_wconf 69' lang='grc' dir='ltr'>ἐγί-</span> 
     </span>
    </p>
   </div>
   <div class='ocr_carea' id='block_1_85' title="bbox 461 4457 2073 4541">
    <p class='ocr_par' dir='ltr' id='par_1_85' title="bbox 461 4457 2045 4531">
     <span class='ocr_line' id='line_1_86' title="bbox 461 4457 2045 4531; baseline 0.004 -20"><span class='ocrx_word' id='word_1_637' title='bbox 461 4457 589 4514; x_wconf 82' lang='lat' dir='ltr'><strong>inde</strong></span> <span class='ocrx_word' id='word_1_638' title='bbox 632 4467 832 4513; x_wconf 83' lang='lat' dir='ltr'><strong>natura</strong></span> <span class='ocrx_word' id='word_1_639' title='bbox 894 4458 1073 4526; x_wconf 87' lang='lat' dir='ltr'><strong>Deus;</strong></span> <span class='ocrx_word' id='word_1_640' title='bbox 1100 4460 1258 4531; x_wconf 82' lang='lat' dir='ltr'><strong>juxta</strong></span> <span class='ocrx_word' id='word_1_641' title='bbox 1295 4476 1359 4516; x_wconf 89' lang='lat' dir='ltr'><strong>ac</strong></span> <span class='ocrx_word' id='word_1_642' title='bbox 1383 4461 1684 4518; x_wconf 82' lang='lat' dir='ltr'><strong>exitiabilis</strong></span> <span class='ocrx_word' id='word_1_643' title='bbox 1731 4463 1821 4517; x_wconf 87' lang='lat' dir='ltr'><strong>ille</strong></span> <span class='ocrx_word' id='word_1_644' title='bbox 1854 4462 2045 4518; x_wconf 82' lang='lat' dir='ltr'><strong>Nesto-</strong></span> 
     </span>
    </p>
   </div>
   <div class='ocr_carea' id='block_1_86' title="bbox 2121 4457 3733 4541">
    <p class='ocr_par' dir='ltr' id='par_1_86' title="bbox 2145 4461 3733 4535">
     <span class='ocr_line' id='line_1_87' title="bbox 2145 4461 3733 4535; baseline 0.003 -23"><span class='ocrx_word' id='word_1_645' title='bbox 2145 4478 2286 4525; x_wconf 88' lang='grc' dir='ltr'>νετο,</span> <span class='ocrx_word' id='word_1_646' title='bbox 2327 4461 2558 4531; x_wconf 72' lang='grc' dir='ltr'>κυηθεὶς</span> <span class='ocrx_word' id='word_1_647' title='bbox 2613 4462 2711 4532; x_wconf 80' lang='grc' dir='ltr'><strong>μὲν</strong></span> <span class='ocrx_word' id='word_1_648' title='bbox 2757 4463 2820 4515; x_wconf 70' lang='grc' dir='ltr'>ἐκ</span> <span class='ocrx_word' id='word_1_649' title='bbox 2873 4466 2973 4533; x_wconf 85' lang='grc' dir='ltr'>τῆς</span> <span class='ocrx_word' id='word_1_650' title='bbox 3014 4463 3318 4535; x_wconf 82' lang='grc' dir='ltr'>Παρθένου,</span> <span class='ocrx_word' id='word_1_651' title='bbox 3349 4461 3630 4532; x_wconf 82' lang='grc' dir='ltr'>προελθὼν</span> <span class='ocrx_word' id='word_1_652' title='bbox 3673 4464 3733 4517; x_wconf 67' lang='grc' dir='ltr'><strong>δὲ</strong></span> 
     </span>
    </p>
   </div>
   <div class='ocr_carea' id='block_1_87' title="bbox 460 4548 2072 4626">
    <p class='ocr_par' dir='ltr' id='par_1_87' title="bbox 460 4548 2046 4621">
     <span class='ocr_line' id='line_1_88' title="bbox 460 4548 2046 4621; baseline 0.004 -19"><span class='ocrx_word' id='word_1_653' title='bbox 460 4550 577 4603; x_wconf 85' lang='lat' dir='ltr'><strong>rius</strong></span> <span class='ocrx_word' id='word_1_654' title='bbox 626 4564 750 4603; x_wconf 88' lang='lat' dir='ltr'><strong>eum</strong></span> <span class='ocrx_word' id='word_1_655' title='bbox 783 4550 877 4620; x_wconf 81' lang='lat' dir='ltr'><strong>qui</strong></span> <span class='ocrx_word' id='word_1_656' title='bbox 911 4550 979 4605; x_wconf 89' lang='lat' dir='ltr'><strong>de</strong></span> <span class='ocrx_word' id='word_1_657' title='bbox 1019 4548 1241 4621; x_wconf 83' lang='lat' dir='ltr'><strong>Virgine</strong></span> <span class='ocrx_word' id='word_1_658' title='bbox 1290 4558 1451 4607; x_wconf 85' lang='lat' dir='ltr'><strong>natus</strong></span> <span class='ocrx_word' id='word_1_659' title='bbox 1482 4560 1587 4618; x_wconf 90' lang='lat' dir='ltr'><strong>est,</strong></span> <span class='ocrx_word' id='word_1_660' title='bbox 1641 4553 1919 4609; x_wconf 78' lang='lat' dir='ltr'><strong>Deiferum</strong></span> <span class='ocrx_word' id='word_1_661' title='bbox 1950 4570 2046 4611; x_wconf 86' lang='lat' dir='ltr'><strong>ore</strong></span> 
     </span>
    </p>
   </div>
   <div class='ocr_carea' id='block_1_88' title="bbox 2123 4548 3735 4626">
    <p class='ocr_par' dir='ltr' id='par_1_88' title="bbox 2144 4552 3735 4626">
     <span class='ocr_line' id='line_1_89' title="bbox 2144 4552 3735 4626; baseline 0.002 -20"><span class='ocrx_word' id='word_1_662' title='bbox 2144 4552 2275 4617; x_wconf 84' lang='grc' dir='ltr'>Θεὸς</span> <span class='ocrx_word' id='word_1_663' title='bbox 2313 4553 2456 4623; x_wconf 80' lang='grc' dir='ltr'>μετὰ</span> <span class='ocrx_word' id='word_1_664' title='bbox 2485 4554 2586 4623; x_wconf 79' lang='grc' dir='ltr'>τῆς</span> <span class='ocrx_word' id='word_1_665' title='bbox 2630 4554 3010 4625; x_wconf 81' lang='grc' dir='ltr'>προσλήψεως,</span> <span class='ocrx_word' id='word_1_666' title='bbox 3044 4556 3143 4626; x_wconf 77' lang='grc' dir='ltr'>ήδη</span> <span class='ocrx_word' id='word_1_667' title='bbox 3182 4556 3276 4610; x_wconf 80' lang='grc' dir='ltr'>καὶ</span> <span class='ocrx_word' id='word_1_668' title='bbox 3305 4557 3477 4624; x_wconf 81' lang='grc' dir='ltr'>αὐτῆς</span> <span class='ocrx_word' id='word_1_669' title='bbox 3510 4557 3603 4609; x_wconf 76' lang='grc' dir='ltr'>ὑπ’</span> <span class='ocrx_word' id='word_1_670' title='bbox 3631 4556 3735 4609; x_wconf 77' lang='grc' dir='ltr'><strong>αὑ-</strong></span> 
     </span>
    </p>
   </div>
   <div class='ocr_carea' id='block_1_89' title="bbox 461 4640 2073 4717">
    <p class='ocr_par' dir='ltr' id='par_1_89' title="bbox 461 4640 2045 4712">
     <span class='ocr_line' id='line_1_90' title="bbox 461 4640 2045 4712; baseline 0.004 -20"><span class='ocrx_word' id='word_1_671' title='bbox 461 4640 821 4697; x_wconf 83' lang='lat' dir='ltr'><strong>tremebundo</strong></span> <span class='ocrx_word' id='word_1_672' title='bbox 852 4641 1249 4712; x_wconf 88' lang='lat' dir='ltr'><strong>pronuntiavit.</strong></span> <span class='ocrx_word' id='word_1_673' title='bbox 1284 4640 1485 4699; x_wconf 88' lang='lat' dir='ltr'><strong>Verum</strong></span> <span class='ocrx_word' id='word_1_674' title='bbox 1521 4644 1627 4698; x_wconf 91' lang='lat' dir='ltr'><strong>hoc</strong></span> <span class='ocrx_word' id='word_1_675' title='bbox 1768 4644 1910 4701; x_wconf 85' lang='lat' dir='ltr'><strong>absit</strong></span> <span class='ocrx_word' id='word_1_676' title='bbox 2015 4660 2045 4699; x_wconf 90' lang='lat' dir='ltr'><strong>a</strong></span> 
     </span>
    </p>
   </div>
   <div class='ocr_carea' id='block_1_90' title="bbox 2121 4640 3733 4717">
    <p class='ocr_par' dir='ltr' id='par_1_90' title="bbox 2145 4641 3733 4717">
     <span class='ocr_line' id='line_1_91' title="bbox 2145 4641 3733 4717; baseline 0.003 -23"><span class='ocrx_word' id='word_1_677' title='bbox 2145 4641 2237 4694; x_wconf 84' lang='grc' dir='ltr'>τοῦ</span> <span class='ocrx_word' id='word_1_678' title='bbox 2274 4642 2595 4712; x_wconf 87' lang='grc' dir='ltr'>θεωθείσης,</span> <span class='ocrx_word' id='word_1_679' title='bbox 2633 4644 2751 4715; x_wconf 76' lang='grc' dir='ltr'><strong>ἅμα</strong></span> <span class='ocrx_word' id='word_1_680' title='bbox 2789 4648 2858 4716; x_wconf 79' lang='grc' dir='ltr'>τῇ</span> <span class='ocrx_word' id='word_1_681' title='bbox 2910 4647 2989 4708; x_wconf 84' lang='grc' dir='ltr'><strong>είς</strong></span> <span class='ocrx_word' id='word_1_682' title='bbox 3023 4646 3083 4699; x_wconf 80' lang='grc' dir='ltr'><strong>τὸ</strong></span> <span class='ocrx_word' id='word_1_683' title='bbox 3126 4641 3269 4699; x_wconf 79' lang='grc' dir='ltr'>εἶναι</span> <span class='ocrx_word' id='word_1_684' title='bbox 3312 4646 3521 4715; x_wconf 79' lang='grc' dir='ltr'>ταύτης</span> <span class='ocrx_word' id='word_1_685' title='bbox 3583 4664 3733 4717; x_wconf 87' lang='grc' dir='ltr'>παρ-</span> 
     </span>
    </p>
   </div>
   <div class='ocr_carea' id='block_1_91' title="bbox 464 4732 2076 4807">
    <p class='ocr_par' dir='ltr' id='par_1_91' title="bbox 464 4733 2045 4801">
     <span class='ocr_line' id='line_1_92' title="bbox 464 4733 2045 4801; baseline 0.006 -18"><span class='ocrx_word' id='word_1_686' title='bbox 464 4733 644 4797; x_wconf 86' lang='lat' dir='ltr'><strong>nobis,</strong></span> <span class='ocrx_word' id='word_1_687' title='bbox 677 4740 736 4787; x_wconf 92' lang='lat' dir='ltr'><strong>ut</strong></span> <span class='ocrx_word' id='word_1_688' title='bbox 766 4749 892 4788; x_wconf 91' lang='lat' dir='ltr'><strong>eum</strong></span> <span class='ocrx_word' id='word_1_689' title='bbox 946 4734 1191 4790; x_wconf 82' lang='lat' dir='ltr'><strong>aﬂlatum</strong></span> <span class='ocrx_word' id='word_1_690' title='bbox 1246 4752 1279 4790; x_wconf 86' lang='lat' dir='ltr'><strong>a</strong></span> <span class='ocrx_word' id='word_1_691' title='bbox 1332 4737 1462 4801; x_wconf 80' lang='lat' dir='ltr'><strong>Deo,</strong></span> <span class='ocrx_word' id='word_1_692' title='bbox 1508 4736 1862 4793; x_wconf 76' lang='lat' dir='ltr'><strong>Deiterumve</strong></span> <span class='ocrx_word' id='word_1_693' title='bbox 1892 4737 2045 4792; x_wconf 85' lang='lat' dir='ltr'><strong>dica-</strong></span> 
     </span>
    </p>
   </div>
   <div class='ocr_carea' id='block_1_92' title="bbox 2114 4732 3726 4807">
    <p class='ocr_par' dir='ltr' id='par_1_92' title="bbox 2144 4732 3726 4807">
     <span class='ocr_line' id='line_1_93' title="bbox 2144 4732 3726 4807; baseline 0.001 -21"><span class='ocrx_word' id='word_1_694' title='bbox 2144 4736 2364 4802; x_wconf 80' lang='grc' dir='ltr'>αγωγῇ,</span> <span class='ocrx_word' id='word_1_695' title='bbox 2396 4732 2472 4794; x_wconf 81' lang='grc' dir='ltr'><strong>ὡς</strong></span> <span class='ocrx_word' id='word_1_696' title='bbox 2519 4733 2655 4802; x_wconf 80' lang='grc' dir='ltr'>ὁμοῦ</span> <span class='ocrx_word' id='word_1_697' title='bbox 2688 4736 2942 4803; x_wconf 83' lang='grc' dir='ltr'>γενέσθαι</span> <span class='ocrx_word' id='word_1_698' title='bbox 2992 4737 3063 4788; x_wconf 83' lang='grc' dir='ltr'>τὰ</span> <span class='ocrx_word' id='word_1_699' title='bbox 3092 4736 3240 4805; x_wconf 83' lang='grc' dir='ltr'>τρία,</span> <span class='ocrx_word' id='word_1_700' title='bbox 3275 4736 3374 4807; x_wconf 83' lang='grc' dir='ltr'>τὴν</span> <span class='ocrx_word' id='word_1_701' title='bbox 3397 4737 3726 4807; x_wconf 68' lang='grc' dir='ltr'>πρόσληψιν,</span> 
     </span>
    </p>
   </div>
   <div class='ocr_carea' id='block_1_93' title="bbox 388 4822 2000 4900">
    <p class='ocr_par' dir='ltr' id='par_1_93' title="bbox 388 4826 2000 4900">
     <span class='ocr_line' id='line_1_94' title="bbox 388 4826 2000 4900; baseline 0.005 -25"><span class='ocrx_word' id='word_1_702' title='bbox 388 4838 393 4843; x_wconf 74' lang='lat'><em>&#39;</em></span> <span class='ocrx_word' id='word_1_703' title='bbox 465 4840 607 4885; x_wconf 83' lang='lat' dir='ltr'><strong>lltltS,</strong></span> <span class='ocrx_word' id='word_1_704' title='bbox 670 4826 748 4877; x_wconf 81' lang='lat' dir='ltr'><strong>vel</strong></span> <span class='ocrx_word' id='word_1_705' title='bbox 792 4826 1158 4894; x_wconf 86' lang='lat' dir='ltr'><strong>cogitemus;</strong></span> <span class='ocrx_word' id='word_1_706' title='bbox 1282 4829 1393 4883; x_wconf 93' lang='lat' dir='ltr'><strong>imo</strong></span> <span class='ocrx_word' id='word_1_707' title='bbox 1456 4830 1642 4900; x_wconf 88' lang='lat' dir='ltr'><strong>potius</strong></span> <span class='ocrx_word' id='word_1_708' title='bbox 1697 4831 2000 4883; x_wconf 77' lang='lat' dir='ltr'><strong>incarnatui</strong></span> 
     </span>
    </p>
   </div>
   <div class='ocr_carea' id='block_1_94' title="bbox 2113 4822 3725 4900">
    <p class='ocr_par' dir='ltr' id='par_1_94' title="bbox 2144 4822 3725 4897">
     <span class='ocr_line' id='line_1_95' title="bbox 2144 4822 3725 4897; baseline 0.003 -22"><span class='ocrx_word' id='word_1_709' title='bbox 2144 4824 2244 4891; x_wconf 81' lang='grc' dir='ltr'>τὴν</span> <span class='ocrx_word' id='word_1_710' title='bbox 2275 4822 2536 4891; x_wconf 74' lang='grc' dir='ltr'>ὓπαρξιν,</span> <span class='ocrx_word' id='word_1_711' title='bbox 2567 4824 2666 4894; x_wconf 78' lang='grc' dir='ltr'>τὴν</span> <span class='ocrx_word' id='word_1_712' title='bbox 2688 4824 2885 4879; x_wconf 78' lang='grc' dir='ltr'>θέωσιν</span> <span class='ocrx_word' id='word_1_713' title='bbox 2923 4828 3095 4897; x_wconf 81' lang='grc' dir='ltr'>αὐτῆς</span> <span class='ocrx_word' id='word_1_714' title='bbox 3123 4828 3228 4880; x_wconf 83' lang='grc' dir='ltr'><strong>ὑπὸ</strong></span> <span class='ocrx_word' id='word_1_715' title='bbox 3263 4827 3355 4880; x_wconf 83' lang='grc' dir='ltr'>τοῦ</span> <span class='ocrx_word' id='word_1_716' title='bbox 3392 4829 3599 4896; x_wconf 73' lang='grc' dir='ltr'>Λόγουι</span> <span class='ocrx_word' id='word_1_717' title='bbox 3636 4830 3725 4881; x_wconf 64' lang='grc' dir='ltr'><strong>καὶ</strong></span> 
     </span>
    </p>
   </div>
   <div class='ocr_carea' id='block_1_95' title="bbox 464 4912 2076 4989">
    <p class='ocr_par' dir='ltr' id='par_1_95' title="bbox 464 4912 2044 4985">
     <span class='ocr_line' id='line_1_96' title="bbox 464 4912 2044 4985; baseline 0.007 -21"><span class='ocrx_word' id='word_1_718' title='bbox 464 4912 658 4965; x_wconf 86' lang='lat' dir='ltr'><strong>Deum.</strong></span> <span class='ocrx_word' id='word_1_719' title='bbox 708 4913 1006 4982; x_wconf 85' lang='lat' dir='ltr'><strong>lpsummet</strong></span> <span class='ocrx_word' id='word_1_720' title='bbox 1049 4917 1447 4974; x_wconf 83' lang='lat' dir='ltr'><strong>enimVerbum</strong></span> <span class='ocrx_word' id='word_1_721' title='bbox 1508 4920 1712 4974; x_wconf 78' lang='lat' dir='ltr'><strong>factum</strong></span> <span class='ocrx_word' id='word_1_722' title='bbox 1760 4930 1846 4975; x_wconf 87' lang='lat' dir='ltr'><strong>est</strong></span> <span class='ocrx_word' id='word_1_723' title='bbox 1891 4935 2044 4985; x_wconf 88' lang='lat' dir='ltr'><strong>caro,</strong></span> 
     </span>
    </p>
   </div>
   <div class='ocr_carea' id='block_1_96' title="bbox 2114 4912 3726 4989">
    <p class='ocr_par' dir='ltr' id='par_1_96' title="bbox 2145 4913 3726 4989">
     <span class='ocr_line' id='line_1_97' title="bbox 2145 4913 3726 4989; baseline 0.004 -24"><span class='ocrx_word' id='word_1_724' title='bbox 2145 4913 2290 4965; x_wconf 71' lang='grc' dir='ltr'>οὕτω</span> <span class='ocrx_word' id='word_1_725' title='bbox 2309 4913 2567 4977; x_wconf 72' lang='grc' dir='ltr'>νοεῖσθαι,</span> <span class='ocrx_word' id='word_1_726' title='bbox 2584 4917 2674 4968; x_wconf 78' lang='grc' dir='ltr'><strong>καὶ</strong></span> <span class='ocrx_word' id='word_1_727' title='bbox 2697 4915 2954 4985; x_wconf 78' lang='grc' dir='ltr'>λέγεσθαι</span> <span class='ocrx_word' id='word_1_728' title='bbox 2976 4918 3239 4972; x_wconf 85' lang='grc' dir='ltr'>Θεοτόκον</span> <span class='ocrx_word' id='word_1_729' title='bbox 3266 4919 3368 4989; x_wconf 85' lang='grc' dir='ltr'>τὴν</span> <span class='ocrx_word' id='word_1_730' title='bbox 3397 4921 3562 4989; x_wconf 79' lang='grc' dir='ltr'>ἁγίαν</span> <span class='ocrx_word' id='word_1_731' title='bbox 3589 4921 3726 4989; x_wconf 86' lang='grc' dir='ltr'>Παρ-</span> 
     </span>
    </p>
   </div>
   <div class='ocr_carea' id='block_1_97' title="bbox 466 5004 2078 5081">
    <p class='ocr_par' dir='ltr' id='par_1_97' title="bbox 466 5008 2047 5081">
     <span class='ocr_line' id='line_1_98' title="bbox 466 5008 2047 5081; baseline 0.008 -26"><span class='ocrx_word' id='word_1_732' title='bbox 466 5013 527 5055; x_wconf 87' lang='grc' dir='ltr'><strong>υι</strong></span> <span class='ocrx_word' id='word_1_733' title='bbox 574 5014 902 5073; x_wconf 77' lang='lat' dir='ltr'><strong>conceptum</strong></span> <span class='ocrx_word' id='word_1_734' title='bbox 955 5008 1175 5077; x_wconf 87' lang='lat' dir='ltr'><strong>quidem</strong></span> <span class='ocrx_word' id='word_1_735' title='bbox 1242 5010 1309 5065; x_wconf 90' lang='lat' dir='ltr'><strong>de</strong></span> <span class='ocrx_word' id='word_1_736' title='bbox 1377 5010 1600 5081; x_wconf 85' lang='lat' dir='ltr'><strong>Virgine</strong></span> <span class='ocrx_word' id='word_1_737' title='bbox 1654 5012 1844 5076; x_wconf 83' lang='lat' dir='ltr'><strong>fuerit,</strong></span> <span class='ocrx_word' id='word_1_738' title='bbox 1904 5013 2047 5068; x_wconf 88' lang='lat' dir='ltr'><strong>Dens</strong></span> 
     </span>
    </p>
   </div>
   <div class='ocr_carea' id='block_1_98' title="bbox 2122 5004 3734 5081">
    <p class='ocr_par' dir='ltr' id='par_1_98' title="bbox 2148 5004 3734 5079">
     <span class='ocr_line' id='line_1_99' title="bbox 2148 5004 3734 5079; baseline 0.005 -24"><span class='ocrx_word' id='word_1_739' title='bbox 2148 5004 2321 5068; x_wconf 84' lang='grc' dir='ltr'>θένον,</span> <span class='ocrx_word' id='word_1_740' title='bbox 2353 5005 2413 5058; x_wconf 81' lang='grc' dir='ltr'><strong>οὐ</strong></span> <span class='ocrx_word' id='word_1_741' title='bbox 2443 5006 2604 5075; x_wconf 88' lang='grc' dir='ltr'>μόνον</span> <span class='ocrx_word' id='word_1_742' title='bbox 2631 5006 2721 5060; x_wconf 79' lang='grc' dir='ltr'>διὰ</span> <span class='ocrx_word' id='word_1_743' title='bbox 2762 5009 2860 5079; x_wconf 82' lang='grc' dir='ltr'><strong>τὴν</strong></span> <span class='ocrx_word' id='word_1_744' title='bbox 2887 5009 3049 5077; x_wconf 76' lang='grc' dir='ltr'>φύσιν</span> <span class='ocrx_word' id='word_1_745' title='bbox 3076 5009 3171 5062; x_wconf 83' lang='grc' dir='ltr'>τοῦ</span> <span class='ocrx_word' id='word_1_746' title='bbox 3203 5010 3403 5078; x_wconf 88' lang='grc' dir='ltr'>Λόγου,</span> <span class='ocrx_word' id='word_1_747' title='bbox 3452 5011 3586 5065; x_wconf 78' lang='grc' dir='ltr'>ἀλλὰ</span> <span class='ocrx_word' id='word_1_748' title='bbox 3638 5011 3734 5063; x_wconf 64' lang='lat' dir='ltr'><strong>ml.</strong></span> 
     </span>
    </p>
   </div>
   <div class='ocr_carea' id='block_1_99' title="bbox 468 5094 2080 5173">
    <p class='ocr_par' dir='ltr' id='par_1_99' title="bbox 468 5095 2046 5171">
     <span class='ocr_line' id='line_1_100' title="bbox 468 5095 2046 5171; baseline 0.007 -26"><span class='ocrx_word' id='word_1_749' title='bbox 468 5110 596 5147; x_wconf 78' lang='lat' dir='ltr'><strong>vero</strong></span> <span class='ocrx_word' id='word_1_750' title='bbox 641 5095 908 5165; x_wconf 89' lang='lat' dir='ltr'><strong>prodierit</strong></span> <span class='ocrx_word' id='word_1_751' title='bbox 955 5113 1082 5153; x_wconf 90' lang='lat' dir='ltr'><strong>cum</strong></span> <span class='ocrx_word' id='word_1_752' title='bbox 1130 5109 1411 5170; x_wconf 81' lang='lat' dir='ltr'><strong>assumpta</strong></span> <span class='ocrx_word' id='word_1_753' title='bbox 1461 5113 1653 5155; x_wconf 83' lang='lat' dir='ltr'><strong>natura</strong></span> <span class='ocrx_word' id='word_1_754' title='bbox 1685 5118 1847 5171; x_wconf 82' lang='lat' dir='ltr'><strong>quam</strong></span> <span class='ocrx_word' id='word_1_755' title='bbox 1890 5103 2046 5158; x_wconf 82' lang='lat' dir='ltr'><strong>deiﬁ-</strong></span> 
     </span>
    </p>
   </div>
   <div class='ocr_carea' id='block_1_100' title="bbox 2124 5094 3736 5173">
    <p class='ocr_par' dir='ltr' id='par_1_100' title="bbox 2146 5094 3736 5173">
     <span class='ocr_line' id='line_1_101' title="bbox 2146 5094 3736 5173; baseline 0.004 -26"><span class='ocrx_word' id='word_1_756' title='bbox 2146 5095 2237 5147; x_wconf 79' lang='grc' dir='ltr'><strong>διὰ</strong></span> <span class='ocrx_word' id='word_1_757' title='bbox 2260 5095 2360 5167; x_wconf 80' lang='grc' dir='ltr'>τὴν</span> <span class='ocrx_word' id='word_1_758' title='bbox 2390 5096 2588 5152; x_wconf 73' lang='grc' dir='ltr'>θέωσιν</span> <span class='ocrx_word' id='word_1_759' title='bbox 2617 5099 2711 5152; x_wconf 74' lang='grc' dir='ltr'><strong>τοῦ</strong></span> <span class='ocrx_word' id='word_1_760' title='bbox 2736 5099 3105 5170; x_wconf 82' lang='grc' dir='ltr'>ἀνθρωπίνου,</span> <span class='ocrx_word' id='word_1_761' title='bbox 3143 5094 3220 5156; x_wconf 84' lang='grc' dir='ltr'><strong>ὧν</strong></span> <span class='ocrx_word' id='word_1_762' title='bbox 3250 5102 3387 5171; x_wconf 71' lang='grc' dir='ltr'>ἅμα,</span> <span class='ocrx_word' id='word_1_763' title='bbox 3423 5104 3570 5173; x_wconf 78' lang='grc' dir='ltr'>καὶὴ</span> <span class='ocrx_word' id='word_1_764' title='bbox 3604 5101 3736 5154; x_wconf 69' lang='grc' dir='ltr'><strong>σύλο</strong></span> 
     </span>
    </p>
   </div>
   <div class='ocr_carea' id='block_1_101' title="bbox 467 5185 2079 5265">
    <p class='ocr_par' dir='ltr' id='par_1_101' title="bbox 467 5186 2049 5264">
     <span class='ocr_line' id='line_1_102' title="bbox 467 5186 2049 5264; baseline 0.004 -23"><span class='ocrx_word' id='word_1_765' title='bbox 467 5196 625 5241; x_wconf 81' lang='lat' dir='ltr'><strong>carat</strong></span> <span class='ocrx_word' id='word_1_766' title='bbox 654 5186 817 5241; x_wconf 87' lang='lat' dir='ltr'><strong>simul</strong></span> <span class='ocrx_word' id='word_1_767' title='bbox 848 5197 1012 5257; x_wconf 82' lang='lat' dir='ltr'><strong>atque</strong></span> <span class='ocrx_word' id='word_1_768' title='bbox 1040 5192 1305 5259; x_wconf 81' lang='lat' dir='ltr'><strong>producta</strong></span> <span class='ocrx_word' id='word_1_769' title='bbox 1350 5200 1455 5246; x_wconf 87' lang='lat' dir='ltr'><strong>est.</strong></span> <span class='ocrx_word' id='word_1_770' title='bbox 1511 5192 1721 5247; x_wconf 75' lang='lat' dir='ltr'><strong>Exinde</strong></span> <span class='ocrx_word' id='word_1_771' title='bbox 1767 5194 1869 5247; x_wconf 88' lang='lat' dir='ltr'><strong>tria</strong></span> <span class='ocrx_word' id='word_1_772' title='bbox 1903 5195 2049 5264; x_wconf 85' lang='lat' dir='ltr'><strong>pari-</strong></span> 
     </span>
    </p>
   </div>
   <div class='ocr_carea' id='block_1_102' title="bbox 2127 5185 3739 5265">
    <p class='ocr_par' dir='ltr' id='par_1_102' title="bbox 2148 5185 3739 5265">
     <span class='ocr_line' id='line_1_103' title="bbox 2148 5185 3739 5265; baseline 0.007 -28"><span class='ocrx_word' id='word_1_773' title='bbox 2148 5185 2350 5255; x_wconf 80' lang='grc' dir='ltr'>ληψις,</span> <span class='ocrx_word' id='word_1_774' title='bbox 2406 5189 2500 5242; x_wconf 81' lang='grc' dir='ltr'><strong>καὶ</strong></span> <span class='ocrx_word' id='word_1_775' title='bbox 2548 5191 2581 5259; x_wconf 82' lang='grc' dir='ltr'>ἡ</span> <span class='ocrx_word' id='word_1_776' title='bbox 2630 5189 2866 5261; x_wconf 78' lang='grc' dir='ltr'>ὕπαρξις</span> <span class='ocrx_word' id='word_1_777' title='bbox 2909 5190 3496 5265; x_wconf 82' lang='grc' dir='ltr'>τεθαυματούργηται·</span> <span class='ocrx_word' id='word_1_778' title='bbox 3542 5196 3575 5263; x_wconf 86' lang='grc' dir='ltr'><strong>ή</strong></span> <span class='ocrx_word' id='word_1_779' title='bbox 3632 5194 3739 5264; x_wconf 72' lang='grc' dir='ltr'>μὲν</span> 
     </span>
    </p>
   </div>
   <div class='ocr_carea' id='block_1_103' title="bbox 470 5279 2082 5356">
    <p class='ocr_par' dir='ltr' id='par_1_103' title="bbox 470 5279 2045 5355">
     <span class='ocr_line' id='line_1_104' title="bbox 470 5279 2045 5355; baseline 0.003 -21"><span class='ocrx_word' id='word_1_780' title='bbox 470 5287 556 5334; x_wconf 85' lang='lat' dir='ltr'><strong>ter</strong></span> <span class='ocrx_word' id='word_1_781' title='bbox 592 5294 702 5333; x_wconf 91' lang='lat' dir='ltr'><strong>una</strong></span> <span class='ocrx_word' id='word_1_782' title='bbox 734 5279 1110 5349; x_wconf 87' lang='lat' dir='ltr'><strong>contigerunt,</strong></span> <span class='ocrx_word' id='word_1_783' title='bbox 1144 5281 1406 5337; x_wconf 88' lang='lat' dir='ltr'><strong>nimirum</strong></span> <span class='ocrx_word' id='word_1_784' title='bbox 1456 5285 1601 5354; x_wconf 87' lang='lat' dir='ltr'><strong>quod</strong></span> <span class='ocrx_word' id='word_1_785' title='bbox 1628 5300 1913 5355; x_wconf 83' lang='lat' dir='ltr'><strong>assumpta</strong></span> <span class='ocrx_word' id='word_1_786' title='bbox 1945 5288 2045 5351; x_wconf 87' lang='lat' dir='ltr'><strong>sit,</strong></span> 
     </span>
    </p>
   </div>
   <div class='ocr_carea' id='block_1_104' title="bbox 2127 5279 3739 5356">
    <p class='ocr_par' dir='ltr' id='par_1_104' title="bbox 2152 5279 3739 5356">
     <span class='ocr_line' id='line_1_105' title="bbox 2152 5279 3739 5356; baseline 0.003 -25"><span class='ocrx_word' id='word_1_787' title='bbox 2152 5279 2437 5351; x_wconf 80' lang='grc' dir='ltr'>σύλληψις.</span> <span class='ocrx_word' id='word_1_788' title='bbox 2467 5281 2563 5334; x_wconf 83' lang='grc' dir='ltr'><strong>τοῦ</strong></span> <span class='ocrx_word' id='word_1_789' title='bbox 2598 5282 2790 5351; x_wconf 81' lang='grc' dir='ltr'>Λόγου,</span> <span class='ocrx_word' id='word_1_790' title='bbox 2816 5283 2920 5354; x_wconf 82' lang='grc' dir='ltr'>τῆς</span> <span class='ocrx_word' id='word_1_791' title='bbox 2948 5284 3006 5338; x_wconf 81' lang='grc' dir='ltr'>δὲ</span> <span class='ocrx_word' id='word_1_792' title='bbox 3044 5284 3269 5355; x_wconf 86' lang='grc' dir='ltr'>σαρκὸς,</span> <span class='ocrx_word' id='word_1_793' title='bbox 3296 5287 3330 5356; x_wconf 80' lang='grc' dir='ltr'><strong>ἡ</strong></span> <span class='ocrx_word' id='word_1_794' title='bbox 3371 5289 3431 5339; x_wconf 81' lang='grc' dir='ltr'>ὲν</span> <span class='ocrx_word' id='word_1_795' title='bbox 3464 5285 3617 5356; x_wconf 85' lang='grc' dir='ltr'>αὑτῷ</span> <span class='ocrx_word' id='word_1_796' title='bbox 3654 5287 3739 5356; x_wconf 81' lang='grc' dir='ltr'>τῷ</span> 
     </span>
    </p>
   </div>
   <div class='ocr_carea' id='block_1_105' title="bbox 468 5370 2080 5451">
    <p class='ocr_par' dir='ltr' id='par_1_105' title="bbox 468 5370 2047 5442">
     <span class='ocr_line' id='line_1_106' title="bbox 468 5370 2047 5442; baseline 0.006 -18"><span class='ocrx_word' id='word_1_797' title='bbox 468 5370 615 5442; x_wconf 87' lang='lat' dir='ltr'><strong>quod</strong></span> <span class='ocrx_word' id='word_1_798' title='bbox 679 5371 979 5437; x_wconf 77' lang='lat' dir='ltr'><strong>exstiterit,</strong></span> <span class='ocrx_word' id='word_1_799' title='bbox 1034 5372 1179 5440; x_wconf 90' lang='lat' dir='ltr'><strong>quod</strong></span> <span class='ocrx_word' id='word_1_800' title='bbox 1244 5373 1497 5428; x_wconf 80' lang='lat' dir='ltr'><strong>deiﬁcata</strong></span> <span class='ocrx_word' id='word_1_801' title='bbox 1548 5393 1576 5427; x_wconf 79' lang='grc' dir='ltr'><strong>ο</strong></span> <span class='ocrx_word' id='word_1_802' title='bbox 1620 5376 1801 5430; x_wconf 78' lang='lat' dir='ltr'><strong>Verbo</strong></span> <span class='ocrx_word' id='word_1_803' title='bbox 1859 5376 2047 5433; x_wconf 81' lang='lat' dir='ltr'><strong>fuerit.</strong></span> 
     </span>
    </p>
   </div>
   <div class='ocr_carea' id='block_1_106' title="bbox 2126 5370 3738 5451">
    <p class='ocr_par' dir='ltr' id='par_1_106' title="bbox 2153 5371 3738 5451">
     <span class='ocr_line' id='line_1_107' title="bbox 2153 5371 3738 5451; baseline 0.006 -27"><span class='ocrx_word' id='word_1_804' title='bbox 2153 5372 2314 5442; x_wconf 82' lang='grc' dir='ltr'>Λόγῳ</span> <span class='ocrx_word' id='word_1_805' title='bbox 2364 5371 2596 5443; x_wconf 76' lang='grc' dir='ltr'>ὕπαρξις</span> <span class='ocrx_word' id='word_1_806' title='bbox 2622 5413 2637 5438; x_wconf 96' lang='grc'><strong>,</strong></span> <span class='ocrx_word' id='word_1_807' title='bbox 2679 5374 2851 5445; x_wconf 83' lang='grc' dir='ltr'>αὐτῆς</span> <span class='ocrx_word' id='word_1_808' title='bbox 2890 5375 2991 5444; x_wconf 84' lang='grc' dir='ltr'>τῆς</span> <span class='ocrx_word' id='word_1_809' title='bbox 3042 5378 3388 5450; x_wconf 83' lang='grc' dir='ltr'>Θεομήτορος</span> <span class='ocrx_word' id='word_1_810' title='bbox 3438 5381 3738 5451; x_wconf 79' lang='grc' dir='ltr'>ὑπερφυῶς</span> 
     </span>
    </p>
   </div>
   <div class='ocr_carea' id='block_1_107' title="bbox 472 5461 2084 5543">
    <p class='ocr_par' dir='ltr' id='par_1_107' title="bbox 472 5461 2049 5534">
     <span class='ocr_line' id='line_1_108' title="bbox 472 5461 2049 5534; baseline 0.003 -16"><span class='ocrx_word' id='word_1_811' title='bbox 472 5463 611 5519; x_wconf 88' lang='lat' dir='ltr'><strong>llinc</strong></span> <span class='ocrx_word' id='word_1_812' title='bbox 636 5464 692 5518; x_wconf 84' lang='lat' dir='ltr'><strong>lit</strong></span> <span class='ocrx_word' id='word_1_813' title='bbox 717 5472 777 5518; x_wconf 87' lang='lat' dir='ltr'><strong>ut</strong></span> <span class='ocrx_word' id='word_1_814' title='bbox 822 5461 989 5534; x_wconf 82' lang='lat' dir='ltr'><strong>Virgo</strong></span> <span class='ocrx_word' id='word_1_815' title='bbox 1030 5472 1245 5529; x_wconf 86' lang='lat' dir='ltr'><strong>sancta,</strong></span> <span class='ocrx_word' id='word_1_816' title='bbox 1281 5465 1375 5520; x_wconf 90' lang='lat' dir='ltr'><strong>Dei</strong></span> <span class='ocrx_word' id='word_1_817' title='bbox 1408 5465 1655 5522; x_wconf 76' lang='lat' dir='ltr'><strong>Genitrix</strong></span> <span class='ocrx_word' id='word_1_818' title='bbox 1697 5477 1810 5522; x_wconf 89' lang='lat' dir='ltr'><strong>tum</strong></span> <span class='ocrx_word' id='word_1_819' title='bbox 1843 5470 2049 5527; x_wconf 87' lang='lat' dir='ltr'><strong>intelli-</strong></span> 
     </span>
    </p>
   </div>
   <div class='ocr_carea' id='block_1_108' title="bbox 2124 5461 3736 5543">
    <p class='ocr_par' dir='ltr' id='par_1_108' title="bbox 2152 5463 3736 5543">
     <span class='ocr_line' id='line_1_109' title="bbox 2152 5463 3736 5543; baseline 0.008 -28"><span class='ocrx_word' id='word_1_820' title='bbox 2152 5463 2499 5533; x_wconf 82' lang='grc' dir='ltr'>χορηγούσης</span> <span class='ocrx_word' id='word_1_821' title='bbox 2532 5466 2595 5518; x_wconf 89' lang='grc' dir='ltr'><strong>τὸ</strong></span> <span class='ocrx_word' id='word_1_822' title='bbox 2641 5466 2952 5537; x_wconf 79' lang='grc' dir='ltr'>πλασθῆναι</span> <span class='ocrx_word' id='word_1_823' title='bbox 2994 5469 3074 5539; x_wconf 89' lang='grc' dir='ltr'>τῷ</span> <span class='ocrx_word' id='word_1_824' title='bbox 3117 5472 3354 5543; x_wconf 80' lang='grc' dir='ltr'>πλάστῃ,</span> <span class='ocrx_word' id='word_1_825' title='bbox 3407 5476 3501 5527; x_wconf 82' lang='grc' dir='ltr'>καὶ</span> <span class='ocrx_word' id='word_1_826' title='bbox 3529 5474 3589 5527; x_wconf 85' lang='grc' dir='ltr'><strong>τὸ</strong></span> <span class='ocrx_word' id='word_1_827' title='bbox 3636 5476 3736 5527; x_wconf 77' lang='grc' dir='ltr'><strong>ἁν-</strong></span> 
     </span>
    </p>
   </div>
   <div class='ocr_carea' id='block_1_109' title="bbox 471 5552 2083 5632">
    <p class='ocr_par' dir='ltr' id='par_1_109' title="bbox 471 5556 2049 5629">
     <span class='ocr_line' id='line_1_110' title="bbox 471 5556 2049 5629; baseline 0.004 -20"><span class='ocrx_word' id='word_1_828' title='bbox 471 5562 654 5624; x_wconf 82' lang='lat' dir='ltr'><strong>gatur,</strong></span> <span class='ocrx_word' id='word_1_829' title='bbox 685 5562 800 5610; x_wconf 90' lang='lat' dir='ltr'><strong>tum</strong></span> <span class='ocrx_word' id='word_1_830' title='bbox 832 5556 1160 5625; x_wconf 83' lang='lat' dir='ltr'><strong>appelletur,</strong></span> <span class='ocrx_word' id='word_1_831' title='bbox 1202 5571 1314 5611; x_wconf 90' lang='lat' dir='ltr'><strong>non</strong></span> <span class='ocrx_word' id='word_1_832' title='bbox 1345 5557 1509 5612; x_wconf 91' lang='lat' dir='ltr'><strong>modo</strong></span> <span class='ocrx_word' id='word_1_833' title='bbox 1534 5568 1761 5629; x_wconf 88' lang='lat' dir='ltr'><strong>propter</strong></span> <span class='ocrx_word' id='word_1_834' title='bbox 1794 5571 2049 5617; x_wconf 82' lang='lat' dir='ltr'><strong>naturam</strong></span> 
     </span>
    </p>
   </div>
   <div class='ocr_carea' id='block_1_110' title="bbox 2129 5552 3741 5632">
    <p class='ocr_par' dir='ltr' id='par_1_110' title="bbox 2152 5552 3741 5632">
     <span class='ocr_line' id='line_1_111' title="bbox 2152 5552 3741 5632; baseline 0.009 -27"><span class='ocrx_word' id='word_1_835' title='bbox 2152 5552 2530 5625; x_wconf 81' lang='grc' dir='ltr'>θρωπισθῆναι</span> <span class='ocrx_word' id='word_1_836' title='bbox 2556 5557 2634 5627; x_wconf 84' lang='grc' dir='ltr'>τῷ</span> <span class='ocrx_word' id='word_1_837' title='bbox 2658 5558 2778 5628; x_wconf 83' lang='grc' dir='ltr'>Θεῷ</span> <span class='ocrx_word' id='word_1_838' title='bbox 2808 5559 2901 5612; x_wconf 77' lang='grc' dir='ltr'>καὶ</span> <span class='ocrx_word' id='word_1_839' title='bbox 2927 5564 3127 5632; x_wconf 77' lang='grc' dir='ltr'>ποιητῇ</span> <span class='ocrx_word' id='word_1_840' title='bbox 3158 5562 3249 5616; x_wconf 80' lang='grc' dir='ltr'>τοῦ</span> <span class='ocrx_word' id='word_1_841' title='bbox 3272 5565 3495 5631; x_wconf 86' lang='grc' dir='ltr'>παντὸς,</span> <span class='ocrx_word' id='word_1_842' title='bbox 3521 5565 3741 5620; x_wconf 78' lang='grc' dir='ltr'>θεοῦντι</span> 
     </span>
    </p>
   </div>
   <div class='ocr_carea' id='block_1_111' title="bbox 478 5643 2090 5723">
    <p class='ocr_par' dir='ltr' id='par_1_111' title="bbox 478 5643 2049 5723">
     <span class='ocr_line' id='line_1_112' title="bbox 478 5643 2049 5723; baseline 0.006 -24"><span class='ocrx_word' id='word_1_843' title='bbox 478 5643 662 5711; x_wconf 85' lang='lat' dir='ltr'><strong>Verbi,</strong></span> <span class='ocrx_word' id='word_1_844' title='bbox 692 5646 788 5701; x_wconf 89' lang='lat' dir='ltr'><strong>sed</strong></span> <span class='ocrx_word' id='word_1_845' title='bbox 811 5647 976 5701; x_wconf 87' lang='lat' dir='ltr'><strong>etiam</strong></span> <span class='ocrx_word' id='word_1_846' title='bbox 1008 5647 1079 5702; x_wconf 85' lang='lat' dir='ltr'><strong>ob</strong></span> <span class='ocrx_word' id='word_1_847' title='bbox 1110 5647 1506 5705; x_wconf 84' lang='lat' dir='ltr'><strong>humanitatem</strong></span> <span class='ocrx_word' id='word_1_848' title='bbox 1535 5651 1740 5707; x_wconf 85' lang='lat' dir='ltr'><strong>deitate</strong></span> <span class='ocrx_word' id='word_1_849' title='bbox 1766 5653 2049 5723; x_wconf 82' lang='lat' dir='ltr'><strong>donatam,</strong></span> 
     </span>
    </p>
   </div>
   <div class='ocr_carea' id='block_1_112' title="bbox 2129 5643 3741 5723">
    <p class='ocr_par' dir='ltr' id='par_1_112' title="bbox 2151 5645 3741 5723">
     <span class='ocr_line' id='line_1_113' title="bbox 2151 5645 3741 5723; baseline 0.008 -24"><span class='ocrx_word' id='word_1_850' title='bbox 2151 5645 2211 5699; x_wconf 73' lang='grc' dir='ltr'><strong>τὸ</strong></span> <span class='ocrx_word' id='word_1_851' title='bbox 2243 5646 2603 5717; x_wconf 82' lang='grc' dir='ltr'>πρόσλημμα,</span> <span class='ocrx_word' id='word_1_852' title='bbox 2641 5648 2923 5719; x_wconf 79' lang='grc' dir='ltr'>σωζούσης</span> <span class='ocrx_word' id='word_1_853' title='bbox 2956 5653 3055 5723; x_wconf 85' lang='grc' dir='ltr'><strong>τῆς</strong></span> <span class='ocrx_word' id='word_1_854' title='bbox 3081 5654 3329 5719; x_wconf 82' lang='grc' dir='ltr'>ὲνώσεως</span> <span class='ocrx_word' id='word_1_855' title='bbox 3362 5656 3431 5711; x_wconf 81' lang='grc' dir='ltr'>τὰ</span> <span class='ocrx_word' id='word_1_856' title='bbox 3459 5656 3741 5712; x_wconf 65' lang='grc' dir='ltr'>ἄνωθέν-τα.</span> 
     </span>
    </p>
   </div>
   <div class='ocr_carea' id='block_1_113' title="bbox 477 5735 2089 5819">
    <p class='ocr_par' dir='ltr' id='par_1_113' title="bbox 477 5735 2052 5808">
     <span class='ocr_line' id='line_1_114' title="bbox 477 5735 2052 5808; baseline 0.01 -22"><span class='ocrx_word' id='word_1_857' title='bbox 477 5735 748 5803; x_wconf 85' lang='lat' dir='ltr'><strong>stupende</strong></span> <span class='ocrx_word' id='word_1_858' title='bbox 793 5738 1062 5792; x_wconf 86' lang='lat' dir='ltr'><strong>miraculo</strong></span> <span class='ocrx_word' id='word_1_859' title='bbox 1104 5740 1339 5808; x_wconf 86' lang='lat' dir='ltr'><strong>patratis</strong></span> <span class='ocrx_word' id='word_1_860' title='bbox 1375 5739 1541 5795; x_wconf 91' lang='lat' dir='ltr'><strong>simul</strong></span> <span class='ocrx_word' id='word_1_861' title='bbox 1583 5741 1776 5797; x_wconf 91' lang='lat' dir='ltr'><strong>horum</strong></span> <span class='ocrx_word' id='word_1_862' title='bbox 1816 5753 1870 5800; x_wconf 90' lang='lat' dir='ltr'><strong>et</strong></span> <span class='ocrx_word' id='word_1_863' title='bbox 1918 5760 2052 5800; x_wconf 85' lang='lat' dir='ltr'><strong>con-</strong></span> 
     </span>
    </p>
   </div>
   <div class='ocr_carea' id='block_1_114' title="bbox 2127 5735 3739 5819">
    <p class='ocr_par' dir='ltr' id='par_1_114' title="bbox 2152 5736 3739 5819">
     <span class='ocr_line' id='line_1_115' title="bbox 2152 5736 3739 5819; baseline 0.008 -30"><span class='ocrx_word' id='word_1_864' title='bbox 2152 5737 2400 5803; x_wconf 78' lang='grc' dir='ltr'>τοιαῦτα,</span> <span class='ocrx_word' id='word_1_865' title='bbox 2429 5736 2515 5792; x_wconf 76' lang='grc' dir='ltr'>οἶα</span> <span class='ocrx_word' id='word_1_866' title='bbox 2564 5740 2659 5794; x_wconf 71' lang='grc' dir='ltr'>καὶ</span> <span class='ocrx_word' id='word_1_867' title='bbox 2690 5742 2927 5812; x_wconf 79' lang='grc' dir='ltr'>ἦνωνται</span> <span class='ocrx_word' id='word_1_868' title='bbox 2952 5759 2965 5774; x_wconf 89' lang='grc'><strong>·</strong></span> <span class='ocrx_word' id='word_1_869' title='bbox 3006 5746 3067 5811; x_wconf 83' lang='grc' dir='ltr'><strong>οὐ</strong></span> <span class='ocrx_word' id='word_1_870' title='bbox 3108 5745 3169 5799; x_wconf 87' lang='grc' dir='ltr'><strong>τὸ</strong></span> <span class='ocrx_word' id='word_1_871' title='bbox 3207 5746 3350 5801; x_wconf 86' lang='grc' dir='ltr'>θεῖον</span> <span class='ocrx_word' id='word_1_872' title='bbox 3378 5747 3521 5816; x_wconf 80' lang='grc' dir='ltr'>λέγω</span> <span class='ocrx_word' id='word_1_873' title='bbox 3546 5748 3739 5819; x_wconf 87' lang='grc' dir='ltr'>μόνον,</span> 
     </span>
    </p>
   </div>
   <div class='ocr_carea' id='block_1_115' title="bbox 478 5824 2090 5910">
    <p class='ocr_par' dir='ltr' id='par_1_115' title="bbox 478 5824 2049 5906">
     <span class='ocr_line' id='line_1_116' title="bbox 478 5824 2049 5906; baseline 0.011 -33"><span class='ocrx_word' id='word_1_874' title='bbox 478 5824 725 5893; x_wconf 79' lang='lat' dir='ltr'><strong>ceptione</strong></span> <span class='ocrx_word' id='word_1_875' title='bbox 755 5832 807 5879; x_wconf 89' lang='lat' dir='ltr'><strong>et</strong></span> <span class='ocrx_word' id='word_1_876' title='bbox 844 5827 1191 5890; x_wconf 78' lang='lat' dir='ltr'><strong>exsistentia,</strong></span> <span class='ocrx_word' id='word_1_877' title='bbox 1232 5829 1380 5884; x_wconf 87' lang='lat' dir='ltr'><strong>verbi</strong></span> <span class='ocrx_word' id='word_1_878' title='bbox 1410 5830 1631 5898; x_wconf 84' lang='lat' dir='ltr'><strong>qnidem</strong></span> <span class='ocrx_word' id='word_1_879' title='bbox 1666 5836 2049 5906; x_wconf 81' lang='lat' dir='ltr'><strong>conceptione,</strong></span> 
     </span>
    </p>
   </div>
   <div class='ocr_carea' id='block_1_116' title="bbox 2127 5824 3739 5910">
    <p class='ocr_par' dir='ltr' id='par_1_116' title="bbox 2151 5826 3739 5910">
     <span class='ocr_line' id='line_1_117' title="bbox 2151 5826 3739 5910; baseline 0.01 -31"><span class='ocrx_word' id='word_1_880' title='bbox 2151 5826 2289 5881; x_wconf 84' lang='grc' dir='ltr'>ἀλλὰ</span> <span class='ocrx_word' id='word_1_881' title='bbox 2321 5829 2414 5882; x_wconf 74' lang='grc' dir='ltr'><strong>καὶ</strong></span> <span class='ocrx_word' id='word_1_882' title='bbox 2444 5828 2505 5881; x_wconf 85' lang='grc' dir='ltr'><strong>τὸ</strong></span> <span class='ocrx_word' id='word_1_883' title='bbox 2527 5829 2871 5901; x_wconf 81' lang='grc' dir='ltr'>ἀνθρώπινον</span> <span class='ocrx_word' id='word_1_884' title='bbox 2894 5832 2990 5888; x_wconf 81' lang='grc' dir='ltr'>τοῦ</span> <span class='ocrx_word' id='word_1_885' title='bbox 3025 5835 3286 5907; x_wconf 81' lang='grc' dir='ltr'>Χριστοῦ,</span> <span class='ocrx_word' id='word_1_886' title='bbox 3308 5838 3368 5891; x_wconf 88' lang='grc' dir='ltr'><strong>τὸ</strong></span> <span class='ocrx_word' id='word_1_887' title='bbox 3399 5838 3540 5910; x_wconf 75' lang='grc' dir='ltr'>ὑπὲρ</span> <span class='ocrx_word' id='word_1_888' title='bbox 3562 5839 3739 5910; x_wconf 79' lang='grc' dir='ltr'>ἡμᾶς,</span> 
     </span>
    </p>
   </div>
  </div>
