4082 6438
415 346 563 414 1³009

1381 350 1766 416 PANOPLIA
1805 352 2274 417 DOGMATICA.
2298 374 2371 390 --
2408 346 2558 413 TIT.
2600 351 2722 415 XV.

3554 336 3692 405 1010

408 468 509 521 ⁴καὶ
538 465 662 521 καθ’
684 465 855 537 ἡμᾶς.
884 465 1023 523 Οὔτε
1049 465 1171 539 γὰρ
1206 467 1503 540 γενόμενον
1557 473 1830 542 πρότερον
1869 472 1997 527 καθ’

2112 469 2291 527 carnis
2309 483 2439 524 vero
2470 466 2798 525 exsistentia
2820 468 2871 522 in
2898 466 3021 536 ipso
3052 461 3255 519 Verbo.
3296 460 3420 532 Ipsa
3452 474 3691 524 namque

414 559 589 630 ἡμᾶς,
620 558 852 632 ὕστερον
894 560 1122 631 γέγονεν
1181 562 1327 635 ὑπὲρ
1386 565 1537 634 ἡμᾶς
1564 579 1577 594 ·
1623 566 1764 620 ἀλλὰ
1807 566 1895 619 ἀεὶ
1932 566 1998 619 ὲκ

407 649 641 721 πρώτης
666 650 959 723 ὑπάρξεως
989 653 1157 724 ἄμφω
1184 652 1418 724 ὑπῆρξε,
1468 652 1559 706 διὰ
1603 654 1664 707 τὸ
1708 654 1769 719 ἐξ
1818 654 1999 725 ἄκρας

410 739 735 812 συλλήψεως
767 744 825 796 ἐν
860 742 1009 813 αὑτῷ
1039 741 1118 814 τῷ
1147 743 1309 813 Λόγῳ
1342 742 1441 814 τὴν
1474 741 1717 814 ὓπαρξιν
1756 742 1994 814 ἐσχηκέ-

410 850 525 887 ναι·
573 832 921 902 ἀνθρώπινον
991 834 1091 904 μὲν
1119 834 1215 888 οὑν
1269 836 1388 888 ἐστι
1440 836 1584 889 κατὰ
1619 835 1724 905 τὴν
1787 836 2001 889 οἰκείαν

411 925 601 995 φύσιν,
630 925 768 980 Θεοῦ
797 927 856 980 δὲ
889 927 985 982 καὶ
1031 926 1198 993 θεῖον,
1259 927 1584 999 ὑπερφυῶς,
1633 928 1754 982 Ἔτι
1807 928 1865 983 δὲ
1900 929 2001 983 καὶ

411 1018 514 1088 τῆς
549 1020 799 1091 ἐμψύχου
834 1018 1043 1092 σαρκὸς
1072 1022 1143 1072 τὰ
1175 1020 1448 1090 ίδιὼματα
1481 1019 1635 1093 ἔσχεο
1668 1020 2000 1087 κατεδέξατο

2107 561 2199 617 Dei
2219 561 2470 617 Genitrix
2501 575 2670 632 supra
2709 569 2934 615 naturae
2990 561 3138 631 leges
3201 571 3389 613 rerum
3446 555 3691 607 omnium

2105 653 2285 709 lictori
2316 652 2794 719 subministrabat,
2820 653 2977 709 ‘unde
3015 652 3131 724 ipse
3188 665 3409 723 quoque
3456 648 3694 716 ﬁngere-

2102 758 2214 813 tur,
2252 747 2752 817 universorumque
2774 743 3051 802 conditori
3090 744 3222 810 Deo,
3256 755 3316 799 ut
3355 754 3693 815 assumptum

2074 839 2502 895 humanitatem
2563 839 2771 894 deitate
2834 837 3075 902 donans,
3134 837 3301 892 homo
3364 835 3486 907 ipse
3522 836 3695 905 ﬁeret,

2102 947 2228 989 cum
2269 932 2491 988 interim
2526 930 2679 996 unio,
2702 946 2824 1002 qua:
2855 931 3010 986 unita
3063 937 3214 999 sunt,
3246 928 3377 984 talia
3417 936 3686 995 servaret,

2100 1026 2284 1098 qualia
2323 1027 2475 1097 unita
2511 1034 2716 1093 essent,
2774 1025 2878 1081 hoc
2915 1032 3018 1090 est,
3075 1038 3186 1079 non
3217 1021 3557 1078 divinitatem
3609 1035 3698 1077 so-

413 1110 527 1181 γὰρ
554 1112 697 1165 αὑτὰ
724 1114 752 1165 ὁ
784 1109 979 1180 Λόγος,
1019 1111 1339 1184 οἰκονομίας
1361 1112 1529 1183 λόγῳ,
1561 1115 1804 1183 φυσικῆς
1840 1113 2000 1185 κινή-

2112 1119 2360 1187 ium,sed
2404 1119 2573 1177 etiam
2629 1118 2834 1175 Christi
2896 1116 3341 1183 humanitatem;
3398 1129 3500 1171 nec
3562 1113 3698 1170 illud

412 1220 557 1268 σεως
578 1203 732 1270 τάξει
765 1203 909 1257 κατὰ
937 1202 1202 1274 ἀλήθειαν
1230 1204 1481 1272 φυσικῶς
1516 1205 1805 1275 γινόμενα.

2112 1209 2279 1267 solum
2304 1211 2450 1282 quod
2504 1223 2669 1281 supra
2724 1226 2846 1277 nos,
2872 1210 2966 1266 sed
3008 1216 3066 1264 et
3118 1207 3174 1264 id
3238 1207 3384 1279 quod
3446 1215 3698 1263 nostrum

414 1304 521 1351 est.
558 1296 677 1353 Non
713 1296 859 1351 enim
888 1310 1012 1351 cum
1045 1305 1171 1351 ante
1214 1294 1389 1352 nostri
1444 1295 1647 1353 similis
1688 1297 1982 1367 extitisset,
2020 1309 2209 1371 postea
2269 1303 2519 1373 superior
2571 1302 2734 1358 nobis
2787 1301 3009 1357 evasit:
3052 1298 3149 1357 sed
3204 1311 3475 1377 sempera
3515 1296 3701 1366 primo

410 1396 537 1446 ortu
564 1397 855 1460 utrumque
878 1389 1089 1445 exstitit
1120 1389 1414 1459 :quoniam
1448 1401 1479 1441 a
1510 1388 1822 1459 primordiis
1855 1391 2232 1463 conceptionis
2264 1394 2321 1449 in
2354 1395 2473 1463 ipso
2502 1394 2684 1452 Verbo
2718 1393 3103 1451 exsistentiam
3141 1390 3356 1445 habuit.
3389 1387 3695 1456 Quocirca,

411 1481 559 1551 quod
584 1488 931 1553 assumptum
970 1481 1071 1537 fuit
1094 1489 1285 1551 suapte
1311 1481 1531 1551 quidem
1568 1492 1766 1538 natura
1801 1482 2108 1539 humanum
2142 1493 2254 1550 eet,
2291 1483 2386 1541 Dei
2442 1491 2622 1542 autem
2650 1494 2706 1541 et
2740 1483 2986 1539 divinum
3024 1478 3433 1551 supernaturali
3459 1477 3695 1548 quodam

418 1574 602 1628 modo.
638 1574 781 1641 Quin
813 1575 1067 1629 animatae
1122 1575 1345 1645 quidem
1382 1574 1565 1633 carnis
1599 1575 1967 1649 proprietates
2004 1576 2236 1635 habuit:
2275 1594 2373 1638 eas
2400 1581 2547 1637 enim
2574 1578 3004 1653 dispensationis
3050 1591 3167 1634 suat
3201 1574 3419 1631 ratione
3461 1570 3700 1629 Verbum

415 1668 683 1743 suscepit,
713 1685 835 1741 quae
863 1670 1166 1727 secundum
1203 1672 1466 1728 naturalis
1499 1680 1678 1729 motus
1702 1673 1949 1730 ordinem
1980 1688 2108 1730 vere
2141 1677 2423 1734 naturales
2454 1689 2617 1734 sunt:

751 1846 871 1905 Τοῦ
900 1848 1109 1905 αὑτοῦ.
1146 1848 1495 1922 Κεφάλαιον
1524 1866 1611 1916 πς
1637 1890 1651 1906 .

489 2004 831 2077 Προκόπτειν
849 2006 1071 2075 λέγεται
1097 2006 1285 2078 σοφίᾳ,
1302 2007 1399 2062 καὶ
1422 2004 1636 2078 ἡλικίᾳ,
1664 2006 1760 2059 καὶ
1788 2005 2002 2076 χάριτι·

413 2101 484 2169 τῇ
522 2097 621 2169 μὲν
658 2098 850 2170 ἡλικίᾳ
885 2097 1088 2165 αὑξων,
1116 2101 1207 2154 διὰ
1229 2100 1289 2153 δὲ
1308 2100 1411 2170 τῆς
1440 2099 1730 2171 αὐξήσεως
1756 2099 1860 2170 τῆς
1883 2099 2005 2168 ηλι-

425 2192 553 2253 κίας
585 2192 686 2260 τὴν
715 2191 1132 2262 ἐνυπάρχουσαν
1158 2189 1309 2263 αὐτῷ
1343 2190 1540 2262 σοφίαν
1570 2193 1651 2254 είς
1682 2192 2003 2260 φανέρωσιν

416 2284 600 2351 ἄγωνο
633 2283 714 2338 ἔτι
763 2283 824 2338 δὲ
891 2285 992 2356 τὴν
1042 2301 1156 2338 των
1204 2284 1518 2356 ἀνθρώπων
1574 2286 1633 2339 ὲν
1675 2283 1841 2355 σοφίᾳ
1905 2287 2002 2340 καὶ

414 2378 605 2447 χάριτι
630 2377 943 2449 προκοπὴν,
967 2377 1066 2432 καὶ
1104 2378 1205 2449 τὴν
1226 2378 1514 2433 τελείωσιν
1537 2379 1640 2449 τῆς
1660 2376 1757 2432 τοῦ
1782 2378 2005 2449 Πατρός

415 2468 694 2535 εὐδοκίας,
716 2470 894 2542 ἦγουν
920 2468 1019 2542 τὴν
1051 2468 1164 2525 τῶν
1194 2471 1508 2542 ἀνθρώπων
1558 2470 1896 2540 θεογνωσίαν
1943 2488 2004 2525 τε

423 2561 519 2613 καὶ
548 2562 851 2634 σωτηρίαν,
916 2563 1128 2618 οίκείαν
1168 2562 1459 2635 προκοπὴν
1517 2562 1881 2635 ποιούμενος,
1908 2566 2006 2619 καὶ

419 2652 798 2724 οἰκειούμενος
839 2654 1122 2727 πανταχοῦ
1170 2655 1234 2709 τὸ
1278 2654 1581 2727 ἡμέτερον.
1623 2655 1689 2709 Ol.
1718 2654 2005 2728 δὲπροκό-

427 2762 586 2799 πτειν
610 2746 778 2801 αὐτὸν
800 2746 1056 2816 λέγοντες
1079 2747 1270 2818 σοφία,
1306 2747 1404 2803 καὶ
1438 2747 1630 2820 χάριτι
1655 2746 1733 2812 ὡς
1760 2747 2006 2820 προσθή-

426 2857 534 2910 κην
572 2841 782 2895 τούτων
836 2837 1153 2912 δεχόμενον,
1188 2841 1475 2914 Νεστορίῳ
1516 2842 1597 2915 τῷ
1638 2842 2009 2915 ματαιόφρονι

424 2932 768 3002 πειθόμενοι,
824 2934 1088 3004 σχετικὴν
1140 2932 1341 2989 ῑνωσιν
1375 2936 1469 2989 καὶ
1496 2934 1666 3005 ψιλὴν
1727 2933 2009 3005 ἐνοίκησιν

420 3024 837 3096 τερατεύονται,
875 3025 951 3098 μὴ
974 3024 1343 3097 γινώσκοντες
1371 3028 1510 3099 μήτε
1535 3027 1572 3083 ἃ
1595 3027 1841 3098 λέγουσι,
1869 3028 2009 3100 μήτε

2652 1856 2930 1927 Ejusdem.
2954 1855 3088 1926 Cap.
3118 1855 3207 1911 86.

2176 2015 2454 2076 Proficere
2501 2017 2701 2073 dicitur
2735 2016 3027 2086 sapientia,
3080 2025 3135 2069 et
3176 2020 3359 2077 :etate,
3402 2018 3456 2067 et
3483 2009 3696 2080 gratia;

2108 2114 2268 2164 aetate
2341 2106 2556 2176 quidem
2643 2119 2932 2172 crescens,
3006 2110 3061 2159 et
3140 2116 3237 2173 per
3306 2100 3700 2157 incrementum

2108 2201 2309 2265 aetatis,
2340 2199 2682 2270 sapientiam,
2742 2213 2865 2267 qua:
2918 2196 3022 2267 ipsi
3076 2196 3272 2260 inerat,
3343 2193 3395 2247 in
3459 2198 3703 2259 apcstum

2109 2292 2428 2364 proferens;
2460 2302 2728 2362 praeterea
2753 2290 3033 2345 hominum
3073 2288 3126 2343 in
3159 2285 3425 2357 sapientia
3458 2293 3509 2337 et
3532 2282 3706 2353 gratia

2108 2398 2482 2457 progressum,
2515 2393 2569 2439 et
2606 2383 2762 2439 bonae
2823 2380 3002 2437 Patris
3056 2378 3352 2435 voluntatis
3416 2374 3706 2446 perfectio-

2108 2492 2255 2543 nem,
2286 2491 2381 2533 seu
2419 2476 2705 2531 hominum
2761 2476 2831 2529 de
2875 2472 3037 2527 rebus
3086 2468 3288 2525 divinis
3341 2466 3705 2537 cognitionem

2110 2577 2166 2624 et
2193 2566 2446 2633 salutem,
2512 2566 2791 2636 proprium
2827 2560 3130 2641 profectum
3186 2557 3415 2621 faciens,
3449 2564 3506 2609 et
3559 2552 3707 2623 quod

2111 2666 2357 2713 nostrum
2398 2666 2700 2735 estnsuum
2732 2654 2894 2729 plane
2937 2651 3190 2706 reddens.
3227 2649 3328 2717 Qui
3359 2662 3486 2701 vero
3530 2644 3704 2715 ipsum

2112 2750 2378 2819 sapientia
2403 2758 2457 2807 et
2499 2749 2672 2820 gratia
2708 2748 2783 2802 ita
2833 2746 3020 2801 dicunt
3048 2742 3378 2814 profecisse,
3414 2748 3472 2793 ut
3518 2749 3705 2792 earum

2115 2851 2407 2914 augmenta
2435 2840 2755 2909 susceperit,
2784 2840 2818 2893 ii
2842 2836 3155 2893 Nestorium
3178 2836 3346 2888 stulte
3375 2832 3703 2885 sentientem

2112 2937 2307 3003 secuti,
2334 2936 2590 2992 unionem
2613 2932 2909 3006 quamdam
2936 2928 3245 2985 secundum
3271 2923 3623 2981 affectionem
3651 2930 3709 2973 et

2112 3038 2429 3100 respectum
2452 3036 2507 3084 et
2524 3027 2721 3083 nudam
2742 3025 3130 3081 habitationem
3151 3017 3462 3090 prodigiose
3477 3015 3708 3084 lingunt,

424 3117 560 3189 περὶ
584 3117 751 3171 τίνων
781 3117 1250 3174 διαϐεϐαιοῦνται.
1294 3120 1357 3174 El
1392 3121 1503 3191 γὰρ
1555 3119 1781 3192 ἀληθῶς
1819 3119 2009 3193 ήνώθη

2117 3136 2218 3178 nec
2235 3136 2357 3190 quae
2389 3121 2594 3185 dicant,
2618 3133 2717 3174 nec
2751 3119 2816 3172 de
2840 3116 3040 3187 quibus
3069 3112 3360 3175 allirment,
3383 3120 3712 3193 cognoscens

425 3207 508 3279 τῷ
531 3206 652 3279 Θεῷ
675 3208 839 3279 Λόγῳ
864 3209 900 3279 ἡ
927 3208 1065 3279 σὰρξ
1090 3206 1152 3274 ἒξ
1181 3208 1359 3280 ἄκρας
1384 3208 1698 3280 ὑπάρξεως,
1724 3206 1929 3280 μᾶλλον
1950 3207 2008 3260 δὲ

423 3305 488 3357 ἐν
518 3302 669 3374 αὑτῷ
704 3302 944 3379 ὑπῆρξε,
981 3302 1081 3358 καὶ
1111 3302 1213 3374 τὴν
1247 3304 1626 3372 ὑποστατικὴν
1677 3302 1817 3374 πρὸς
1847 3300 2013 3355 αὑτὸν

420 3397 550 3467 ἔσχε
572 3395 904 3467 ταυτότητα,
934 3395 1053 3460 πῶς
1072 3396 1134 3450 οὑ
1150 3397 1374 3461 τελείως
1390 3396 1803 3468 κατεπλούτησε
1829 3395 2014 3450 πᾶσαν

421 3488 618 3557 σοφίαν
636 3489 731 3543 καὶ
752 3489 915 3561 χάριν
939 3504 956 3557 ;

766 3667 878 3724 Τοῦ
914 3668 1123 3724 αὐτοῦ.
1172 3667 1513 3740 Κεφάλαιον
1563 3670 1671 3741 ιιγί.

508 3840 928 3913 Ἀναμάρτητος
980 3842 1058 3896 ῶν
1094 3843 1125 3896 δ
1180 3843 1390 3916 Κύριος
1426 3845 1590 3916 ἡμῶν
1637 3846 1852 3916 Ἰησοῦς
1882 3849 2018 3922 Χρι-

429 3934 578 4000 στὸς,
642 3934 927 4004 ἁμαρτίαν
982 3936 1094 4006 γὰρ
1126 3938 1230 3990 οὑκ
1291 3937 1554 4008 ἐποίησεν
1608 3941 1638 3992 ό
1692 3941 1870 4011 αίρων
1920 3941 2018 3995 τοῦ

429 4027 640 4098 κόσμου
663 4026 764 4096 τὴν
786 4027 1093 4099 ἁμαρτίαν,
1123 4029 1245 4083 οὑδὲ
1272 4030 1471 4101 εὑρέθη
1508 4030 1660 4096 δόλος
1699 4034 1759 4087 ὲν
1788 4034 1866 4104 τῷ
1894 4036 2021 4090 στό-

435 4134 569 4187 ματι
592 4118 783 4183 αὑτοῦ,
833 4120 935 4190 οὑχ
985 4119 1250 4175 ὑπέκειτο
1302 4121 1545 4192 θανάτῳ,
1600 4124 1764 4196 ειπερ
1800 4125 1888 4179 διὰ
1920 4126 2022 4196 τῆς

431 4211 711 4282 ἁμαρτίας
740 4214 819 4275 είς
842 4213 936 4266 τὸν
975 4213 1181 4284 κόσμον
1206 4213 1460 4286 εἰσῆλθεν
1495 4217 1525 4270 ό
1563 4215 1818 4282 θάνατος.
1877 4218 2023 4291 Θνή-

434 4319 557 4356 σκει
592 4304 799 4370 τοίνυν,
822 4304 917 4359 τὸν
940 4306 1084 4375 ὑπὲρ
1122 4307 1282 4379 ἡμῶν
1311 4308 1713 4380 ἀναδεχόμενος
1756 4311 2012 4376 θάνατον,

432 4398 528 4450 καὶ
555 4396 754 4451 ἑαυτὸν
774 4397 853 4468 τῷ
888 4400 1000 4453 Πατ
1014 4400 1068 4469 pl.
1091 4400 1396 4471 προσφέρει
1424 4401 1624 4458 Θυσίαν
1663 4404 1809 4475 ὑπὲρ
1837 4406 1869 4476 ἡ
1880 4405 2018 4477 μῶν.

432 4492 589 4562 Αὐτῷ
648 4493 758 4564 γὰρ
820 4496 1415 4567 πεπλημμελήκαμεν,
1460 4498 1559 4551 καὶ
1603 4499 1771 4553 αὑτὸν
1800 4499 1910 4553 ἔδει
1959 4499 2020 4555 τ’)

431 4584 576 4655 ὑπὲρ
603 4584 767 4655 ἡμῶν
808 4584 1007 4657 λύτρον
1054 4586 1334 4656 δέξασθαι,
1386 4590 1482 4643 καὶ
1513 4588 1687 4653 οὕτως
1739 4592 1891 4662 ἡμᾶς
1926 4592 2020 4646 λυ-

434 4676 598 4747 θῆναι
629 4680 729 4748 τῆς
758 4679 1191 4752 ζκατακρίσεως.
1261 4680 1405 4734 Ἀλλ’
1435 4683 1485 4735 εί
1520 4681 1616 4736 καὶ
1648 4683 1910 4753 τέθνηκεν
1930 4685 2022 4755 ζὼς

2118 3215 2259 3270 tes'.
2291 3211 2427 3268 Nam
2466 3212 2512 3268 si
2540 3226 2669 3267 caro
2695 3225 2820 3267 vere
2845 3209 3136 3280 conjuncta
3168 3214 3251 3261 est
3292 3200 3492 3265 Verbo,
3546 3192 3711 3253 simul

2116 3316 2283 3378 atque
2331 3320 2456 3363 esse
2492 3305 2683 3374 coepit,
2723 3313 2779 3359 et
2811 3302 3059 3359 eamdem
3086 3315 3206 3355 cum
3238 3298 3356 3369 ipso
3389 3296 3444 3351 in
3478 3308 3710 3367 persona

2115 3399 2414 3454 essentiam
2449 3396 2658 3466 habuit,
2693 3396 2787 3466 qui
2823 3396 2938 3450 ﬁeri
2975 3392 3174 3464 potuit,
3213 3398 3272 3446 ut
3315 3389 3554 3463 perfecte
3582 3380 3716 3445 cun-

2116 3500 2234 3547 etas
2264 3491 2547 3561 sapientia:
2574 3500 2626 3547 et
2657 3490 2845 3561 gratia:
2871 3473 3094 3544 divitias
3126 3500 3235 3543 non
3281 3482 3582 3541 habuerit?

2624 3672 2902 3745 Ejusdem.
2940 3670 3075 3742 Cap.
3108 3672 3196 3727 98.

2190 3852 2327 3908 Cum
2371 3849 2491 3906 sine
2544 3858 2767 3919 peccato
2817 3855 2965 3902 esset
3011 3844 3270 3901 Dominus
3322 3852 3508 3899 noster
3560 3840 3718 3921 Jesus

2120 3944 2390 4008 Christus,
2438 3948 2718 4011 peccatum
2751 3938 2897 3994 enim
2956 3953 3065 3993 non
3125 3936 3274 4001 fecit,
3342 3935 3437 4006 qui
3499 3934 3718 3990 sustulit

2122 4048 2406 4109 peccatum
2448 4032 2658 4099 mundi,
2708 4047 2811 4088 nec
2873 4032 3124 4086 inventus
3168 4040 3253 4103 est
3311 4028 3464 4084 dolus
3514 4027 3569 4082 in
3621 4041 3719 4081 ore

2125 4130 2314 4201 ejus',
2370 4127 2534 4183 morti
2597 4141 2702 4181 non
2758 4125 2859 4180 fuit
2914 4124 3203 4180 obnoxius.
3286 4121 3570 4192 Siquidem
3626 4136 3721 4187 per

2129 4229 2412 4292 peccatum
2456 4219 2511 4273 in
2566 4216 2823 4272 mundum
2866 4231 3012 4271 mors
3043 4215 3305 4271 introivit.
3357 4213 3599 4269 Mortuus
3639 4221 3723 4267 est

2128 4311 2317 4384 igitur,
2378 4318 2609 4365 mortem
2667 4324 2767 4378 pro
2822 4307 2979 4363 nobis
3026 4306 3268 4371 subiens,
3316 4314 3371 4361 et
3420 4320 3479 4359 se
3538 4305 3718 4374 ipsum

2131 4400 2276 4459 Patri
2334 4416 2449 4473 pro
2486 4400 2643 4456 nobis
2693 4398 2929 4454 hostiam
2999 4396 3219 4452 obtulit.
3298 4394 3407 4450 Nos
3451 4394 3597 4450 enim
3668 4392 3721 4446 in

2124 4508 2249 4550 eum
2281 4504 2724 4563 peccaveramus,
2759 4499 2814 4544 et
2857 4488 3036 4559 ipsum
3077 4488 3366 4557 oportebat
3421 4501 3518 4556 pro
3568 4483 3725 4539 nobis

2120 4587 2358 4658 pretium
2418 4584 2693 4652 accipere,
2746 4592 2909 4649 atque
2981 4578 3055 4633 ita
3118 4594 3217 4635 nos
3266 4577 3726 4633 condemnatione

2121 4678 2363 4736 liberari.
2419 4675 2575 4743 Quod
2636 4674 2684 4729 si
2749 4680 2994 4729 mortuus
3049 4679 3138 4728 est
3195 4671 3362 4726 etiam
3423 4679 3482 4725 ut
3530 4667 3723 4734 homo,

433 4768 749 4840 ἄνθρωπος,
795 4773 892 4826 καὶ
939 4773 975 4842 ἡ
1018 4770 1152 4840 ἁγία
1215 4774 1386 4828 αὑτοῦ
1434 4775 1581 4846 ψυχὴ
1629 4774 1859 4848 διῃρέθη
1924 4777 2009 4831 τοῐ

2123 4783 2179 4829 et
2243 4778 2431 4825 sancta
2489 4767 2664 4839 ipsius
2738 4765 2919 4820 anima
2972 4764 3042 4820 ab
3094 4762 3446 4820 immaculato
3494 4776 3726 4832 corpore

435 4863 713 4935 ἀχράντου
748 4862 1029 4935 σώματος,
1064 4866 1182 4920 ἀλλ’
1209 4867 1244 4938 ή
1272 4866 1468 4939 θεότης
1494 4868 1802 4939 άχὼριστος
1839 4871 2009 4941 ἀμφι)⁴

2126 4874 2378 4933 separata
2441 4870 2546 4925 est,
2584 4858 2843 4914 divinitas
2900 4866 3135 4913 tamena
3185 4866 3379 4913 neutro
3439 4856 3722 4921 discessit,

432 4954 612 5022 τέρων
642 4955 902 5024 διέμεινε,
932 4957 1031 5027 τῆς
1059 4972 1118 5010 τε
1148 4958 1350 5028 ψυχῆς,
1380 4959 1547 5030 φημὶ,
1575 4960 1672 5013 καὶ
1701 4959 1799 5013 τοῦ
1838 4960 2009 5031 σῶμα·

2134 4970 2235 5011 nec
2271 4955 2337 5008 ab
2376 4953 2578 5017 anima,
2630 4964 2730 5004 nec
2775 4963 2806 5003 a
2868 4964 3121 5020 corpore.
3189 4947 3374 5019 Neque
3440 4958 3725 5019 pr0ptcrca

433 5061 551 5109 τος.
605 5047 717 5101 Καὶ
747 5046 860 5100 οὐδ’
888 5047 1121 5119 οὕτωςὴ
1170 5049 1273 5118 μία
1308 5050 1612 5114 ὑπόστασις
1662 5052 1742 5114 είς
1772 5051 1868 5105 δύο
1894 5053 2009 5106 ὑπο

2134 5061 2363 5116 persona
2418 5058 2524 5099 una
2587 5043 2639 5098 in
2699 5045 2840 5097 duas
2910 5041 3080 5097 divisa
3138 5051 3242 5097 est.
3314 5040 3450 5096 Nam
3526 5054 3727 5111 corpus

438 5137 660 5201 στάσεις
690 5138 965 5212 διῄρηται.
994 5141 1067 5194 Τό
1099 5158 1159 5194 τε
1188 5144 1298 5213 γὰρ
1329 5142 1486 5212 σῶμα
1515 5143 1611 5196 καὶ
1638 5143 1672 5213 ἠ
1700 5141 1847 5216 ψυχὴ
1880 5145 2009 5198 κατὲ

2131 5150 2183 5195 ct
2251 5140 2456 5201 animo,
2514 5150 2634 5207 qua:
2710 5134 2903 5191 eodem
2960 5145 3207 5204 tempore
3257 5150 3286 5190 a
3352 5134 3620 5206 principio
3671 5129 3728 5187 in

438 5230 642 5282 ταυτὸν
672 5230 731 5295 ἐξ
763 5233 944 5303 ἀρχῆς
981 5235 1040 5287 ἐν
1068 5237 1132 5305 τῇ
1172 5234 1264 5289 τοῦ
1298 5232 1474 5302 Λόγου
1504 5235 1804 5289 ὑποστάσει
1833 5235 2009 5306 ἔχοντα

2130 5233 2293 5289 Verbi
2352 5245 2587 5301 persona
2668 5228 2961 5282 essentiam
3052 5227 3388 5291 habuerunt,
3473 5226 3601 5280 licet
3672 5222 3727 5278 in

434 5322 537 5391 τὴν
568 5320 828 5392 ὓπαρξιν,
859 5326 953 5379 καὶ
987 5329 1046 5381 ὲν
1070 5328 1148 5395 τῷ
1168 5326 1389 5398 θανάτῳ
1410 5326 1657 5399 ἀλλήλων
1681 5327 2009 5398 διαιρεθέντι

2133 5336 2307 5381 morte
2366 5323 2612 5392 seiuncta
2652 5320 2873 5386 fuerint,
2931 5335 3093 5375 unam
3152 5331 3329 5375 tamen
3388 5318 3550 5375 Verbi
3600 5330 3727 5385 per-

439 5411 628 5481 ἕμεινε
663 5414 764 5486 τὴν
786 5416 920 5487 μίαν
945 5416 1042 5471 τοῦ
1075 5418 1251 5487 Λόγου
1294 5417 1601 5475 ὑπόστασιν
1658 5416 1882 5491 ἔχοντα,
1937 5424 2009 5476 κα

2134 5431 2323 5474 sonam
2356 5414 2614 5470 habentia
2653 5421 2710 5471 et
2775 5413 2895 5469 sine
2934 5412 3201 5471 divisione
3238 5424 3360 5467 cum
3414 5409 3533 5481 ipso
3594 5420 3729 5464 con-

438 5503 772 5574 άδιαιρέτως
793 5506 1050 5579 ἡνωμένα
1083 5507 1257 5579 αὐτῷ.
1504 5517 1514 5527 ’

2132 5512 2322 5581 juncta
2354 5517 2801 5580 permanserunt.

521 5783 535 5815 '
566 5778 749 5837 lTim.
778 5798 815 5851 ι,
851 5781 903 5840 7.
982 5784 1000 5815 '
1031 5783 1049 5839 Ι
1090 5782 1239 5840 Petr.
1278 5799 1341 5853 tt,
1366 5783 1457 5841 22.
