4082 6390
281 407 289 415 ,
320 350 479 419 ,101⁸1

1321 364 1703 429 PANOPLIA
1742 364 2203 429 DOGMATICA.
2229 390 2300 404 ε·-
2324 368 2471 431 Tl'I‘.
2510 370 2663 436 XVI.

3485 370 3621 435 1018

328 488 499 545 ετητα.
528 473 605 538 ὥς
638 476 811 545 μηδδν
838 475 1073 549 ἔχουσαν
1097 483 1162 553 τῇ
1202 486 1518 556 κατασκευῇ
1544 483 1783 547 ἐλλιπὲς,
1834 481 1934 535 νῦν

2044 482 2243 537 vatoris
2272 481 2479 537 Christi
2522 496 2723 539 nomen
2757 496 2906 540 nunc
2927 482 3149 555 quidem
3206 483 3378 541 solam
3429 494 3617 542 osten-

331 566 395 618 ss
414 567 477 618 τὸ
504 568 938 639 συναμφότερον,
984 572 1072 625 ἵνα
1103 573 1291 646 δειχθῇ
1327 575 1421 629 καὶ
1444 574 1554 629 τῶν
1580 574 1676 629 δύο
1701 574 1921 643 φύσεων

2044 572 2105 628 lit
2129 574 2469 630 divinitatem
2490 587 2679 646 utpote
2706 577 3013 632 absolutam
3047 586 3101 632 et
3122 576 3445 646 perfectam,
3469 592 3617 631 nunc

333 656 399 709 τὸ
453 658 713 728 διάφορόν
772 678 832 714 τε
878 662 973 715 καὶ
1013 663 1244 729 τέλειον,
1306 667 1401 718 καὶ
1448 666 1549 735 τῆς
1594 666 1753 731 ξένης
1788 663 1923 717 ἐνώ-

337 764 480 810 σεως
510 751 573 802 τὸ
610 751 902 820 πρῦσωπον
952 754 1215 825 ἄτμητον.
1253 756 1481 809 Ἐκεῖνοι
1537 757 1638 825 μὲν
1672 756 1753 819 είς
1799 772 1924 822 τρο-

336 839 449 909 ττὴν
467 839 757 911 Θεότητος,
776 845 872 897 καὶ
898 844 1215 916 ἀνατροπὴν
1233 846 1342 899 τῶν
1369 849 1634 901 συνόντων
1662 849 1785 909 ταῖς
1825 845 1925 913 φύ-

338 950 462 987 σεσι
489 935 586 987 καὶ
616 936 697 998 εἰς
718 936 1097 1008 ἀναρμόστως
1154 941 1428 1012 φλυαρίας
1458 984 1461 985 ν
1489 942 1793 1012 ἐχρήσαντο
1856 942 1922 1011 τῇ

339 1029 485 1080 κατὰ
511 1029 609 1080 τὸν
631 1028 917 1099 ἂνθρωπον
942 1031 1170 1101 θεωρίᾳ,
1196 1033 1360 1101 ἡμεῖς
1403 1032 1462 1086 δὲ
1516 1034 1596 1098 ei;
1626 1032 1926 1096 ⁸ἀπόδειξιν

337 1117 437 1171 καὶ
466 1118 774 1189 μαρτυρίαν
800 1119 895 1174 τοῦ
922 1121 1148 1175 δυνατὸν
1175 1118 1321 1177 εἶναι
1339 1124 1434 1176 καὶ
1458 1122 1552 1177 δύο
1582 1124 1743 1177 τινῶν
1768 1122 1929 1176 σύνο-

337 1208 427 1261 δον
453 1208 714 1269 νοεῖσθαι.
732 1212 828 1263 καὶ
845 1210 905 1264 ἓν
930 1212 1224 1282 πρόσωπον
1238 1214 1303 1267 δι’
1322 1216 1651 1284 ἀμφοτέρων
1672 1214 1925 1284 ὁρᾶσθαι.

342 1298 405 1352 Ei
427 1300 537 1369 γὰρ
562 1300 853 1371 ἀνθρώπου
887 1304 1047 1372 φύσις
1076 1306 1175 1358 οὐκ
1204 1305 1450 1375 ἐκωλύθη
1490 1306 1585 1359 δύο
1632 1305 1733 1375 μὲν
1785 1306 1929 1375 ἔχειν

344 1393 486 1461 μέρη
516 1394 585 1447 τὰ
622 1393 683 1459 ἐξ
739 1389 814 1447 ὧν
849 1398 906 1448 τὸ
929 1397 1241 1467 πρόσωπον,
1272 1398 1419 1454 ἒνφδὲ
1451 1396 1729 1453 δεικνύναι
1758 1397 1926 1467 πρόσ-

342 1501 492 1537 ωπον
528 1485 621 1538 τὸν
639 1485 782 1539 οὕτω
836 1488 1145 1542 συνεστῶτα
1178 1489 1487 1558 ἄνθρωπον,
1523 1490 1675 1559 πόσῳ
1728 1489 1931 1557 μᾶλλον

343 1574 379 1642 ἡ
404 1573 523 1625 θεία
548 1575 708 1645 χάρις
740 1575 898 1645 ἱκανὴ
924 1576 1095 1641 δεῖξαι
1138 1576 1360 1631 δυνατὸν
1390 1578 1487 1631 καὶ
1526 1577 1820 1631 ἀκόλουθον
1873 1577 1936 1630 τὸ

346 1670 438 1718 καὶ
462 1668 554 1720 δύο
586 1668 780 1734 φύσεις
802 1668 1010 1729 τελείας
1041 1670 1119 1729 si;
1147 1670 1343 1724 ἕνωσιν
1366 1669 1674 1741 ἀσύτχυτον
1702 1669 1934 1739 συνδρα-

350 1761 494 1827 μεῖν,
530 1759 625 1812 καὶ
656 1760 751 1813 τοῦ
782 1760 1078 1827 προσώπου
1112 1763 1172 1816 τὸ
1209 1764 1500 1833 μοναδικὺν
1521 1762 1790 1834 μηδαμῶς
1840 1764 1935 1817 ἀν·

350 1849 519 1915 ε).εῖν;
557 1850 770 1920 ’Ὠσπερ
792 1852 849 1904 δὲ
872 1827 1227 1917 ἀκούσαντες,
1277 1848 1384 1921 Εἷς
1435 1827 1653 1921 Κύριος
1673 1827 1937 1919 ’Ἰησοῦς
1969 1827 2010 1883 Β

349 1942 631 2009 Χιιστὸς,
666 1942 741 1996 δι’
783 1939 857 1998 οὗ
903 1943 975 1997 τὰ
1026 1944 1247 2010 πάντα,
1299 1950 1365 2017 τῇ
1415 1946 1633 2014 θεότητι
1690 1946 1829 2016 μόνῃ
1876 1945 1938 1998 τὸ

349 2031 577 2100 ποιῆσαι
599 2032 666 2084 τὰ
688 2032 867 2085 πάντα
890 2034 1031 2087 κατὰ
1049 2034 1113 2087 τὸ
1138 2036 1284 2099 εἰκὸς
1315 2036 1698 2106 ἐπιγράφομεν
1715 2052 1729 2064 ’
1762 2032 1937 2097 οὕτως

348 2123 683 2188 ἀκούσαντες
715 2126 796 2189 τὸ,
833 2120 934 2192 Εἷς
951 2127 1218 2195 παθητὸς
1248 2130 1281 2182 ό
1302 2129 1578 2197 Χριστὸς,
1611 2127 1707 2196 τῆς
1726 2127 1940 2197 ἠνωμέ-

349 2230 449 2283 νης
478 2214 682 2283 σαρκὸς
719 2214 783 2267 τὸ
813 2214 986 2275 πάθος
1022 2218 1367 2289 γινώσκομεν
1406 2234 1420 2247 ·
1460 2219 1585 2270 ἐπεὶ
1637 2217 1756 2277 πῶς
1808 2216 1936 2287 νοήο

351 2319 522 2371 σομεν
571 2304 671 2373 τῆς
706 2304 872 2373 αὐτῆς
912 2306 1102 2370 οὐσίας
1161 2307 1584 2374 καὶςάσθένειαν
1638 2308 1696 2360 ὲν
1724 2306 1934 2377 ταυτῷ,

352 2398 451 2448 καὶ
472 2397 572 2464 τὴν
601 2394 872 2465 δύναμιν;
905 2398 979 2449 Τὸ
1011 2401 1234 2469 πνεῦμα
1262 2400 1567 2470 πρόθυμον,
1601 2400 1635 2470 ή
1696 2399 1754 2455 δὲ
1800 2398 1940 2469 σὰρξ

350 2486 587 2554 ἀσθενής
612 2501 628 2514 ”
665 2488 729 2540 ού
765 2488 933 2559 μέρος
981 2490 1320 2560 πνεύματος,
1352 2491 1474 2545 οὐδὲ
1517 2492 1682 2561 μέρος
1712 2492 1937 2562 σαρκός.

357 2581 465 2631 Καὶ
490 2581 673 2644 πάλιν,
689 2582 756 2633 Ei
785 2581 894 2650 γὰρ
912 2581 1262 2652 ἐσταυρώθη
1303 2583 1374 2648 ἐξ
1404 2585 1746 2650 ἀσθενείας,
1774 2583 1940 2639 ἀλλὰ

352 2672 425 2757 ζῇ
477 2674 548 2728 ἐκ
601 2674 912 2745 δυνάμεως
972 2680 1124 2734 Θεοῦ
1150 2696 1165 2710 θ
1200 2679 1305 2750 ὅρα
1328 2680 1396 2733 τὰ
1442 2680 1706 2749 ὀνόματα,
1740 2679 1836 2732 καὶ
1868 2674 1942 2731 τὰ

357 2763 664 2833 πράγματα
685 2784 698 2796 ο
729 2765 945 2836 πνεῦμα
979 2771 1073 2821 καὶ
1098 2768 1255 2840 σὰρξ,
1284 2769 1512 2837 δύναμις
1532 2772 1627 2825 καὶ
1657 2769 1939 2837 ἀσθένεια,

358 2857 595 2925 σταυρὸς
638 2858 731 2910 καὶ
752 2857 889 2926 ζωὴ,
921 2859 981 2911 τὸ
1011 2860 1227 2931 ὲγείρον
1256 2862 1350 2916 καὶ
1383 2863 1444 2915 τὸ
1472 2862 1847 2933 ἐγειρόμενον,
1876 2863 1941 2917 τὸ

356 2948 673 3018 ύπερυψοῦν
691 2955 785 3003 καὶ
808 2949 872 3003 τὸ
905 2951 1355 3023 ύπερυψούμενον
1392 2970 1407 2985 ο
1441 2955 1498 3008 ὲν
1529 2955 1613 3009 ἑνὶ
1667 2956 1727 3008 δὲ
1768 2972 1942 3025 προσ-

358 3036 495 3108 ὠπῳ
548 3040 610 3091 ού
674 3040 816 3093 κατὰ
874 3040 1125 3095 σύνθεσιν
1159 3042 1366 3113 μερῶν,
1413 3044 1552 3097 ἀλλά
1601 3043 1725 3098 καθ’
1748 3044 1943 3098 ἕνωσιν

2028 676 2212 721 autem
2242 669 2660 733 humanitatem,
2688 671 2891 739 quippe
2922 667 3081 738 cujus
3107 667 3431 738 perfectioni
3480 668 3620 722 nihil

2027 760 2203 829 desit;
2233 778 2376 818 nunc
2399 776 2579 818 autem
2602 778 2723 817 cum
2756 763 2873 833 ipsa
2907 777 3136 833 persona
3168 773 3458 834 utramque
3482 766 3615 816 dua-

2029 871 2150 912 rum
2180 865 2502 912 naturarum
2529 856 2893 913 dili‘erentiam
2925 868 2981 912 et
3029 856 3421 925 perfectionem
3474 872 3618 912 nova

2028 950 2415 1019 conjunctione
2438 950 2724 1019 suscipiat.
2749 949 2827 1003 llii
2846 949 3064 1018 quidem
3092 951 3159 1003 ad
3183 947 3488 1004 divinitatis
3508 964 3621 1002 mu-

2031 1043 2287 1097 tationem
2323 1050 2379 1096 et
2410 1042 2752 1097 eversionem
2783 1040 3181 1095 humanitatem
3210 1041 3618 1106 adhibuerunt;

2032 1149 2133 1189 nos
2186 1144 2365 1189 autem
2419 1146 2477 1189 ut
2507 1135 2921 1189 ostenderemus
2964 1141 3021 1187 et
3094 1140 3444 1194 testaremur,
3504 1130 3622 1184 ﬁeri

2032 1242 2210 1296 posse,
2247 1236 2305 1281 ut
2337 1227 2563 1281 duarum
2596 1241 2773 1280 rerum
2807 1239 3134 1296 congressus
3168 1224 3259 1291 sit,
3288 1231 3342 1279 et
3363 1239 3470 1277 una
3503 1238 3625 1292 pero

2034 1333 2187 1377 sona.
2237 1317 2376 1373 Nam
2428 1318 2472 1373 si
2514 1317 2648 1371 nihil
2713 1316 2966 1385 prohibet
3026 1316 3323 1385 quentinus
3379 1313 3619 1369 hominis

2035 1421 2232 1466 natura
2268 1408 2404 1464 duas
2436 1410 2633 1464 habeat
2667 1414 2869 1477 partes,
2895 1422 2960 1462 ex
2990 1407 3190 1474 quibus
3215 1422 3323 1461 una
3378 1418 3617 1460 consur-

2036 1503 2112 1575 git
2144 1516 2399 1573 persona,
2437 1501 2600 1555 homo
2620 1499 2903 1561 nimirum,
2936 1497 3030 1567 qui
3057 1497 3130 1551 ita
3163 1506 3401 1557 constat,
3448 1510 3624 1564 quan-

2036 1605 2092 1649 to
2122 1596 2294 1665 magis
2324 1593 2501 1648 divina
2533 1591 2708 1663 gratia
2736 1590 2878 1644 valet
2909 1588 3129 1644 elﬁcere
3170 1596 3230 1642 ut
3263 1597 3319 1642 et
3365 1588 3485 1642 dure
3530 1598 3628 1640 na-

2038 1697 2175 1741 tura:
2203 1683 2464 1756 perfectae
2501 1685 2555 1738 in
2587 1682 3036 1753 conjunctionem
3061 1679 3289 1735 minime
3337 1675 3623 1733 confusam

2038 1786 2391 1842 concurrant,
2421 1791 2520 1831 nec
2555 1785 2737 1831 tamen
2762 1789 2869 1828 una
2903 1770 3198 1843 singularis
3229 1769 3453 1825 tollatur
3501 1782 3631 1838 per-

2039 1869 2215 1926 sona?
2239 1855 2710 1936 Quemadmodum
2748 1876 2928 1919 autem
2969 1878 3093 1919 cum
3145 1861 3396 1917 audimus
3431 1876 3446 1914 :
3481 1857 3630 1913 Unus

2039 1965 2299 2019 Dominus
2319 1961 2475 2017 Iesus
2497 1960 2762 2024 Christus,
2792 1975 2886 2028 per
2930 1974 3083 2031 quem
3133 1957 3313 2012 omnia
3343 1956 3383 2021 ⁸,
3443 1967 3628 2008 rerum

2039 2056 2285 2113 omnium
2314 2052 2773 2123 procreationem,
2809 2060 2869 2104 ut
2904 2064 3001 2119 par
3032 2058 3139 2114 est,
3171 2046 3271 2102 soli
3337 2044 3633 2101 tribuimus

2038 2150 2352 2213 divinitati;
2393 2148 2472 2203 sic
2514 2145 2800 2201 audientes
2831 2163 2843 2199 :
2881 2144 3032 2200 Unus
3064 2142 3306 2213 patibilis
3343 2139 3630 2204 Christus,

2039 2243 2350 2314 conjuncta:
2382 2237 2563 2295 carnis
2586 2236 2926 2292 aﬁ‘ectioncm
2956 2236 3324 2307 agnoscimus.
3350 2232 3454 2298 Qui
3483 2230 3631 2283 enim

2039 2336 2312 2409 possimus
2338 2333 2581 2402 ejusdem
2610 2330 2870 2386 essentia:
2894 2335 2950 2382 et
2992 2328 3043 2380 in
3090 2325 3284 2382 eodem
3338 2320 3629 2377 imbecilli-

2042 2439 2210 2485 tatem
2265 2435 2322 2482 et
2394 2424 2654 2481 virtutem
2705 2420 3054 2491 intelligere?
3114 2416 3368 2487 Spiritus,
3431 2413 3632 2483 inquit,

2039 2529 2331 2593 promptus,
2386 2532 2515 2572 caro
2569 2522 2749 2569 autem
2798 2512 3014 2581 inﬁma
3039 2511 3082 2577 ‘,
3112 2524 3219 2563 non
3272 2515 3453 2562 autem
3504 2519 3634 2575 pars

2040 2613 2246 2678 carnis,
2268 2618 2360 2663 aut
2383 2620 2512 2678 pars
2528 2603 2770 2674 spiritus.
2808 2601 2889 2657 “Et
2922 2614 3179 2655 rursum:
3223 2597 3287 2653 Si
3330 2597 3493 2658 enim,
3550 2594 3634 2648 in-

2042 2704 2179 2777 quit,
2205 2700 2492 2769 cruci/ixus
2537 2704 2617 2751 est
2670 2710 2736 2750 ea:
2789 2692 3123 2762 inﬁrmitate,
3199 2690 3415 2745 uivitex
3439 2689 3637 2743 uirtute

2043 2796 2143 2852 Dei
2187 2795 2229 2849 ³.
2257 2791 2449 2848 Cernis
2501 2788 2722 2845 nomina
2770 2795 2829 2843 et
2874 2799 2962 2842 res
3020 2800 3038 2840 :
3090 2782 3320 2853 spiritus
3376 2790 3433 2835 et
3480 2794 3633 2842 caro,

2042 2888 2218 2942 virtus
2274 2893 2331 2939 et
2369 2881 2687 2944 inﬁrmitas,
2744 2892 2883 2934 crux
2929 2881 2986 2931 et
3044 2873 3197 2941 vita,
3258 2872 3354 2942 qui
3404 2870 3641 2927 suscitat

2043 2985 2099 3032 et
2129 2975 2223 3044 qui
2284 2971 2632 3035 suscitatur,
2687 2965 2785 3038 qui
2832 2963 3041 3023 exultat
3086 2971 3144 3019 et
3189 2963 3283 3033 qui
3334 2961 3628 3017 exaltatur.

2042 3067 2241 3125 Cernis
2269 3075 2453 3120 autem
2492 3062 2549 3117 in
2588 3075 2697 3115 una
2724 3070 2957 3128 persona
3009 3070 3117 3111 non
3174 3052 3417 3123 partium
3477 3065 3636 3105 com-

356 3129 579 3182 τελείων
605 3129 843 3197 φύσεων,
880 3133 940 3184 ού
989 3133 1119 3200 μίαν
1145 3133 1333 3186 οὐσίαν
1371 3134 1468 3196 τὰς
1525 3134 1623 3188 δύο
1655 3134 1941 3201 ποιοῦσαν,

2049 3156 2401 3230 positionem,
2464 3150 2562 3209 sed
2614 3148 2981 3222 perfecturum
3024 3154 3348 3201 naturarum
3402 3140 3635 3208 conjun-

360 3218 496 3273 ἀλλὰ
528 3221 659 3289 μίαν
693 3221 851 3286 ἀξίαν
884 3223 979 3275 καὶ
1023 3222 1181 3287 δόξαν
1234 3225 1536 3292 δηλοῦσαν⁹
1606 3226 1784 3290 οὕτως
1837 3228 1941 3279 οὐκ

363 3312 678 3384 ἀρνούμεθα
708 3314 805 3384 τὴν
838 3313 1052 3378 ἕνωσιν,
1082 3316 1499 3386 παραιτούμεθα
1527 3317 1584 3371 δὲ
1617 3317 1715 3389 τὴν
1746 3335 1943 3372 συνου-

367 3405 579 3459 σιωστν.
616 3406 735 3459 Ὀτι
761 3406 866 3477 γὰρ
887 3406 1148 3460 ἀδύνατον
1178 3408 1276 3472 τὰς
1304 3408 1400 3462 δύο
1446 3408 1635 3471 οὐσίας
1689 3409 1943 3477 γενέσθαι

357 3490 512 3568 μίαν,
542 3496 784 3550 διδάσκει
816 3499 916 3566 μὲν
944 3500 972 3552 6
998 3499 1092 3568 τῆς
1117 3500 1330 3567 φύσεως
1368 3500 1553 3570 νόμος,
1594 3500 1833 3554 διδάσκει
1884 3502 1943 3554 δὲ

355 3592 384 3643 ὁ
410 3588 508 3642 τοῦ
539 3587 896 3660 κηρύγματος
924 3590 1104 3658 λόγος,
1126 3590 1376 3656 πείθειδὲ
1402 3590 1490 3644 διὰ
1514 3590 1716 3653 παντὸς
1748 3591 1943 3658 γένους

355 3670 391 3752 ἡ
434 3683 624 3753 πεῖρα,
659 3680 906 3747 θεσπίζει
937 3682 994 3736 δὲ
1024 3672 1306 3752 προδήλως
1334 3685 1361 3736 ὁ
1380 3684 1604 3754 Κύριος.
1633 3683 1791 3738 Μετὰ
1813 3683 1944 3752 γοῦν

355 3775 457 3845 τὴν
482 3774 782 3828 ἀνάστασιν
811 3776 1187 3828 ἀπιστούντων
1218 3775 1301 3828 ἔτι
1334 3775 1443 3829 τῶν
1477 3776 1736 3845 μαθητῶν
1786 3794 1942 3847 φησι,

362 3866 783 3937 Ψηλαφήσατέ
810 3884 910 3936 με,
959 3868 1059 3922 καὶ
1092 3868 1272 3934 ἴδετε,
1305 3868 1395 3922 ὅτι
1444 3869 1682 3938 πνεῦμα
1748 3867 1947 3937 σάρκα

357 3959 461 4015 καὶ
486 3959 672 4015 ὀστέα
697 3960 809 4014 οὐκ
833 3961 980 4031 ἔχει,
1014 3961 1210 4028 καθὼς
1252 3963 1356 4029 ἐμὲ
1388 3963 1658 4030 θεωρεῖτε
1701 3964 1944 4032 ἔχοντα.

367 4049 784 4119 τηλαφήσατε
829 4054 1118 4122 πρότερον,
1179 4054 1268 4107 ῐνσ.
1322 4054 1506 4125 δειχθῇ
1550 4055 1611 4108 ού
1673 4056 1947 4125 φαντασία

363 4144 674 4215 πνεύματος
706 4144 969 4197 ἁπατῶσα
1000 4148 1125 4209 τοὺς
1165 4145 1493 4216 θεωμένους,
1549 4146 1665 4201 ἀλλ’
1726 4149 1946 4203 ἀντιτυ-

362 4239 464 4291 πία
493 4236 744 4308 σώματος
799 4237 1221 4308 πληροφοροῦσα
1253 4239 1378 4302 τοὺς
1435 4239 1800 4309 ἁπτομένους.
1852 4241 1949 4305 Τις

362 4323 456 4384 οὖν
478 4329 578 4401 οὐχ
602 4329 705 4399 ὁρᾷ
725 4328 793 4383 τὰ
824 4329 934 4382 τῶν
967 4331 1183 4398 φύσεων
1209 4330 1338 4395 ἴδια,
1378 4332 1462 4384 ὅτι
1504 4331 1598 4385 τοῦ
1638 4333 1950 4403 πνεύματος

366 4420 467 4491 μὲν
491 4423 553 4475 τὸ
584 4421 662 4494 μὴ
689 4419 834 4492 ἔχειν
870 4423 1053 4493 σάρκα
1087 4425 1225 4493 μήτε
1264 4424 1419 4489 ὀστᾶ,
1456 4424 1551 4477 τοῦ
1604 4424 1858 4495 σώματος
1891 4426 1949 4479 δὲ

362 4512 424 4567 τὸ
451 4512 615 4585 ἔχειν,
644 4511 855 4567 καὶτοῦ
888 4513 989 4584 μὲν
1015 4514 1075 4567 τὸ
1107 4515 1453 4584 θεωρεῖσθαι,
1510 4514 1605 4568 τοῦ
1654 4515 1713 4569 δὲ
1762 4515 1824 4569 τὸ
1868 4517 1945 4587 μὴ
1980 4497 2033 4558 Ῐ)

363 4605 620 4677 ὁρᾶσθαι,
669 4605 858 4660 τούτου
902 4607 961 4660 τὸ
989 4608 1100 4677 ἁφῇ
1159 4606 1598 4669 ὑποϐαλλεσθαι,
1643 4607 1855 4661 ἐκείνου
1897 4606 1957 4659 τὸ

364 4696 510 4769 ἁφὴν
546 4699 622 4768 μὴ
647 4699 1001 4770 προσίεσθαι;
1035 4699 1160 4763 Πῶς
1193 4695 1287 4753 οὖν
1314 4698 1414 4769 μία
1434 4700 1615 4766 οὐσία,
1647 4699 1742 4754 καὶ
1764 4698 1958 4753 τοσαύ-

366 4807 466 4861 της
494 4786 685 4878 οῦσηὶ
696 4791 1057 4863 παραλλαγῆς
1084 4808 1101 4859 ς

697 4991 808 5049 Τοῦ
843 4991 1033 5045 αὑτοῦ
1056 4990 1211 5044 κατὰ
1239 4987 1361 5042 τῶν
1406 4987 1628 5045 αὐτῶν.

445 5089 755 5157 Τίλέγετξς
790 5084 1277 5152 τίᾶποφαίνεσθες
1312 5080 1532 5150 Οἵχεται
1590 5082 1688 5151 τῆς
1743 5080 1959 5149 φύσεως

369 5183 435 5238 τὸ
458 5183 735 5250 διάφορον,
770 5178 863 5232 καὶ
890 5179 1044 5229 οὐδὲν
1084 5176 1313 5247 φέρεται
1370 5173 1574 5226 τούτων
1625 5173 1916 5244 γνώρισμα
1944 5190 1961 5235 ί

2044 3250 2436 3317 ctionem,qus
2472 3257 2580 3298 non
2603 3242 2725 3297 dum
2758 3254 2866 3294 una
2895 3238 3032 3293 iiunt
3077 3234 3343 3297 essentia,
3377 3231 3477 3287 sed
3528 3245 3634 3283 una

2043 3340 2284 3411 dignitas
2320 3345 2376 3392 et
2397 3334 2571 3405 gloria
2598 3332 2933 3389 declaratur.
2960 3328 3078 3384 Non
3113 3329 3279 3399 igitur
3306 3334 3628 3380 naturarum

2046 3446 2310 3502 negamus
2361 3427 2828 3497 conjunctionem,
2887 3421 2980 3477 sed
3018 3421 3071 3476 in
3131 3433 3295 3474 unam
3339 3413 3633 3471 essentiam

2045 3525 2278 3580 dicimus
2306 3532 2415 3573 non
2442 3515 2797 3571 conﬂuxisse.
2819 3511 2967 3568 Fieri
2991 3525 3101 3566 non
3152 3521 3336 3580 posse,
3396 3514 3456 3561 ut
3517 3505 3641 3560 dum

2045 3631 2151 3671 una
2176 3616 2313 3669 ﬁant
2343 3609 2607 3675 essentia,
2629 3608 2790 3662 docet
2813 3614 3021 3660 natura
3051 3602 3162 3669 lex,
3207 3601 3372 3656 docet
3396 3607 3455 3654 et
3485 3611 3636 3669 prae-

2046 3704 2336 3764 dicationis
2360 3700 2525 3765 ratio,
2552 3698 2747 3756 suadet
2771 3696 2827 3752 in
2862 3693 3015 3751 omni
3066 3706 3248 3748 rerum
3295 3704 3496 3762 genere
3543 3704 3640 3742 ex-

2048 3797 2354 3871 perientia;
2386 3801 2575 3864 aperte
2599 3790 2762 3847 etiam
2788 3789 2907 3860 ipse
2946 3786 3209 3842 Dutninus
3258 3784 3495 3849 indicat,
3541 3780 3636 3850 qui

2046 3900 2171 3964 post
2193 3887 2654 3944 resurrectionem
2707 3896 2864 3936 suam
2893 3893 3000 3937 non
3064 3876 3418 3934 credentibus
3458 3875 3640 3930 adhuc

2047 3983 2372 4056 discipulis:
2405 3978 2653 4046 Palpate,
2686 3975 2885 4044 inquit,
2922 3988 3026 4042 me,
3050 3983 3099 4029 et
3128 3972 3318 4036 videte,
3361 3969 3490 4039 quia
3522 3968 3637 4036 spi-

2049 4079 2184 4131 ritus
2213 4088 2429 4129 carnem
2453 4080 2504 4126 et
2527 4083 2652 4124 ossa
2680 4082 2785 4122 non
2811 4067 2990 4133 habet,
3017 4066 3155 4119 sicut
3190 4079 3272 4118 me
3299 4062 3490 4117 uidetis
3539 4060 3642 4113 Ita-

2050 4168 2170 4222 bere
2194 4164 2238 4219 δ.
2266 4162 2516 4230 Palpate,
2545 4157 2722 4229 inquit
2774 4156 2949 4226 prius,
3001 4162 3061 4209 ut
3089 4154 3407 4211 ostenderet
3435 4165 3495 4206 se
3528 4148 3643 4219 spi-

2054 4261 2192 4317 ritus
2213 4272 2320 4313 non
2345 4269 2470 4311 esse
2496 4261 2774 4323 spectrum
2804 4263 2913 4319 quo
2964 4254 3277 4319 spectantes
3321 4245 3642 4314 deciperen-

2056 4363 2165 4418 tur,
2202 4349 2297 4405 sed
2317 4344 2717 4415 curpustactui
2768 4341 3059 4396 resistens.
3108 4334 3245 4404 Quis
3280 4349 3389 4391 non
3460 4333 3646 4388 videat

2057 4452 2375 4497 naturarum
2400 4437 2784 4506 proprietates,
2808 4447 2934 4487 eunt
2962 4430 3188 4498 spiritus
3250 4425 3470 4496 quidem
3524 4437 3646 4478 car-

2064 4552 2189 4594 nem
2218 4544 2274 4591 et
2295 4547 2418 4589 ossa
2446 4545 2553 4587 non
2582 4530 2811 4590 habeat,
2851 4540 2976 4595 qum
3034 4521 3258 4591 corpori
3310 4520 3547 4585 adsunt;
3588 4525 3648 4589 et

2056 4644 2255 4700 corpus
2282 4626 2501 4698 quidem
2524 4622 2795 4684 videatur,
2823 4618 3046 4689 spiritus
3067 4624 3254 4671 autem
3297 4626 3404 4667 non
3447 4624 3646 4666 cerna-

2056 4731 2146 4777 tur
2171 4739 2186 4787 ;
2221 4732 2417 4788 corpus
2442 4713 2610 4770 tactui
2643 4713 2715 4767 sit
2747 4708 3066 4773 obnoxium,
3096 4704 3321 4774 spiritus
3343 4711 3526 4757 autem
3544 4701 3649 4756 sub

2060 4823 2266 4869 tactum
2290 4823 2396 4861 non
2429 4804 2624 4859 cadat?
2652 4801 2937 4867 Quomodo
2988 4798 3156 4867 igitur
3211 4793 3457 4851 essentia
3514 4805 3645 4858 una,

2058 4918 2177 4958 cum
2209 4909 2359 4955 tanta
2392 4898 2465 4952 sit
2497 4890 2841 4948 diﬂ‘erentia?

2431 4988 2684 5055 Ejusdem
2738 4983 2994 5036 adversus
3040 4978 3273 5033 eosdem.

2128 5085 2275 5152 Quid
2319 5080 2550 5137 dicitis?
2583 5078 2715 5148 quid
2757 5070 3188 5129 demonstratis?
3239 5069 3372 5125 Abit
3423 5077 3653 5124 natura-

2061 5196 2182 5235 rum
2218 5174 2554 5234 dill‘ercntia,
2628 5180 2683 5224 et
2749 5167 2957 5222 nullum
3000 5179 3192 5219 carum
3243 5160 3508 5217 indicium
3567 5173 3654 5213 re-

371 5277 439 5331 Τί
466 5274 559 5330 οὖν
589 5272 933 5342 ὀνομάσομεν
948 5271 1008 5322 τὸ
1026 5271 1415 5338 προκείμενονς
1441 5268 1614 5335 Λόγον
1656 5266 1853 5333 μόνον;
1887 5267 1944 5317 Oi

2066 5267 2368 5336 linquitur?
2418 5263 2711 5331 Quomodo
2748 5262 2920 5329 igitur
2977 5256 3286 5324 subjectum
3350 5251 3651 5342 appellabi-

371 5370 483 5438 γὰρ
538 5366 675 5435 φαίη
716 5381 801 5427 τις
851 5364 1033 5431 σάρκα
1075 5359 1237 5415 τοῦτο
1285 5362 1453 5431 τιμᾷν
1493 5361 1654 5429 δῆθεν
1688 5360 1959 5427 οἰόμενος.

373 5458 487 5513 Καὶ
527 5458 643 5520 πῶς
671 5457 773 5525 οὐχ
819 5453 1074 5525 ὑϐρίζετε
1117 5452 1377 5523 τοιαύτην
1405 5452 1573 5507 αὑτοῦ
1624 5451 1721 5521 τὴν
1768 5450 1962 5503 οὐσίαν

371 5553 693 5620 νομίζοντες
713 5546 879 5615 εἶναι,
927 5548 1004 5611 ὡς
1040 5547 1269 5600 δυνατὸν
1321 5546 1492 5615 ἑτέρᾳ
1536 5544 1696 5612 οὐσία
1762 5544 1957 5612 κτιστῇ

373 5643 514 5716 πρὸς
554 5644 728 5713 αὐτὴν
793 5641 1128 5711 μεταστῆναι
1157 5656 1183 5705 ',
1211 5640 1285 5692 Τὸ
1320 5641 1427 5710 γὰρ
1456 5640 1570 5701 τοῖς
1624 5638 1815 5707 ἥττοσι
1850 5652 1961 5704 χω-

2062 5360 2224 5414 mus?
2259 5356 2568 5411 Verbuutne
2609 5352 2784 5408 solum
2808 5350 2833 5405 2
2858 5348 3048 5419 Neque
3079 5348 3225 5402 enim
3274 5342 3332 5398 id
3380 5340 3651 5412 quispiam

2058 5465 2279 5509 carnem
2309 5446 2527 5509 dixerit,
2563 5445 2657 5513 qui
2689 5457 2757 5499 eo
2804 5442 3029 5497 nonnae
3053 5453 3115 5495 se
3139 5435 3272 5492 illud
3297 5442 3452 5503 putet
3483 5433 3656 5486 hono-

2070 5558 2212 5598 rare.
2245 5542 2315 5595 At
2342 5538 2617 5608 quomodo
2645 5552 2751 5590 non
2793 5535 2971 5605 ipsum
3020 5530 3237 5584 adicitis
3293 5521 3652 5584 contumelia.

2066 5646 2188 5687 cum
2224 5629 2383 5683 talem
2421 5627 2591 5695 ipsius
2618 5624 2915 5683 essentiam
2964 5619 3174 5691 putatis
3204 5630 3350 5681 esse.
3400 5622 3465 5671 ut
3497 5610 3655 5668 alteri

454 5809 472 5839 ⁸
509 5808 527 5861 l
556 5807 681 5864 Cor.
711 5821 832 5869 vm.
861 5806 913 5860 6.
992 5812 1011 5839 ³
1038 5804 1228 5860 Matth.
1269 5820 1414 5867 xxvt,
1442 5802 1526 5883 il.
1605 5800 1623 5832 ³
1650 5799 1693 5855 ll
1729 5798 1855 5853 Cur.
1892 5811 1943 5850 τι

2046 5795 2095 5849 ti.
2176 5793 2194 5823 ⁵
2224 5792 2353 5846 Luc.
2386 5807 2536 5845 xxxv.
2566 5789 2655 5844 59.
