4082 6426
377 329 519 391 1029

1344 323 1721 383 PANOPLIA
1760 320 2220 383 DOGMATICA.
2246 345 2315 355 ·-
2340 322 2495 385 ΤΙΤ.
2544 324 2698 386 XVI.

3531 319 3671 388 1030

369 439 449 499 ὧν
477 440 618 498 εἶναι
642 442 740 513 τὴν
780 441 1043 513 διαφορὰν
1070 438 1448 510 ὁμολογοῦσιν.
1474 440 1536 492 Εἰ
1557 437 1667 507 γὰρ
1693 437 1958 500 σώζεσθαι

2073 433 2131 489 Si
2188 436 2331 490 enim
2363 450 2423 491 ca
2484 451 2549 491 ex
2609 436 2808 507 quibus
2869 435 3180 507 coniunctio
3219 436 3299 503 lit,
3361 445 3485 506 post
3535 451 3665 493 con-

375 536 518 606 μετὰ
541 534 637 606 τὴν
666 535 860 588 ἕνωσιν
881 534 949 587 τὰ
982 532 1041 596 ἐξ
1069 525 1144 586 ὧν
1182 533 1214 601 ή
1248 530 1444 593 ἓνωσίς
1481 528 1831 591 πιστεύουσι,
1863 527 1958 581 δύο

375 627 597 689 πάντως
632 625 699 679 τὰ
721 623 1007 692 σωζόμενα
1028 620 1423 693 ὁμολογήσαιεν
1453 620 1539 673 ἄν.
1569 618 1823 673 Τοσαῦτα
1848 618 1959 690 γὰρ

375 718 445 773 τὰ
478 716 799 772 συνελθόντα
851 716 987 786 πρὸς
1015 715 1213 767 ἕνωσιν
1267 713 1365 784 τὴν
1424 712 1820 777 ἀδιάσπαστον,
1856 710 1958 780 τὴν

374 810 590 865 οἱανοῦν
620 809 857 881 τροπὴν,
894 807 926 880 ἢ
967 808 1250 878 σύγχυσιν,
1289 806 1318 876 ἢ
1352 806 1604 876 μείωσιν,
1634 804 1666 876 ἢ
1703 804 1958 872 συναίρε-

379 919 486 967 σιν,
518 900 549 972 ἢ
609 900 918 971 μεταδολὴν
957 898 1056 970 την
1092 898 1170 961 είς
1215 897 1423 968 ἄλληλα
1460 898 1525 949 ἐκ
1570 895 1671 966 τῆς
1707 893 1957 957 ένώσιως

373 992 435 1046 οὐ
463 990 757 1061 δεξάμενα.
786 989 927 1044 Νυνὶ¹
947 989 1004 1043 δὲ
1037 988 1194 1042 τοῦτο
1217 987 1290 1059 μὴ
1317 985 1653 1053 δοξάζοντες,
1685 985 1760 1048 ὡς
1791 985 1960 1055 ἠρνη-

376 1084 531 1152 μένοι
572 1083 672 1143 τὰς
704 1082 898 1152 φύσεις
930 1079 1070 1150 μετὰ
1093 1079 1193 1150 τὴν
1233 1078 1430 1131 ἕνωσιν
1462 1077 1757 1145 σώζεσθαι,
1789 1077 1959 1129 ὑπευ-

374 1174 568 1238 θύνους
600 1176 830 1237 ἑαυτοὺς
880 1173 1125 1244 ἐλέγχοις
1176 1170 1527 1240 πεποίηνται,
1560 1170 1664 1223 κᾶν
1718 1168 1795 1243 μὴ
1830 1169 1957 1240 βού-

372 1269 592 1331 λωνται,
621 1268 758 1338 μόνῃ
785 1267 1045 1337 ποιότητι
1070 1264 1324 1333 λέγοντες
1358 1263 1460 1334 τήν
1490 1262 1757 1332 διαφορὰν
1789 1263 1960 1329 σώζε-

374 1358 499 1413 σθαι
528 1360 637 1412 τῶν
664 1359 1010 1429 πραγμάτων
1038 1359 1234 1429 χωρὶς,
1263 1354 1454 1424 ὥσπερ
1491 1354 1798 1426 ἀνθρώπων
1824 1374 1958 1412 παι-

372 1448 577 1512 ζόντων
604 1450 886 1521 προδήλως
916 1449 1154 1516 ὲστὶ,καὶ
1178 1447 1338 1519 τὸμὴ
1372 1446 1662 1514 γελᾶσθαι,
1682 1446 1759 1511 ὡς
1783 1447 1956 1514 εἰκὸς,

373 1539 532 1610 ’ὐεριν
566 1535 708 1593 εῖναι
758 1541 1153 1610 λογιζομένων,
1188 1539 1284 1593 καὶ
1333 1537 1514 1607 σοφῶς
1544 1538 1849 1592 κινούντων
1895 1539 1958 1591 τὸ

370 1632 728 1702 Εὐαγγέλιον,
750 1632 880 1687 ἄνευ
912 1631 1113 1686 οὐσιῶν
1144 1631 1527 1700 ὑποκειμένων
1562 1625 1707 1684 εῖναι
1741 1631 1971 1702 ποιότηα-

370 1745 469 1789 τας
504 1725 767 1779 δύνασθαι
814 1724 1279 1796 νομοθετούντων,
1309 1725 1406 1777 καὶ
1434 1723 1603 1776 ποσοῦ
1636 1726 1806 1794 χωρὶς
1835 1726 1956 1778 ἑπι-

2059 525 2395 594 junctionem
2428 530 2635 583 servari
2666 529 2916 594 credunt,
2950 530 3058 583 duo
3091 530 3251 598 plane
3288 536 3501 583 servata
3534 544 3667 583 con-

2062 618 2373 683 ﬁtebuntur,
2404 628 2481 673 tot
2503 620 2646 675 enim
2674 622 2742 675 ad
2775 619 3211 687 coniunctionem
3281 620 3665 676 indivisibilem

2060 723 2416 776 concurrunt,
2441 726 2563 781 quae
2590 726 2689 767 nec
2718 711 3112 777 inversionem,
3138 726 3239 768 nec
3264 711 3664 773 confusionem,

2062 817 2162 859 nec
2187 802 2641 867 imminutionem,
2673 819 2773 859 nec
2827 806 3180 860 mutationem
3217 805 3378 859 ullam
3410 806 3549 860 inter
3607 820 3669 860 se

2062 908 2129 949 ex
2180 894 2570 963 conjunctione
2622 896 2948 966 suscipiunt.
3010 895 3168 951 Nunc
3192 904 3372 952 autem
3435 896 3669 951 hocint-

2060 987 2375 1058 probantes,
2414 997 2474 1043 ut
2520 988 2609 1056 qui
2645 997 2842 1059 negent
2889 997 3110 1044 naturas
3139 997 3262 1058 post
3310 989 3656 1059 conjunctio-

2062 1094 2183 1135 nem
2208 1081 2438 1145 servari,
2504 1083 2714 1152 seipsos
2798 1082 3316 1152 reprehensionibus
3390 1082 3659 1138 obnoxios

2061 1172 2490 1238 constituerunt,
2521 1174 2739 1229 etiamsi
2777 1174 2967 1235 nolint,
2999 1188 3117 1228 cum
3148 1173 3332 1229 dicant
3383 1175 3496 1228 sola
3529 1189 3669 1244 qua-

2059 1260 2213 1318 litate
2234 1262 2598 1320 ditl'erent-iam
2633 1264 2858 1329 servari,
2894 1266 3012 1321 sine
3052 1264 3233 1319 rebus.
3260 1265 3414 1331 Quod
3443 1265 3664 1336 quidem

2058 1364 2143 1410 est
2178 1355 2459 1412 hominum
2501 1365 2686 1428 aperte
2736 1357 3041 1413 ludentium
3088 1371 3188 1412 nec
3242 1365 3424 1426 turpe,
3468 1369 3527 1414 ut
3567 1374 3670 1429 par

2059 1449 2167 1509 est,
2198 1445 2655 1510 existimantium,
2711 1461 2772 1501 se
2824 1447 3083 1510 derideri,
3139 1456 3194 1501 et
3226 1447 3385 1516 plane
3428 1448 3673 1517 Evange-

2062 1536 2193 1592 lium
2227 1536 2391 1593 inane
2417 1537 2794 1604 clncientium,
2827 1554 2950 1593 cum
2981 1539 3098 1593 sine
3124 1538 3386 1607 subjectis
3418 1542 3668 1594 essentizs

2058 1640 2303 1685 asserant
2320 1644 2443 1685 esse
2460 1645 2622 1701 posse
2642 1631 2962 1703 qualitates,
2980 1638 3037 1684 et
3066 1632 3184 1685 sine
3200 1634 3506 1700 quantitate
3520 1630 3670 1685 δεσυ-

2059 1725 2293 1778 rentlam
2319 1725 2573 1792 cognosci
2602 1727 2842 1779 tradant.
2873 1724 3135 1795 Ignorant
3164 1726 3331 1789 enim,
3359 1739 3414 1779 ut
3433 1725 3663 1787 videtur,

369 1787 682 1891 γνωσθῆναι
714 1787 981 1889 διαφορὰν
1013 1815 1444 1888 ὑποτιθεμένων.
1484 1787 1793 1889 Ἥγνόησαν
1821 1818 1954 1889 γὰρ,

2064 1817 2314 1870 homines
2363 1816 2783 1884 sapientissimi,
2816 1830 3034 1871 onmem
3086 1816 3405 1885 qualitatem
3468 1817 3669 1872 habere

368 1921 443 1980 ὡς
469 1919 667 1982 ἔοικεν,
698 1920 745 1971 οἱ
776 1918 1104 1988 σοφώτατοι,
1143 1916 1227 1971 ὅτι
1282 1917 1436 1971 πᾶσα
1468 1918 1694 1987 ποιότης
1726 1916 1955 1968 ὑποκει-

372 2009 543 2083 μένης
570 2012 789 2075 πάντως
841 2011 1029 2073 οὐσίας
1059 2009 1199 2075 ἐστὶ,
1251 2010 1384 2080 περὶ
1411 2010 1480 2082 ἠν
1512 2010 1605 2063 καὶ
1641 2010 1957 2079 θεωρεῖται,

369 2104 462 2154 καὶ
519 2102 741 2171 λέγεται
790 2103 853 2155 τὸ
901 2102 1020 2155 κατ’
1049 2102 1221 2172 αὐτὴν
1251 2101 1393 2155 εῐναι
1424 2101 1679 2171 οὐδαμῶς
1724 2102 1955 2170 ἔχουσα,

367 2194 465 2247 καὶ
501 2196 653 2248 πᾶσα
691 2194 924 2265 διαφορὰ
959 2196 1061 2267 τῆς
1100 2193 1283 2248 ἄλλων
1340 2192 1476 2266 πρὸς
1503 2193 1640 2248 ἄλλα
1670 2197 1813 2247 κατὰ
1865 2193 1959 2247 τὸν

367 2286 463 2339 τοῦ
490 2287 607 2350 πῶς
641 2283 782 2341 εἶναι
818 2286 981 2355 λόγον
1015 2287 1408 2357 ἀνομοιότητός
1431 2303 1491 2339 τε
1517 2286 1612 2341 καὶ⁹
1637 2287 1958 2358 ἑτερότητος

367 2378 503 2434 οὖσα
526 2381 820 2453 δηλωτικὴ,
858 2382 918 2434 τὸ
950 2384 1117 2436 ποσὶν
1147 2385 1257 2436 τῶν
1290 2381 1661 2451 διαφερόντων
1695 2383 1959 2452 πραγμά-

366 2492 477 2529 των
528 2476 873 2544 συνεισὰγειν
908 2477 1079 2547 ἑαυτῇ
1113 2475 1361 2545 πέφυκεν
1422 2477 1533 2529 εἴτε
1583 2475 1811 2542 οὐσιῶν,
1844 2476 1958 2528 εἴτε

369 2568 697 2638 ποιοτήτων,
744 2568 855 2620 εἴτε
888 2568 1188 2639 ίδιοτήτων,
1232 2569 1327 2621 καὶ
1347 2568 1560 2636 ἁπλῶς,
1591 2566 1683 2621 ἵνα
1717 2568 1959 2623 συνελὼν

368 2660 533 2723 εἴπω,
560 2660 773 2722 παντὸς
793 2660 980 2732 ἑτέρου
1011 2660 1157 2720 τινὸς
1205 2661 1314 2714 τῶν
1344 2661 1447 2715 ὅσα
1479 2660 1764 2732 διαφέρειν
1792 2660 1961 2732 ἀλλή-

368 2752 477 2806 λων
509 2749 987 2822 ὐπολαμεάνοντες
1015 2753 1221 2808 εἴποιεν
1251 2750 1389 2805 εἶναι
1419 2753 1706 2824 διαφορὰν,
1735 2752 1959 2817 πάντως

368 2847 428 2897 ὲν
463 2845 615 2914 ποσῷ
641 2847 709 2897 τὰ
738 2844 1065 2914 διαφέροντα
1098 2846 1483 2918 θεωρήσαντες
1514 2847 1627 2899 εἴτε
1676 2845 1955 2919 αἰσθήσει,

368 2935 481 2991 εἴτε
524 2936 712 3008 νοήσει
752 2938 851 3006 τὴν
909 2935 1178 3006 διαφορὰν
1231 2935 1558 3006 ἐγνώρισαν.
1623 2938 1792 2991 ’Ἄνευ
1847 2938 1958 3010 γὰρ

371 3030 540 3084 ποσοῦ
576 3028 841 3083 δύνασθαι
887 3027 1335 3084 διαϐεϐαιοῦσθαι
1368 3030 1648 3084 δεικνύναι
1684 3030 1957 3102 διαφορὰν

2060 1907 2360 1975 subjectum
2398 1907 2717 1975 essentiam,
2775 1907 2923 1962 circa
2948 1922 3111 1977 quam
3161 1908 3551 1962 consideratur
3611 1916 3667 1961 et

2059 2000 2279 2064 dicitur,
2313 2014 2434 2052 cum
2464 2014 2561 2069 per
2579 2013 2638 2053 se
2676 2002 2977 2054 consistere
3022 2011 3278 2070 nequeat.
3332 2000 3398 2052 Et
3446 2014 3665 2053 omnem

2059 2089 2445 2158 diﬂerentiam,
2497 2106 2617 2145 cum
2653 2092 3151 2147 dissimilitudinem
3186 2100 3242 2147 et
3272 2092 3664 2156 diversitatem,

2060 2194 2224 2256 quam
2269 2186 2435 2240 variae
2472 2202 2557 2241 res
2595 2186 2801 2240 habent
2834 2186 2981 2239 inter
3037 2200 3117 2249 se,
3187 2195 3457 2256 quatenus
3487 2184 3668 2253 aliquo

2061 2280 2221 2334 modo
2254 2286 2402 2344 sunt,
2432 2278 2729 2348 signiticet,
2764 2294 2943 2332 rerum
2993 2276 3358 2333 differentium
3390 2279 3669 2348 quantita-

2060 2381 2167 2428 tem
2196 2374 2550 2431 constituere.
2578 2371 2693 2424 sive
2724 2372 3000 2434 essentiaa,
3051 2373 3164 2424 sive
3194 2370 3504 2439 quahtates,
3554 2374 3670 2423 sive

2060 2464 2426 2533 proprietates
2464 2463 2594 2527 sint,
2632 2477 2726 2516 seu
2760 2463 2975 2530 quidvis
3030 2462 3180 2516 aliud
3215 2474 3400 2515 eorum
3430 2476 3552 2531 qua:
3586 2464 3669 2515 in-

2061 2568 2145 2612 ter
2179 2571 2237 2610 sc
2273 2554 2550 2619 diﬂ‘erunt,
2582 2556 2697 2610 sive
2727 2569 2895 2609 sensu
2953 2555 3071 2608 sive
3127 2556 3456 2626 cogitatione
3508 2555 3667 2609 diti‘e-

2062 2649 2291 2702 rentiam
2351 2645 2674 2715 intelligant.
2738 2644 2870 2699 Sine
2944 2646 3249 2713 quantitate
3295 2647 3443 2700 enim
3503 2659 3665 2715 posse

2061 2740 2435 2798 dtﬂ'erentiam
2466 2738 2784 2794 ceniirmari
2818 2752 2923 2792 non
2950 2748 3035 2792 est
3067 2738 3505 2805 admittendum;
3541 2755 3667 2793 nam

2054 2838 2180 2903 quae
2206 2833 2351 2886 inter
2368 2846 2428 2886 se
2450 2832 2639 2886 eadem
2666 2830 2826 2901 plane
2849 2844 2955 2885 non
2978 2840 3129 2897 sunt,
3151 2830 3296 2885 nullo
3321 2831 3482 2885 modo
3504 2846 3666 2885 unam

2060 2936 2116 2982 et
2140 2925 2387 2980 eamdem
2414 2924 2716 2979 exsistendi
2753 2924 3021 2979 rationem
3069 2922 3398 2993 suscipiunt,
3426 2933 3665 2979 essenta:

2060 3017 2323 3073 nimirum
2364 3018 2523 3082 ,sive
2573 3028 2768 3072 natura
2820 3032 2945 3072 cum
3004 3029 3198 3070 natura
3231 3055 3246 3081 ,
3292 3026 3385 3071 aut
3435 3017 3669 3085 qualitas

370 3120 712 3185 ἀνένδεκτον,
747 3120 936 3192 ἐπειδὴ
966 3121 1033 3174 τὰ
1065 3120 1140 3191 μὴ
1166 3120 1417 3191 ἀλλήλοις
1448 3121 1627 3189 πάντη
1658 3120 1835 3173 ταυτὰ
1859 3120 1957 3175 ἕνα

2063 3122 2183 3164 cum
2249 3108 2516 3179 qualitate
2548 3148 2562 3173 ,
2630 3117 2724 3162 aut
2786 3108 3088 3177 proprietas
3146 3122 3269 3161 cunt
3318 3107 3667 3176 proprietate.

369 3214 580 3267 καὶτὸν
629 3214 793 3268 αὐτὸν
830 3212 926 3267 τοῦ
954 3208 1097 3267 εἶναι
1142 3213 1393 3284 οὐδαμῶς
1422 3213 1731 3281 έπιδέξεται
1769 3214 1955 3284 λόγον.

368 3304 571 3369 οὐσίας
592 3291 712 3377 ’γὰρ
733 3306 853 3378 ἦτοι
885 3304 1122 3377 φύσεως,
1160 3306 1294 3375 φέρε
1332 3306 1529 3373 εἰπεῖν,
1567 3305 1706 3377 πρὸς
1740 3306 1956 3369 οὐσίαν,

367 3396 402 3468 ἢ
440 3398 727 3468 ποιότητος
763 3397 905 3469 πρὸς
954 3397 1242 3467 ποιότητα,
1280 3396 1313 3470 ἢ
1353 3396 1619 3466 ἰδιότητος
1655 3397 1794 3467 πρὸς
1831 3396 1959 3451 ίδιό-

366 3508 529 3562 τητα,
559 3491 594 3563 ἢ
629 3492 723 3546 καὶ
769 3492 824 3545 εῐ
851 3508 904 3544 τι
937 3491 1127 3563 ἕτερον
1162 3489 1273 3543 τῶν
1317 3491 1420 3544 ὅσα
1457 3489 1533 3561 μὴ
1581 3491 1759 3544 πάντα
1784 3490 1961 3544 ταύτὰ

367 3585 465 3638 καὶ
493 3584 757 3656 διαφορᾶς
785 3583 1136 3648 ἀνεπίδεκτα,
1170 3582 1269 3636 ἕνα
1303 3583 1396 3635 καὶ
1415 3582 1506 3635 τὸν
1532 3581 1700 3636 αὐτὸν
1726 3579 1822 3636 τοῦ
1840 3581 1960 3645 πῶς

366 3671 511 3731 εἶναι
540 3675 700 3745 λόγον
733 3674 996 3730 οὐδέποτε
1032 3675 1215 3744 λέγειν
1246 3673 1573 3745 δυναίμεθα.

836 3763 940 3820 Ἐκ
962 3765 1068 3821 τοῦ
1098 3763 1288 3820 αὑτοῦ
1316 3765 1532 3836 λόγου.

448 3862 512 3917 Ei
562 3862 663 3933 μὲν
696 3860 1059 3924 ἀναλλοίωτος
1108 3862 1137 3915 ό
1166 3860 1284 3916 κατ’
1324 3859 1515 3916 οὐσίαν
1569 3860 1800 3933 θατέρου
1845 3862 1959 3918 τῶν

336 3952 337 3955 “
374 3956 690 4009 ἑνωθέντων
715 3953 954 4023 διέμεινε
986 3952 1147 4021 λόγος
1182 3951 1323 4023 μετὰ
1351 3953 1451 4024 τὴν
1483 3953 1679 4008 ἕνωσιν
1703 3956 1841 4027 πρὸς
1864 3956 1957 4009 τὸν

373 4048 605 4120 θατέρου
639 4046 738 4116 τῆς
767 4046 959 4110 οὐσίας
987 4046 1112 4115 ὅρον
1138 4046 1217 4117 μὴ
1253 4045 1636 4117 μεταπίπτων,
1675 4047 1958 4119 προδήλως

373 4147 407 4216 ή
432 4144 525 4197 τοῦ
561 4142 801 4214 Χριστοῦ
834 4141 1030 4211 θεότης
1064 4142 1346 4214 μεμένηκε
1382 4141 1507 4196 κατ’
1542 4142 1738 4196 οὐσίαν
1766 4143 1960 4215 θεότης

374 4238 509 4309 πρὸς
539 4238 641 4308 τὴν
694 4237 901 4307 σαρκὸς
932 4236 1125 4288 οὐσίαν
1152 4236 1211 4288 οὐ
1252 4238 1703 4310 μεταφοιτήσασα
1728 4255 1743 4268 °
1788 4242 1881 4293 καὶ
1925 4241 1960 4310 ή

371 4332 467 4385 τοῦ
520 4328 689 4384 αὐτοῦ
719 4328 881 4382 πάλιν
910 4326 1271 4399 ἁνθρωπότης
1308 4330 1591 4400 μεμένηκε
1618 4328 1743 4383 κατ’
1770 4329 1962 4383 οὐσίαν

372 4422 728 4493 ἀνθρωπότης
760 4421 896 4492 πρὸς
949 4421 1050 4490 τὴν
1084 4420 1179 4490 τῆς
1236 4418 1493 4492 θεότητος
1527 4422 1693 4489 φύσιν
1748 4422 1824 4492 μὴ
1850 4438 1959 4476 πα-

373 4515 540 4571 θοῦσα
561 4514 894 4588 μεταϐολήν.
920 4512 984 4567 Ei
1015 4513 1072 4565 δὲ
1106 4511 1233 4566 οὔτε
1264 4512 1298 4584 ή
1333 4513 1525 4583 θεότης
1553 4514 1652 4566 τοῦ
1686 4514 1951 4584 Χριστοῦ,

371 4611 497 4664 οὐτε
538 4611 572 4679 ή
607 4606 971 4679 ἀνθρωπότης
1031 4607 1110 4667 είς
1161 4604 1368 4676 ιλληλα
1437 4606 1953 4676 μεταπειροιτήκασι

369 4702 459 4754 διὰ
486 4700 586 4770 τὴν
612 4698 734 4752 καθ’
758 4697 1057 4750 ὑπόστασιν
1083 4695 1303 4760 ἕνωσιν,
1342 4694 1458 4750 ἀλλ’
1485 4697 1781 4768 ἀσύγχυτοι
1811 4698 1955 4751 κατὰ

369 4793 462 4846 τὸν
498 4791 673 4861 μέγαν
708 4786 978 4858 Κύριλλον
1014 4788 1396 4858 μεμενήκασιν
1428 4789 1484 4842 αἱ
1514 4788 1729 4857 φύσεις,
1769 4787 1956 4858 σαφῶς

373 4886 409 4956 ή
452 4880 591 4953 μετὰ
628 4881 727 4950 τὴν
763 4879 961 4932 ἕνωσιν
984 4878 1221 4949 διαφορὰ
1248 4878 1358 4931 τῶν
1390 4879 1715 4950 σωζομένων
1737 4881 1795 4933 ἐν
1821 4881 1955 4951 Χρι-

375 4975 487 5045 στῷ
532 4972 840 5042 καθέστηκε
899 4970 1140 5040 φύσεων,
1176 4970 1273 5024 καὶ
1325 4972 1502 5035 οὐδεὶς
1525 4974 1748 5044 ἀντερεῖ
1774 4974 1953 5042 λόγος.

377 5069 439 5122 Ei
472 5067 529 5121 δὲ
553 5066 663 5120 τῶν
696 5065 1024 5134 ἀσυγχύτως
1055 5065 1114 5117 ὲν
1146 5063 1369 5135 Χριστῷ
1395 5064 1728 5135 σωζομένων
1753 5067 1957 5140 ἐστὶνὴ

375 5156 610 5227 διαφορὰ
637 5160 777 5224 μετὰ
792 5157 890 5227 τὴν
902 5155 1121 5220 ἕνωσιν,
1140 5154 1407 5224 διαφορὰν
1431 5154 1488 5206 δὲ
1504 5154 1819 5224 γνωσθῆναι
1835 5155 1962 5226 δίκα

378 5250 550 5307 ποσοῦ
585 5248 864 5311 παντελῶς
908 5246 1326 5317 κεχωρισμένην
1361 5245 1674 5317 ἀμήχανον,
1717 5244 1963 5316 λεγέσθω

379 5346 515 5418 πρὸς
542 5342 776 5411 δήλωσιν
814 5343 915 5411 τῆς
938 5340 1208 5411 διαφορᾶς
1235 5337 1297 5390 τὸ
1336 5338 1502 5392 ποσὸν
1529 5338 1640 5394 τῶν
1672 5339 1963 5411 διαφερόν-

354 5435 610 5501 ’των,ῑνα
640 5434 717 5504 μὴ
743 5434 908 5502 ψιλήν
938 5449 1078 5500 πως,
1109 5433 1202 5487 καὶ
1226 5432 1329 5485 οὐκ
1354 5430 1533 5503 ἀληθῆ
1564 5433 1666 5503 τὴν
1695 5433 1964 5504 διαφορὰν

377 5527 813 5598 ὐποπτευθῶμεν
843 5528 1266 5600 πρεσϐεύοντες.
1292 5524 1470 5598 Ψιλὴν
1499 5527 1609 5597 γὰρ
1649 5527 1829 5579 πᾶσαν
1846 5526 1966 5580 διας

379 5619 723 5697 φορὰνοῐδεν
772 5623 798 5673 ό
832 5620 991 5688 λόγος
1026 5621 1126 5691 τὴν
1156 5624 1260 5674 οὐκ
1314 5619 1549 5691 ἔχουσαν
1601 5620 1964 5691 ὐπαρκτικῶς

378 5717 752 5786 ὑποκειμένην
784 5714 882 5784 τὴν
908 5708 984 5769 ὧν
1025 5715 1143 5767 ἐστι
1177 5714 1416 5785 διαφορὰ
1457 5715 1804 5785 πραγμάτων
1829 5713 1967 5787 ἁλήι

379 5811 554 5865 θειαν.
594 5811 790 5883 Ἦμεῐς
823 5809 923 5882 μὲν
953 5804 1047 5865 οὖν
1075 5808 1272 5866 ταυτὸν
1302 5808 1603 5863 ὑπόστασιν
1635 5823 1694 5862 τε
1726 5809 1822 5862 καὶ
1861 5808 1967 5878 φύ-

2061 3211 2156 3257 aut
2211 3203 2254 3258 si
2308 3203 2437 3272 quid
2508 3201 2651 3254 aliud
2710 3212 2792 3254 est
2850 3215 3041 3254 eorum
3103 3212 3224 3270 qua!
3277 3216 3381 3254 non
3444 3202 3670 3254 omnino

2062 3298 2171 3351 sint
2205 3297 2418 3352 eadem.
2457 3294 2595 3349 Nam
2632 3308 2755 3364 quae
2784 3294 2942 3362 plane
2972 3306 3097 3347 sunt
3149 3294 3337 3348 eadem
3398 3305 3454 3348 et
3507 3292 3668 3349 dilicu-

2062 3388 2295 3443 rentiam
2326 3401 2435 3440 non
2477 3384 2794 3449 admittunt,
2857 3400 3020 3440 unam
3062 3395 3119 3439 et
3176 3387 3427 3442 eamdem
3480 3386 3668 3457 aliquo

2064 3482 2222 3534 modo
2241 3477 2540 3534 exsisteudi
2608 3477 2876 3533 rationem
2926 3491 3201 3548 nunquam
3264 3479 3445 3534 dicere
3507 3488 3667 3551 pote-

2064 3586 2257 3627 ῐιιυυε.

2574 3772 2657 3829 Ex
2697 3778 2879 3830 cadent
2905 3778 3166 3832 oratione.

2134 3868 2194 3923 Si
2228 3867 2510 3938 utriusque
2548 3867 2962 3939 conjunctorum
3022 3871 3160 3923 ratio
3214 3869 3413 3926 mansit
3461 3870 3667 3927 incom-

2064 3958 2343 4015 mutabilis
2410 3967 2532 4026 post
2565 3957 3091 4024 conjunctionentin
3140 3957 3365 4015 alterius
3417 3977 3523 4016 non
3583 3963 3668 4015 in-

2062 4046 2254 4107 cidens
2286 4051 2540 4106 essentia:
2585 4050 2900 4114 terminum,
2959 4048 3164 4104 Christi
3231 4050 3478 4119 profecto
3530 4052 3668 4107 divi-

2064 4144 2211 4197 nitas
2249 4143 2549 4197 secundum
2585 4142 2882 4196 essentiam
2919 4140 3182 4196 divinitas
3216 4144 3433 4207 mansit,
3461 4145 3518 4199 in
3549 4158 3670 4197 car-

2067 4237 2153 4290 nis
2193 4233 2487 4290 essentiam
2532 4247 2644 4287 non
2678 4242 3046 4288 commutata:
3078 4242 3133 4288 et
3184 4233 3427 4303 ejusdem
3478 4251 3669 4293 rursus

2067 4325 2376 4382 humanitas
2400 4326 2699 4381 secundum
2735 4324 3029 4379 essentiam
3072 4326 3276 4381 mansit
3356 4327 3670 4387 humanitas

2067 4420 2120 4479 in
2146 4417 2440 4474 divinitatis
2487 4427 2739 4470 naturam
2799 4430 2907 4470 non
2974 4427 3329 4472 commutata.
3407 4417 3564 4488 Quod
3623 4423 3669 4478 si

2063 4500 2288 4582 prepter
2312 4508 2755 4579 coniunctionem
2798 4509 2849 4562 in
2885 4522 3115 4577 persona
3158 4523 3259 4564 nec
3315 4490 3530 4567 Christi
3583 4514 3670 4569 di-

2055 4606 2255 4662 vinitas
2289 4616 2386 4657 nec
2432 4601 2739 4655 humanitas
2771 4601 3008 4655 vicissim
3047 4602 3348 4656 iunnutatae
3394 4612 3542 4669 sunt,
3573 4610 3670 4662 sed

2057 4699 2177 4755 sine
2212 4694 2556 4761 confusione,
2593 4704 2648 4747 ut
2684 4692 2880 4747 scribit
2935 4709 3161 4763 magnus
3190 4694 3446 4765 Cyrillus,
3506 4708 3669 4752 natu-

2062 4806 2136 4849 ras
2175 4796 2618 4860 permanserunt,
2668 4784 2969 4840 diderentia
3002 4786 3161 4856 plane
3207 4799 3549 4846 servaturum
3614 4790 3669 4847 in

2059 4868 2311 4940 Christo~
2349 4889 2675 4936 naturarum
2735 4888 2859 4948 post
2916 4879 3354 4950 coniunctionem
3408 4877 3689 4951 perstitit.‘

2064 4977 2132 5033 Et
2172 4975 2321 5031 nulla
2360 4974 2507 5029 ratio
2557 4973 2902 5045 repugnabit.
2936 4974 3006 5027 At
3057 4975 3101 5028 si
3142 4985 3491 5045 naturarum,
3550 4994 3673 5048 quae.

2061 5069 2182 5126 sine
2223 5065 2542 5124 confusione
2564 5066 2617 5121 in
2648 5064 2869 5124 Christo
2897 5079 3126 5123 servata:
3151 5077 3300 5134 sunt,
3363 5081 3488 5142 post
3540 5087 3673 5130 cou-

2058 5163 2396 5235 iunctionem
2430 5172 2514 5217 est
2538 5157 2870 5225 diﬂ'erentia,
2908 5176 3007 5215 nec
3056 5162 3175 5217 sine
3210 5165 3514 5232 quantitate
3563 5166 3672 5222 dit”-

2064 5256 2298 5315 l‘erentia
2325 5255 2576 5327 cognosci
2627 5263 2805 5327 potest
2858 5259 3109 5321 omnino,
3170 5259 3238 5314 ad
3307 5259 3672 5316 diﬂ'erentiam

2065 5348 2449 5404 declarandam
2476 5348 2702 5403 dicatur
2737 5350 3018 5419 quantitas
3049 5348 3442 5413 diﬂ'erentium,
3477 5365 3544 5405 ne
3576 5356 3676 5405 n‘u-

2066 5442 2190 5497 dam
2218 5441 2619 5512 quodammodo
2647 5452 2704 5498 et
2730 5455 2839 5501 nun
2881 5457 3065 5498 veram
3099 5441 3459 5500 din‘erentiam
3520 5458 3675 5499 asse-

2071 5548 2190 5589 rere
2218 5531 2710 5603 deprehendamur.
2741 5532 2896 5590 Nuda
2924 5549 3086 5605 porro
3106 5534 3285 5590 omnis
3312 5540 3398 5589 est
3418 5532 3675 5590 differen-

2072 5628 2145 5683 tia
2179 5641 2302 5698 quae
2333 5641 2392 5682 re
2423 5628 2541 5699 ipsa
2574 5626 2874 5698 subiectam
2911 5642 3019 5684 non
3080 5627 3246 5684 habet
3293 5641 3482 5689 eorum
3535 5642 3676 5698 quo-

2073 5734 2190 5773 rum
2220 5726 2304 5775 est
2333 5717 2662 5786 diﬂerentia,
2706 5721 3015 5776 veritatem.
3047 5720 3158 5777 Nos
3192 5720 3382 5792 igitur,
3412 5720 3503 5790 qui
3554 5734 3678 5789 per-

2072 5826 2264 5895 sonam
2299 5821 2356 5868 et
2414 5820 2668 5870 naturam
2743 5812 2890 5870 idem
2953 5825 3075 5871 esse
3128 5814 3346 5886 proprie
3399 5823 3679 5884 nunquam
