4082 6402
392 262 525 330 1031

1631 258 2025 319 EUTHYMII
2074 257 2444 318 ZIGABENI

3574 254 3708 322 10:9

385 380 715 444 diceremus,
747 392 813 434 ex
844 377 1067 434 Patrum
1093 379 1337 434 doctrina
1396 377 1483 447 pic
1510 377 1575 434 de
1605 378 1825 433 Christo
1849 378 1992 432 idem

2109 396 2184 433 σιν
2212 381 2417 448 κυρίως
2478 379 2747 449 μηδέποτε
2798 378 3045 446 λέγοντες
3077 375 3221 431 κατὰ
3254 376 3353 447 τὴν
3379 376 3488 429 τῶν
3521 374 3696 428 Πατέ-

384 482 443 527 et
472 472 733 528 diﬁ‘erens
768 472 1101 528 asserimus:
1132 473 1273 527 idem
1301 472 1514 527 ratione
1539 472 1701 527 unius
1728 488 2000 540 persona.

385 578 493 634 qua
547 565 689 618 idem
720 579 842 619 cmn
889 566 1106 633 propria
1148 578 1311 617 carne
1345 565 1512 618 Deum
1546 563 1780 619 Verbum
1830 566 2002 620 conli-

390 670 591 720 temur,
631 672 696 710 ne
720 658 1087 711 accessionem
1111 671 1353 725 persona:
1386 656 1732 712 sanctissima
1758 656 2002 712 Trinitas

385 752 635 821 accipiat,
676 760 731 804 et
760 749 1101 818 qnaternitas
1144 748 1411 803 clliriatur
1441 766 1456 811 ;
1488 748 1747 804 differens
1815 758 1998 803 autem

392 846 606 900 ratione
636 843 976 898 diversitatis
1004 843 1258 897 essentiae
1290 859 1503 904 eorum,
1530 860 1595 899 es
1618 844 1813 913 quibus
1866 859 2000 897 con-

391 944 520 1002 Stat,
547 949 651 1004 qua
688 934 887 989 Christi
925 943 1110 1002 partes
1152 933 1392 987 vicissim
1433 950 1537 986 non
1592 942 2002 989 commutantur

385 1027 632 1081 omnino.
665 1024 851 1094 Neque
884 1025 1029 1079 enim
1070 1026 1213 1078 idem
1246 1040 1484 1092 unquam
1539 1025 1645 1078 erit
1692 1040 1787 1091 per
1814 1040 2001 1078 essen-

388 1117 516 1170 tiam
571 1116 829 1170 divinitas
878 1126 934 1168 ct
1002 1116 1333 1179 humanitas,
1398 1131 1465 1169 ne
1507 1115 1711 1183 aliquid
1754 1124 1996 1170 creatum

386 1211 629 1277 ejusdem
672 1224 798 1262 cum
833 1207 1123 1262 divinitate
1155 1221 1252 1275 per
1303 1208 1738 1277 coniunctionem
1800 1208 2000 1261 sit‘cs-

385 1304 574 1356 sentite
600 1311 765 1369 atque
798 1310 1025 1354 naturae.
1054 1299 1310 1357 Furentis
1340 1302 1487 1357 enim
1528 1301 1694 1356 animi
1747 1311 2000 1370 putamus

383 1409 529 1460 esse,
570 1404 827 1448 natura
862 1393 1045 1448 dicere
1070 1393 1314 1461 ejusdem
1339 1407 1465 1450 esse
1497 1408 1621 1449 cum
1657 1402 1851 1448 natura
1913 1408 2001 1446 Ca.-

385 1487 580 1540 sentia:
615 1503 631 1548 ;
661 1498 937 1553 nunquam
969 1485 1116 1539 enim
1145 1494 1343 1538 natura
1391 1484 1641 1539 eamdem
1669 1483 1831 1539 habet
1873 1500 1998 1538 cum

388 1587 583 1631 natura
612 1577 904 1631 essentiam
950 1585 1112 1645 atque
1159 1584 1433 1631 naturam.
1466 1575 1617 1632 Idem
1667 1576 1813 1631 enim
1843 1592 1999 1631 natu-

392 1685 451 1723 ra
517 1666 865 1735 essentiaque
930 1667 996 1721 de
1056 1666 1188 1723 solis
1240 1667 1440 1722 dicitur
1492 1666 1734 1736 ejusdem
1798 1668 1997 1737 speciei

2111 490 2222 545 ρων
2248 469 2602 525 διδασκαλίαν
2625 512 2640 535 ,
2678 469 2920 531 εὐσεϐῶς
2970 466 3065 522 ἐπὶ
3104 465 3351 539 Χριστοῦ
3386 466 3448 519 τὸ
3497 464 3702 518 ταυτὸν

2112 563 2517 635 πρεσῦεύομεν.
2551 563 2643 616 καὶ
2670 562 2731 615 τὸ
2759 561 3037 632 διάφορον,
3071 561 3134 615 τὸ
3165 558 3263 631 μὲν
3312 558 3393 628 τῷ
3426 559 3570 628 λόγῳ
3602 556 3703 625 τῆς

2112 657 2242 726 μιᾶς
2270 654 2648 718 ὑποστάσεως,
2706 654 2830 706 καθ’
2858 654 2918 706 ὂν
2970 652 3168 706 ταυτὸν
3214 654 3280 722 τῇ
3321 651 3500 721 οἰκεία
3536 649 3708 711 σαρκὶ

2106 749 2200 801 τὸν
2250 748 2387 802 Θεὸν
2436 750 2611 816 Λόγον
2661 747 3061 817 ὁμολογοῦμεν,
3116 746 3206 801 ἶνα
3262 745 3336 816 μὴ
3376 742 3706 814 προσθήκην

2108 840 2473 910 προσωπικὴν
2527 841 2560 909 ἠ
2597 838 2959 909 πανεύφηςιος
3003 837 3145 908 λάϐῃ
3196 836 3391 907 Τριὰς,
3425 835 3701 909 γενσμένη

2107 929 2339 992 τετράς·
2367 927 2429 979 τὸ
2454 928 2510 980 δὲ
2540 927 2617 998 τῷ
2647 928 2793 997 λόγῳ
2823 929 2923 998 τῆς
2972 929 3097 981 κατ’
3152 928 3343 982 οὐσίαν
3370 928 3479 979 τῶν
3526 927 3586 991 ἐξ
3626 919 3705 979 ὧν

2108 1022 2261 1074 ἐστιν
2317 1023 2659 1093 ἑτερότητος,
2713 1021 2837 1075 καθ’
2867 1024 2932 1092 ἣν
2960 1024 3041 1083 εἰς
3078 1021 3285 1092 ἄλληλα
3312 1021 3382 1075 τὰ
3418 1021 3562 1090 μέρη
3602 1020 3702 1073 τεῦ

2108 1113 2350 1183 Χριστοῦ
2386 1114 2671 1177 παντελῶς
2711 1116 2771 1168 οὺ
2813 1117 3273 1184 μεταπίπτουσιν.
3314 1116 3388 1167 Οὐ
3423 1113 3531 1183 γὰρ
3570 1133 3707 1167 ταυ-

2108 1209 2198 1260 τόν
2227 1226 2358 1261 ποτε
2388 1208 2508 1262 κατ’
2542 1208 2735 1262 οὐσίαν
2767 1209 2964 1277 γένοιτ’
3002 1209 3065 1261 ἂν
3108 1208 3324 1279 θεότης,
3358 1208 3452 1260 καὶ
3484 1208 3702 1275 ἀνθρω-

2109 1304 2304 1370 πὸτης,
2334 1302 2419 1355 ἴνα
2455 1303 2620 1372 μηδὲν
2748 1304 2969 1355 κτιστὸν
2996 1291 3064 1372 τῇ
3098 1301 3316 1369 θεότητι
3348 1302 3471 1353 καθ’
3503 1301 3701 1352 ἒνωσεν

2108 1398 2353 1467 ὁμοφυὲς
2384 1396 2479 1451 καὶ
2517 1399 2827 1466 ὀμοούσιονο
2864 1395 3053 1466 ἐπειδὴ
3096 1396 3259 1466 φύσει
3309 1396 3476 1464 φύσιν
3505 1393 3704 1463 {inomi—

2110 1507 2226 1543 σιον
2292 1487 2433 1543 εἶναι
2497 1488 2681 1556 λέγειν
2736 1488 3081 1560 μαινομένης
3137 1488 3381 1550 διανοίας
3430 1487 3704 1557 ὑπάρχειν

2109 1582 2472 1651 γινώσκομεν.
2505 1582 2619 1634 Οὐκ
2645 1580 2765 1634 ἔστι
2796 1580 2906 1648 γὰρ
2936 1579 3100 1649 φύσει
3128 1579 3247 1633 ποτ’
3280 1579 3347 1634 ἂν
3380 1579 3541 1649 φύσις
3571 1582 3705 1648 ὀμο-

2111 1672 2251 1745 φυὴς
2280 1673 2375 1726 καὶ
2406 1673 2720 1741 ὁμοούσιος.
2754 1674 2828 1726 Τὸ
2858 1673 2965 1743 γὰρ
2990 1674 3234 1742 ὁμοφυὲς
3262 1674 3361 1725 καὶ
3408 1674 3707 1740 ὁμοούσεον

390 1758 704 1822 individuis,
745 1772 865 1827 quae
905 1758 972 1812 ad
1007 1774 1167 1812 unam
1194 1757 1492 1814 essentiam
1525 1755 1718 1813 referri
1769 1772 1999 1814 consuc-

2109 1766 2194 1817 ἐπὶ
2230 1765 2411 1834 μόνων
2441 1767 2550 1819 τῶν
2590 1767 2735 1821 κατὰ
2764 1769 2824 1821 τὸ
2851 1767 2985 1820 αὐτὸ
3003 1764 3143 1831 εἶδος
3178 1767 3316 1838 πρὸς
3349 1769 3477 1837 μίαν
3508 1768 3704 1820 abet»

391 1862 608 1908 verunt.

891 1940 976 1996 Ea:
1013 1942 1197 1997 eadem
1229 1943 1489 1998 oratione.

465 2035 603 2091 Cum
638 2034 755 2091 haec
791 2035 863 2089 sit
896 2042 1082 2090 nostra
1116 2033 1408 2098 sententia,
1439 2048 1616 2105 neque
1674 2044 1994 2090 naturarum

390 2128 754 2185 tiﬂ‘erentiam
789 2135 907 2197 post
976 2127 1424 2196 coniunctionem
1450 2141 1736 2197 negamus,
1782 2140 1845 2180 ex
1874 2127 2003 2196 qni-

398 2222 503 2277 bus
532 2230 749 2276 constat
776 2220 1049 2283 Christus,
1089 2221 1236 2289 ipsas
1273 2228 1496 2274 naturas
1555 2219 1779 2275 minime
1808 2218 2002 2273 confu-

389 2328 485 2369 sas
536 2310 807 2368 mansisse
836 2310 1141 2366 credentes.
1176 2308 1366 2378 Neque
1429 2306 1872 2378 coniunctionem
1942 2308 1995 2362 itt

391 2419 627 2475 persona
656 2405 991 2475 ignoramus,
1026 2418 1191 2456 ttntnn
1224 2400 1504 2457 Christum
1530 2413 1735 2459 sanctis
1759 2410 1814 2457 et
1850 2401 2000 2472 eius-

391 2502 517 2557 dem
548 2500 804 2555 essentize
838 2505 895 2553 et
955 2495 1250 2551 adorandae
1297 2492 1584 2551 Trinitatis
1653 2495 1996 2562 conﬁtentes,

390 2592 490 2648 sed
526 2606 716 2647 eorum
751 2590 917 2644 ctiam
952 2603 1018 2642 ex
1046 2586 1248 2658 quibus
1271 2597 1355 2640 est
1390 2584 1665 2653 Christus,
1705 2598 1759 2641 ut
1785 2603 1907 2656 qua:
1939 2589 1992 2641 in

390 2702 513 2762 ipso
541 2700 668 2742 vere
696 2687 814 2740 sine
867 2683 1177 2738 inversione
1226 2692 1283 2735 ct
1337 2680 1636 2734 mutatione
1684 2690 1996 2745 servantur,

394 2787 519 2849 post
588 2775 1067 2845 coniunctionem,
1138 2772 1481 2842 perspicuam
1561 2785 1788 2826 numero
1846 2770 2002 2826 diﬂ‘e-

396 2873 651 2934 rentiam,
697 2883 805 2938 quo
834 2865 1092 2938 Eutycltis
1120 2863 1372 2921 confusio
1407 2862 1655 2931 tollatur,
1708 2862 2003 2920 constitui-

396 2979 537 3018 mus.
564 2961 635 3017 Et
686 2961 739 3014 in
796 2972 1030 3030 persona
1093 2938 1539 3024 coniunctionem
1612 2965 1997 3026 agnoscentes,

392 3055 543 3109 clara
568 3066 701 3108 voce
727 3066 895 3106 unam
929 3049 1019 3105 Dei
1081 3047 1243 3105 Verbi
1302 3061 1555 3103 naturam
1636 3050 1999 3119 assumpsisse

392 3160 637 3211 carnem,
670 3144 962 3200 habentem
1003 3143 1241 3196 animam
1299 3148 1478 3195 mente
1506 3141 1807 3209 praeditam,
1843 3157 1997 3197 asse-

392 3239 568 3294 rimus
602 3246 792 3294 contra
850 3235 1090 3293 Nestorii
1120 3234 1467 3299 divisionem,
1497 3235 1590 3304 qui
1617 3248 1866 3304 personae
1892 3235 1996 3289 dif-

395 3328 684 3385 ferentiam
746 3328 800 3382 in
853 3326 1076 3381 Christo
1144 3323 1554 3395 pronuntiabat,
1609 3333 1665 3379 et
1750 3326 2000 3381 eamdem

392 3435 645 3491 persona:
677 3420 944 3475 rationem
975 3433 1096 3489 quae
1137 3428 1221 3476 est
1256 3417 1439 3475 carnis
1488 3432 1613 3472 cuin
1652 3414 1830 3474 Verbo
1882 3418 2002 3474 dis-

395 3513 645 3570 secabat.

902 3607 986 3663 Ea:
1016 3606 1200 3662 eadem
1229 3606 1498 3661 oratione.

468 3705 603 3761 Nam
648 3705 691 3760 si
709 3701 963 3760 Christus
1000 3710 1125 3772 post
1183 3700 1624 3771 coniunctionem
1656 3706 1740 3753 est
1777 3698 1918 3753 Deus
1948 3706 2004 3753 et

397 3797 581 3861 homo,
605 3795 761 3864 iuxta
789 3807 1134 3848 communem
1181 3792 1437 3846 ttimirum
1461 3787 1888 3856 confessionem,
1915 3804 2004 3842 res

400 3888 720 3944 numinibus
779 3896 1148 3957 congruentes
1180 3899 1306 3941 vere
1355 3884 1520 3938 habet
1566 3892 1690 3954 post
1740 3881 2001 3950 conjunc-

396 3984 629 4039 tionem.
688 3979 966 4037 Resenim
1021 3977 1343 4034 nominibus
1403 3974 1638 4047 propriis
1668 3976 2003 4045 praecedunt,

394 4089 498 4131 nec
529 4074 817 4145 quisquam
843 4085 1039 4127 nomen
1073 4085 1196 4126 esse
1225 4069 1425 4125 dixerit
1464 4071 1585 4123 sine
1622 4082 1701 4131 re,
1761 4082 1880 4136 qua'
1905 4081 2003 4137 per

395 4181 459 4221 se
499 4163 704 4219 nomini
736 4162 941 4233 praebet
969 4162 1336 4228 occasionem,
1369 4168 1423 4214 et
1439 4159 1569 4229 ipsa
1602 4158 1840 4213 vicissim
1868 4158 2006 4212 reci-

395 4258 478 4328 pit
504 4256 959 4312 declarationem.
992 4254 1146 4320 Quod
1176 4253 1224 4308 si
1275 4251 1527 4309 Christus
1568 4260 1691 4322 post
1746 4250 2007 4318 conjunc~

398 4348 605 4402 tionem
632 4359 739 4402 non
781 4344 944 4400 habet
972 4358 1082 4411 res,
1112 4358 1351 4415 quarum
1390 4352 1519 4398 sunt
1557 4341 1805 4409 nomina,
1857 4350 2003 4413 patet

2101 1855 2458 1926 ἀναγομένων
2485 1858 2710 1927 ἀτόμων
2747 1857 3008 1925 λέγεσθαι
3042 1857 3306 1927 πέφυκεν.

2543 1948 2647 2004 Ἐκ
2677 1949 2786 2003 τοῦ
2811 1951 3000 2006 αὑτοῦ
3029 1953 3246 2023 λόγου.

2174 2040 2397 2110 Ταύτην
2441 2041 2661 2113 ἔχοντες
2719 2042 2818 2115 τὴν
2868 2044 3166 2114 ὁμολογίαν
3197 2049 3385 2118 ἡμεῖς,
3441 2046 3566 2101 οὔτε
3602 2049 3704 2119 τὴν

2101 2133 2214 2187 τῶν
2242 2132 2461 2202 φύσεων
2492 2133 2758 2205 διαφορὰν
2815 2136 3132 2208 ἀρνούμεθα
3167 2140 3307 2210 μετὰ
3340 2142 3438 2209 τὴν
3474 2141 3699 2205 ἕνωσιν,

2102 2228 2161 2295 ἐξ
2195 2220 2269 2280 ὧν
2301 2229 2329 2281 6
2363 2221 2445 2291 εἷς
2492 2229 2755 2300 συνετέθη
2783 2230 3044 2299 Χριστὸς,
3074 2232 3423 2303 ἀσυγχύτους
3453 2250 3705 2305 μεμενη-

2102 2319 2255 2373 κέναι
2290 2318 2383 2382 τὰς
2413 2319 2609 2389 φύσεις
2635 2323 3010 2387 πιστεύοντες,
3039 2325 3166 2378 οὔτε
3194 2326 3294 2397 τὴν
3318 2326 3439 2380 καθ’
3466 2328 3708 2382 ὑπόστα-

2104 2431 2190 2467 σιν
2217 2412 2525 2483 ἀγνοοῦμεν
2557 2413 2779 2482 ἕνωσιν,
2812 2415 2909 2472 ἕνα
2952 2418 3044 2471 τὸν
3087 2418 3328 2489 Χριστὸν
3374 2420 3473 2490 τῆς
3513 2422 3705 2490 ἁγίας,

2105 2505 2199 2557 καὶ
2227 2504 2543 2575 ὁμοουσίου,
2568 2507 2661 2559 καὶ
2690 2508 3083 2581 προσκυνητῆς
3107 2509 3336 2580 ’τριάδος
3363 2511 3701 2581 ὁμολογοῦν-

2103 2614 2217 2663 τες,
2256 2596 2393 2651 ἀλλὰ
2425 2599 2520 2652 καί
2552 2599 2651 2670 τὴν
2678 2599 2946 2671 διαφορὰν
2994 2602 3105 2655 τῶν
3137 2600 3197 2668 ἐξ
3225 2597 3301 2658 ὧν
3330 2605 3480 2657 ἔστιν
3506 2608 3532 2657 6
3560 2606 3702 2676 Χριο

2107 2692 2231 2756 στος
2253 2692 2331 2754 ὡς
2352 2693 2410 2745 ὲν
2430 2692 2580 2762 αὐτῷ
2606 2692 2728 2747 κατ’
2752 2695 3017 2765 ἀλήθειαν
3054 2695 3381 2766 σωζομένων
3416 2697 3540 2769 δίχα
3566 2716 3703 2769 τροο

2103 2783 2213 2854 πῆς
2245 2785 2343 2837 καὶ
2373 2783 2692 2855 συγχύσεως
2712 2787 2852 2858 μετὰ
2882 2787 2982 2857 τὴν
3006 2788 3201 2842 ἕνωσιν
3228 2789 3316 2843 διὰ
3346 2789 3440 2843 τοῦ
3461 2790 3703 2861 ἀριθμοῦ

2103 2874 2367 2946 ποιοῦμεν
2407 2874 2714 2945 κατάδηλον
2748 2876 2886 2946 πρὸς
2920 2878 3208 2948 ἀναίρεσιν
3238 2880 3338 2949 τῆς
3390 2881 3486 2947 τοῦ
3522 2882 3704 2936 Εὐτυ-

2103 2970 2238 3041 χοῦς
2295 2974 2654 3043 συγχύσεως,
2703 2974 2800 3027 καὶ
2844 2972 2948 3044 τὴν
2999 2973 3124 3028 καθ’
3157 2975 3463 3031 ὑπόστασιν
3503 2977 3706 3031 ἕνωσιν

2106 3062 2580 3132 ἐπιγινώσκοντες
2611 3064 2922 3135 διαπρυσίῳ
2969 3066 3036 3135 τῇ
3082 3068 3235 3136 φωνῇ
3295 3068 3397 3136 τὴν
3440 3068 3573 3136 μίαν
3610 3068 3708 3121 τοῦ

2103 3154 2240 3209 Θεοῦ
2274 3156 2452 3224 Λόγου
2484 3156 2646 3225 φύσιν
2686 3157 3116 3226 σεσαρκωμὲνην
3150 3159 3317 3227 σαρκὶ
3336 3159 3514 3228 ψυχὴν
3545 3160 3708 3229 ἐχού-

2106 3265 2175 3320 σῃ
2223 3248 2323 3319 τὴν
2356 3250 2554 3320 vos.in
2603 3249 2747 3302 κατὰ
2797 3251 2897 3319 τῆς
2926 3250 3229 3321 Νεστορίου
3270 3252 3703 3322 προϐαλλόμεθα

2103 3341 2450 3416 διαιρέσεως,
2498 3342 2871 3413 ὑποστατικὴν
2902 3344 2993 3396 ἐπὶ
3030 3343 3269 3409 Χριστοῦ
3304 3346 3404 3417 τὴν
3433 3346 3707 3417 διαφορὰν

2104 3435 2604 3503 καταγγέλλοντος,
2661 3437 2756 3489 καὶ
2798 3437 3000 3506 σαρκὸς
3053 3438 3177 3492 καθ’
3216 3438 3519 3493 ὑπόστασιν
3568 3443 3707 3515 πρὸς

2105 3529 2198 3582 τὸν
2221 3529 2396 3597 Λόγον
2418 3530 2725 3600 ταυτότητα
2756 3529 3169 3601 διατέμνοντος.

2546 3620 2648 3673 Ἐκ
2680 3620 2788 3674 τοῦ
2830 3621 3019 3677 αὐτοῦ
3047 3623 3257 3691 λόγου.

2143 3699 2161 3705 ’
2182 3714 2243 3767 Ei
2271 3713 2380 3785 γὰρ
2416 3715 2549 3779 Θεὸς
2604 3714 2698 3768 καὶ
2729 3715 3018 3786 ἄνθρωπός
3061 3716 3178 3769 ἐστι
3208 3718 3348 3786 μετὰ
3380 3718 3479 3790 τὴν
3509 3720 3709 3773 ἕνωσιν

2106 3809 2132 3859 6
2156 3806 2419 3875 Χριστὸς,
2460 3808 2603 3859 κατὰ
2632 3808 2733 3876 τὴν
2756 3806 2946 3877 κοινὴν
2998 3807 3320 3877 ὁμολογίαν,
3362 3811 3611 3882 δηλονότι
3638 3816 3709 3869 sit

2107 3897 2416 3968 πράγματα
2445 3898 2556 3959 τοῖς
2590 3895 2852 3965 ὀνόμασιν
2886 3896 3025 3966 ἔχων
3057 3896 3391 3968 ἐπαληθεύει
3436 3901 3577 3970 μετὰ
3604 3902 3710 3973 τὴν

2106 3990 2323 4045 ἕνωσιν.
2356 3990 2439 4044 Τὰ
2464 3992 2574 4060 γὰρ
2613 3989 2922 4060 πράγματα
2978 3991 3439 4061 προεπινοοῦνται
3487 3992 3598 4045 τῶν
3627 4000 3710 4046 oi-

2107 4082 2275 4136 κείων
2309 4082 2615 4151 ὀνομάτων,
2646 4084 2743 4136 καὶ
2768 4082 2878 4135 οὐδ’
2919 4081 2987 4135 ἂν
3018 4076 3161 4138 εἶναι
3191 4082 3447 4156 δυνηθείη
3481 4087 3710 4140 πώποτε

2109 4175 2279 4247 χωρὶς
2328 4174 2656 4245 πράγματος
2689 4173 2865 4244 ὄνομα
2902 4173 2998 4227 τοῦ
3034 4177 3371 4248 παρέχοντος
3402 4177 3473 4230 δι’
3504 4180 3710 4233 ἑαυτοῦ

2108 4265 2187 4336 τῷ
2234 4265 2464 4335 ὀνόματι
2489 4267 2663 4329 θέσιν,
2699 4266 2795 4321 καὶ
2824 4267 3331 4340 ἁντιλαμὸάνοντος
3360 4271 3615 4342 δήλωσιν.
3646 4274 3713 4326 Ei

2110 4357 2167 4411 δὲ
2190 4360 2258 4412 τὰ
2282 4360 2612 4431 πράγματα,
2640 4354 2715 4414 ὧν
2756 4360 2863 4413 είσι
2890 4361 2959 4413 τὰ
2990 4361 3256 4431 ὀνόματα,
3293 4363 3392 4415 οὐκ
3425 4364 3539 4434 ἔχει
3564 4368 3712 4434 μετὰ

395 4455 523 4496 eum
557 4439 731 4496 nudas
762 4437 965 4494 habere
994 4437 1406 4508 appellationes,
1474 4436 1677 4508 quippe
1728 4451 1849 4506 qua:
1927 4433 1997 4490 de

2109 4453 2203 4524 τὴν
2226 4452 2426 4507 ἕνωσιν
2455 4454 2484 4507 6
2526 4451 2789 4522 Χριστὸς,
2840 4451 3008 4522 ψιλὰς
3041 4454 3164 4508 κατ’
3209 4455 3428 4521 αὐτοὺς,
3561 4473 3714 4509 κατα

396 4532 619 4589 nomine
647 4531 924 4598 dicantur,
955 4540 1011 4587 et
1041 4531 1205 4586 rebus
1241 4530 1371 4600 ipsis
1400 4531 1623 4600 privatae
1643 4528 1771 4585 sint.
1802 4527 1868 4584 Et
1892 4527 2000 4584 erit

399 4622 542 4679 Deus
570 4630 625 4677 et
655 4622 820 4679 homo
853 4622 1072 4676 nomine
1109 4629 1322 4675 tantum
1378 4619 1652 4684 Christus,
1676 4635 1787 4674 non
1815 4632 2000 4675 autem

400 4730 481 4780 re,
509 4726 568 4781 ut
608 4716 707 4785 ipsi
733 4718 995 4773 sentiunt.
1034 4715 1153 4781 Quo
1184 4713 1311 4785 quid
1356 4712 1465 4768 Deo
1532 4715 1712 4768 minus
1760 4728 2002 4783 congru-

397 4821 496 4862 ens
516 4786 649 4863 ‘esse
680 4816 846 4875 queat
877 4808 900 4861 ‘2
926 4805 1020 4861 Sin
1059 4808 1201 4861 hanc
1243 4805 1511 4860 insaniam
1543 4806 1813 4861 evitantes
1843 4819 2005 4860 voca-

403 4899 530 4954 bula
560 4899 612 4954 in
648 4899 869 4955 Christo
899 4901 1065 4954 rebus
1095 4900 1325 4969 spoliata
1366 4898 1648 4969 negabunt
1707 4908 1828 4968 post
1874 4912 2005 4953 eon-

394 4989 757 5060 iunctionem,
812 4989 1270 5060 quemadmodum
1348 5004 1455 5044 non
1512 4998 1764 5043 recusant
1822 4988 2004 5043 dicere

399 5084 537 5139 duas
605 5080 810 5136 Christi
867 5091 991 5150 post
1052 5079 1498 5150 coniunctionem
1583 5077 1999 5149 appellationes,

397 5176 535 5232 duas
557 5175 684 5228 item
719 5173 925 5227 Christi
957 5182 1078 5242 post
1134 5171 1577 5240 coniunctionem
1634 5180 1861 5226 natum
1922 5172 2007 5225 di-

399 5279 544 5334 cant,
576 5281 640 5323 es
682 5265 881 5338 quibus
901 5275 956 5318 et
986 5265 1038 5318 in
1070 5263 1265 5333 quibus
1288 5264 1564 5329 consistit,
1588 5278 1820 5335 quarum
1876 5274 2005 5317 sunt

398 5362 816 5435 appellationes.

610 5566 867 5633 Ejusdem
898 5567 961 5619 de
1002 5565 1308 5635 ili/ferentia
1360 5574 1409 5617 et
1460 5564 1782 5633 quantitate.

474 5661 648 5722 Quare
682 5662 762 5712 sic
819 5675 1105 5724 numerus,
1160 5673 1226 5712 cx
1264 5657 1484 5710 Patrum
1542 5658 1839 5722 sententia,
1898 5677 2003 5713 non

401 5748 662 5816 habitum,
700 5749 796 5809 sed
846 5763 1033 5807 rerum
1084 5748 1443 5820 quantitatem
1491 5748 1758 5820 designat.
1815 5750 2005 5807 Uttznis

2112 4545 2342 4617 μηδενὸς
2390 4546 2679 4616 κειμένας,
2728 4544 2867 4615 ἔχων
2904 4546 3253 4619 δειχθήσεται
3291 4551 3390 4610 τὰς
3421 4565 3710 4619 προσηγο-

2110 4639 2257 4709 ρίας,
2281 4638 2379 4691 καὶ
2409 4638 2759 4707 πραγμάτων
2783 4622 3051 4709 ἐρήμους,
3106 4641 3203 4692 καὶ.
3243 4639 3399 4693 ἔσται
3423 4640 3580 4706 Θεὸς,
3614 4644 3714 4696 καὶ

2108 4730 2399 4803 ἄνθρωπος
2434 4730 2595 4798 μόνον
2622 4730 2849 4800 ὀνόματι
2890 4731 3012 4782 κατ’
3033 4731 3235 4795 αὐτοὺς
3258 4731 3287 4783 6
3311 4732 3579 4803 Χριστὸς,
3613 4738 3710 4788 καὶ

2107 4821 2170 4873 o6
2223 4818 2534 4889 πράγματι.
2590 4813 2666 4873 Οὗ
2713 4821 2766 4874 τί
2818 4821 3016 4889 γένοιτ’
3063 4822 3130 4875 ἂν
3179 4822 3522 4894 ἀθεώτερονς
3564 4825 3700 4876 Είδὲ

2108 4913 2366 4967 τοσοῦτον
2396 4911 2634 4983 μανῆναι
2679 4913 2948 4982 παραιτοῦ
2960 4930 3136 4981 μενιι,
3172 4917 3331 4985 φαῖεν
3356 4916 3435 4985 μὴ
3462 4918 3703 4988 ἐρήμους

2110 5001 2252 5058 εἶναι
2278 5006 2628 5075 πραγμάτων
2654 5006 2747 5059 ἐπὶ
2772 5007 3014 5076 Χριστοῦ
3042 5011 3140 5070 τὰς
3164 5007 3545 5078 προσηγορίας
3567 5006 3713 5077 μετὰ

2108 5099 2209 5165 τήν
2232 5096 2449 5161 ἕνωσιν,
2496 5096 2690 5170 ὥσπερ
2713 5097 2774 5152 οὐ
2820 5101 3224 5170 παραιτοῦνται
3266 5099 3452 5168 λέγειν
3486 5099 3589 5163 τὰς
3614 5098 3716 5153 δύο

2109 5189 2205 5241 τοῦ
2239 5189 2483 5261 Χριστοῦ
2523 5192 2665 5260 μετὰ
2723 5191 2826 5263 τὴν
2869 5192 3069 5247 ἕνωσιν
3109 5194 3514 5266 προσηγορίας,
3560 5193 3717 5247 οὕτω

2111 5283 2207 5337 καὶ
2237 5286 2333 5347 τὰς
2365 5284 2457 5339 δύο
2494 5285 2589 5336 τοῦ
2626 5286 2870 5355 Χριστοῦ
2900 5286 3117 5357 φύσεις,
3153 5290 3214 5353 ἐξ
3244 5282 3340 5351 ὧν,
3376 5289 3475 5341 καὶ
3506 5291 3563 5341 ὲν
3617 5282 3715 5352 αἶς

2110 5377 2434 5448 συνέστηκε,
2468 5377 2781 5445 λεγέτωσαν
2816 5382 2957 5451 μετὰ
2976 5380 3075 5452 τὴν
3097 5374 3413 5447 ἓνωσιν,ὧν
3446 5382 3503 5436 αί
3537 5396 3710 5454 προσ-

2110 5470 2357 5541 ηγορίαι.

2221 5562 2331 5617 Τοῦ
2359 5562 2549 5618 αὐτοῦ
2590 5566 2722 5634 περὶ
2755 5564 3053 5638 διαφορᾶς
3084 5569 3185 5624 καί
3234 5572 3597 5640 ποσότητος.

2181 5656 2244 5707 Εἰ
2274 5656 2476 5724 τοίνυν,
2511 5660 2655 5711 κατὰ
2694 5660 2819 5723 τοὺς
2850 5661 3124 5732 Πατέρας,
3158 5665 3185 5716 6
3210 5665 3447 5735 ἀριθμὸς
3478 5667 3576 5721 τοῦ
3616 5688 3718 5724 πο-

2112 5750 2205 5803 σοῦ
2238 5748 2349 5803 τῶν
2404 5752 2775 5822 πραγμάτων,
2814 5753 2932 5808 ἀλλ’
2961 5756 3022 5809 οὐ
3051 5756 3153 5828 τῆς
3192 5758 3433 5826 σχέσεώς
3469 5760 3583 5811 ἐστι
3620 5762 3685 5831 δη
