4082 6406
387 316 410 379 1
422 318 528 381 033

1338 315 1722 376 I'ANOPLIA
1764 308 2224 373 DOGMATICA.
2264 332 2332 344 ·-
2372 310 2519 372 ΤΙΤ.
2557 311 2715 373 XVI.

3525 312 3659 374 103i.

377 432 627 497 λωτικὸς,
662 434 771 486 πᾶν
796 431 853 484 δὲ
898 432 1065 483 ποσὸν
1097 432 1381 501 ἑτερότητι
1408 430 1619 499 φυσικῇ
1657 426 1971 496 Θεωρούμε-

2083 432 2259 477 autem
2329 424 2605 491 quantitas
2656 421 2890 478 naturali
2952 421 3267 476 diversitate
3319 424 3659 479 considerata

374 542 489 590 νον,
515 524 780 593 διαφορὰν
820 525 1040 584 πάντως
1098 522 1427 593 ἐπιδέχεται,
1463 523 1728 593 διαφορὰν
1760 521 1817 573 δὲ
1870 520 1959 572 λέ-

374 634 565 685 γουσιν
602 619 697 668 ἐπὶ
757 612 1000 685 Χριστοῦ
1036 615 1276 683 φυσικὴν
1310 614 1451 685 μετὰ
1505 614 1602 684 τὴν
1633 614 1829 666 ἕνωσιν
1865 614 1959 666 καὶ

372 708 424 760 οἱ
454 710 518 777 τῇ
553 706 786 777 ἀληθείᾳ
820 707 1146 776 μαχόμενοι,
1200 708 1293 759 καὶ
1321 706 1380 758 τὸ
1431 706 1598 759 ποσὸν
1630 705 1743 758 τῶν
1771 706 1960 772 διαφε-

376 796 603 867 ρόντων,
638 790 699 849 οῦ
736 797 906 864 χωρὶς
939 793 1225 865 ἀμήχανον
1277 786 1420 869 εἶναι
1473 794 1759 864 διαφορὰν,
1820 794 1960 863 μετὰ

375 888 471 941 τοῦ
497 886 785 957 δηλοῦντος
818 886 952 940 αὐτὸ
981 884 1245 957 ἀριθμοῦ,
1265 881 1327 942 οὗ
1350 887 1519 957 χωρὶς
1544 885 1710 939 ποσὸν
1734 884 1962 939 καθόλου

375 980 688 1048 γνωσθῆναι
741 976 1026 1043 ἀδύνατον,
1092 976 1274 1045 λέγειν
1313 979 1512 1041 αὐτοὺς
1567 978 1781 1043 ἀνάγκη
1826 978 1966 1047 μετὰ

374 1070 474 1141 τὴν
522 1070 739 1131 ῑνωσιν.
788 1069 951 1138 εἴπερ
1002 1070 1144 1122 κατὰ
1173 1069 1273 1139 τὴν
1325 1068 1587 1123 εὔτακτον
1638 1068 1965 1122 ἀκολουθίαν

376 1163 782 1232 εὐσυνάρτητον
836 1165 928 1214 τὸν
980 1161 1075 1214 τοῦ
1106 1163 1312 1215 οἰκείου
1367 1162 1640 1232 δόγματος
1683 1161 1966 1226 ἀποδεῖξαι

380 1254 664 1322 βούλονται
690 1254 867 1322 λόγον.
903 1254 965 1308 Εἰ
996 1255 1052 1308 δὲ
1077 1256 1139 1308 τὸ
1184 1255 1351 1308 ποσὸν
1386 1248 1494 1309 τῶν
1530 1255 1859 1327 σωζομένων
1910 1256 1967 1307 ὲν

382 1347 602 1414 Χριστῷ
634 1346 854 1415 φύσεων
907 1346 1202 1414 ἀρνοῦνται
1253 1347 1391 1418 μετὰ
1420 1347 1520 1418 τὴν
1563 1346 1781 1414 ἕνωσιν,
1834 1348 1970 1416 μηδὲ

382 1439 482 1505 τὴν
515 1438 780 1507 διαφορὰν
807 1439 991 1499 λέγειν
1017 1439 1379 1510 τολμάτωσαν
1413 1439 1543 1505 τῶν,
1582 1437 1641 1504 ἐξ
1668 1436 1744 1493 ὧν
1768 1440 1796 1491 6
1836 1440 1967 1509 Χρι-

387 1530 508 1591 στός
536 1531 675 1594 ἐστι,
727 1529 948 1598 φύσεων
1003 1531 1143 1601 μετὰ
1171 1532 1271 1603 τὴν
1324 1531 1544 1596 ἕνωσιν,
1580 1533 1967 1599 γινώσκοντες,

383 1621 466 1672 ὅτι
511 1622 620 1673 πᾶν
662 1619 792 1674 εἴτι
845 1621 968 1675 καθ’
1015 1621 1197 1675 ὁτιοῦν
1251 1622 1366 1693 ἔχει
1395 1623 1684 1694 διαφορὰν,
1737 1624 1793 1676 ἓν
1830 1626 1973 1678 κατὰ

386 1713 566 1765 πάντα
613 1712 771 1781 λόγον
801 1731 861 1767 τε
893 1715 987 1767 καὶ
1012 1714 1215 1785 τρόπον
1261 1711 1399 1769 εἶναι
1433 1717 1494 1768 ού
1527 1716 1774 1771 δύναται.
1808 1717 1880 1769 Τὸ
1913 1716 1968 1769 δὲ

2064 510 2423 567 differentiam
2456 513 2679 567 omnino
2704 512 2955 582 suscipit,
3007 510 3368 566 differentiam
3436 529 3563 569 vero
3608 515 3660 567 in

2066 602 2291 657 Christo
2350 602 2653 657 naturalem
2713 613 2835 671 post
2892 602 3356 672 conjunCtionetn,
3415 601 3663 657 \eritatis

2064 692 2227 748 etiam
2262 702 2667 762 oppugnatores
2700 693 3029 758 concedunt,
3058 692 3428 748 differentium
3452 709 3667 761 quoque

2065 784 2569 852 quantitatem,sine
2600 797 2707 853 qua
2732 782 3037 860 differentia
3057 782 3311 854 cognosci
3335 798 3442 838 non
3466 794 3666 852 potest.

2068 890 2171 929 una
2203 890 2325 929 cum
2366 890 2593 931 numero
2616 860 2977 947 quantitatem
3020 876 3365 941 declarante,
3407 879 3525 932 sine
3560 892 3667 945 quo

2067 967 2345 1031 quantitas
2374 966 2488 1036 ipsa
2520 966 2773 1036 cognosci
2824 968 3034 1036 nequit,
3069 976 3191 1037 post
3231 968 3667 1037 coniunctionem

2068 1056 2273 1121 dicant,
2307 1072 2527 1112 necesse
2552 1066 2657 1122 est,
2684 1058 2726 1113 si
2782 1060 2940 1113 modo
2970 1067 3121 1113 recto
3179 1058 3489 1129 disputandi
3528 1060 3669 1113 ordi-

2074 1162 2140 1201 ne
2167 1157 2348 1217 aptam
2377 1148 2624 1219 (proprii)
2644 1149 2914 1219 dogmatis
2934 1149 3197 1205 rationem
3220 1150 3409 1205 volunt
3441 1152 3669 1203 demon-

2072 1247 2250 1291 strare
2288 1240 2475 1307 :quod
2532 1241 2577 1296 si
2626 1251 2938 1295 naturarum
2971 1241 3024 1294 in
3065 1240 3283 1295 Christo
3324 1248 3666 1295 servatatum

2072 1340 2194 1397 post
2219 1332 2677 1399 conjunctionem,
2706 1335 3067 1402 quantitatem
3127 1341 3349 1401 negant,
3416 1346 3482 1386 ne
3510 1331 3666 1384 diffe-

2075 1422 2300 1477 rentiam
2333 1424 2551 1491 quidem
2588 1434 2901 1479 naturarum
2947 1439 3011 1479 ex
3046 1424 3245 1493 quibus
3279 1435 3361 1479 est
3391 1423 3665 1487 Christus,
3723 1432 3743 1453 '

2075 1524 2194 1583 post
2222 1513 2663 1582 conjunctiouem
2696 1516 2933 1569 audeant
2973 1517 3154 1571 dicere
3184 1534 3197 1570 :
3232 1516 3489 1580 scientes,
3508 1517 3668 1584 quid-

2075 1604 2205 1673 quid
2233 1602 2413 1673 aliqua
2474 1604 2525 1657 in
2556 1618 2613 1656 re
2661 1603 3021 1659 differentiam
3082 1605 3265 1670 habet,
3322 1620 3486 1659 unum
3522 1604 3671 1659 omni

2078 1696 2285 1750 ratione
2313 1695 2550 1750 etmodo
2594 1710 2715 1751 esse
2766 1711 2871 1749 non
2904 1710 3083 1766 posse.
3128 1696 3280 1763 Quod
3303 1708 3478 1751 autem
3505 1713 3669 1749 unum

388 1805 467 1875 μὴ
497 1763 793 1875 δυνάμενον
845 1803 988 1859 εἶναι
1025 1763 1169 1862 κατὰ
1207 1809 1387 1861 πάντα
1423 1810 1583 1879 λόγον
1609 1828 1669 1864 τε
1716 1815 1811 1865 καὶ
1841 1812 1965 1881 τρό-

2083 1786 2220 1840 οιηιιί
2246 1787 2457 1840 ratiom:
2484 1788 2717 1840 etmodo
2745 1802 2864 1843 esse
2894 1763 2999 1842 non
3044 1798 3240 1858 potest,
3279 1788 3330 1844 id
3358 1789 3535 1857 aliqua
3558 1789 3672 1856 pla-

389 1911 492 1946 πον
523 1894 602 1960 ἓν,
635 1896 877 1965 δηλονότι
902 1898 1045 1952 κατά
1078 1915 1198 1951 τινα
1233 1897 1389 1966 λόγον
1418 1918 1475 1953 τε
1509 1904 1601 1954 καὶ
1623 1903 1845 1972 τρόπον,
1878 1902 1970 1955 δύο

386 1986 448 2038 τὸ
499 1987 784 2057 ἐλάχιστόν
835 1990 985 2042 ἐστιν
1017 1992 1050 2061 ἢ
1086 1992 1331 2049 πλείονα.
1389 1994 1601 2048 Οὖκοῦν
1634 1996 1691 2047 ὲν
1744 1993 1968 2063 Χριστῷ

391 2081 529 2151 μετὰ
557 2082 657 2150 τὴν
707 2083 902 2136 ἕνωσιν
929 2084 1180 2153 λέγοντες
1235 2083 1372 2141 εἶναι
1416 2089 1706 2159 διαφορὰν,
1742 2088 1799 2142 ἓν
1830 2091 1972 2143 κατὰ

392 2172 571 2225 πάντα
605 2171 764 2240 λόγον
789 2190 847 2225 τε
887 2176 981 2229 καὶ
1016 2176 1218 2246 τρόπον
1266 2180 1355 2231 τὸν
1387 2179 1626 2249 Χριστὸν
1656 2175 1796 2233 εἶναι
1834 2180 1973 2249 μετὰ

390 2266 489 2331 τὴν
519 2265 715 2319 ἕνωσιν
738 2267 916 2335 λέγειν
944 2269 1002 2320 οὑ
1033 2269 1314 2325 δύνανται.
1348 2272 1409 2324 El
1432 2272 1488 2324 δὲ
1516 2273 1592 2342 μὴ
1621 2275 1763 2326 κατὰ
1796 2276 1973 2326 πάντα.

392 2358 549 2425 λόγον
595 2376 655 2411 τε
707 2359 800 2412 καὶ
836 2363 1036 2430 τρόπον
1064 2361 1122 2414 ἓν
1154 2364 1302 2417 ἐστιν
1336 2365 1364 2417 6
1422 2363 1652 2434 Χριστὸς
1706 2367 1845 2435 μετὰ
1874 2366 1972 2432 τὴν

392 2450 609 2513 ἕνωσιν,
654 2449 833 2520 δῆλον,
867 2453 949 2505 ὅτι
1000 2455 1143 2508 κατά
1173 2473 1296 2509 τινα
1327 2455 1484 2522 λόγον
1514 2472 1574 2507 τε
1622 2457 1713 2507 καὶ
1770 2456 1974 2525 τρόπον

394 2542 489 2595 δύο
516 2541 732 2606 πάντως
756 2545 906 2597 ἐστὶν
935 2547 963 2599 6
994 2546 1226 2617 Χριστὸς
1265 2549 1407 2618 μετὰ
1438 2547 1536 2615 τὴν
1566 2546 1784 2601 ἕνωσιν.
1823 2547 1883 2599 Εἰ
1917 2546 1974 2599 δὲ

397 2635 539 2688 κατὰ
590 2652 714 2687 τινα
738 2635 897 2704 λόγον
920 2653 981 2688 τι
1007 2637 1102 2691 καὶ
1135 2638 1337 2708 τρόπον
1370 2637 1465 2691 δύο
1497 2639 1646 2690 ἐστὶν
1678 2639 1706 2691 6
1739 2635 1977 2708 Χριστὸς

400 2725 542 2794 μετὰ
580 2727 678 2796 τὴν
710 2726 929 2791 ἕνωσιν,
978 2727 1068 2781 διὰ
1114 2729 1213 2799 τὴν
1242 2732 1300 2783 ἐν
1334 2728 1505 2799 αὐτῷ,
1538 2730 1633 2782 καὶ
1666 2728 1724 2795 ἐξ
1760 2722 1855 2794 ὧν,
1881 2727 1980 2782 καὶ

399 2809 488 2878 αἷς
511 2816 626 2868 ἔστι
682 2816 921 2884 φύσεων,
946 2817 1234 2890 διαφορὰν,
1265 2820 1341 2883 ὡς
1384 2820 1582 2884 ἔδειξεν
1620 2821 1647 2873 6
1675 2820 1851 2889 λόγος,
1885 2821 1980 2889 δῆ-

402 2907 512 2971 λον,
547 2908 622 2969 ὡς
649 2906 907 2961 ἀσεϐοῦσι
935 2910 1193 2979 διακενῆς
1226 2912 1276 2963 οἱ
1308 2912 1405 2979 τὴν
1443 2913 1542 2981 μὲν
1572 2912 1840 2981 διαφορὰν
1870 2912 1978 2963 τῶν

404 3000 463 3064 ἐξ
492 2993 566 3055 ὧν
600 2999 719 3054 ἐστι
747 3001 964 3070 φύσεων
997 3004 1025 3055 6
1069 3004 1303 3073 Χριστὸς
1361 3003 1499 3073 μετὰ
1528 3003 1627 3073 τὴν
1664 3004 1858 3057 ἕνωσιν
1891 3003 1981 3056 λέ-

2076 1891 2144 1932 ne
2175 1877 2384 1931 ratione
2414 1886 2468 1930 et
2489 1878 2649 1933 modo
2694 1880 2894 1934 ‘saltem
2924 1892 3009 1935 est
3043 1882 3148 1935 duo
3183 1892 3277 1935 aut
3318 1884 3495 1951 plura.
3526 1881 3673 1946 Quo-

2077 1970 2222 2023 circa
2244 1968 2334 2038 qui
2359 1968 2414 2022 in
2444 1967 2665 2024 Christo
2705 1982 2825 2039 post
2855 1972 3297 2042 conjunctionem
3325 1971 3516 2027 dicunt
3548 1987 3669 2026 esse

2076 2058 2457 2123 dierrentiani,
2493 2074 2656 2113 unum
2682 2063 2826 2116 omni
2878 2064 3091 2118 ratione
3121 2072 3175 2118 et
3209 2065 3368 2119 modo
3395 2063 3667 2119 Christum

2078 2168 2199 2205 esse
2224 2167 2330 2204 non
2381 2166 2607 2218 possunt
2639 2155 2841 2207 dicere.
2877 2154 3027 2220 Quod
3065 2155 3109 2209 si
3145 2170 3248 2210 non
3275 2157 3421 2211 omni
3460 2160 3672 2210 ratione

2077 2254 2131 2297 et
2162 2245 2322 2297 modo
2357 2260 2498 2298 unus
2520 2251 2603 2298 est
2619 2244 2873 2300 Christus
2901 2261 3013 2315 posr
3038 2247 3502 2316 conjunctionem,
3526 2264 3671 2314 pers-

2079 2334 2296 2403 picuum
2327 2343 2411 2389 est
2446 2334 2723 2389 Christum
2770 2337 2951 2405 aliqua
3001 2337 3214 2393 ratione
3240 2348 3290 2393 et
3348 2339 3506 2393 modo
3553 2349 3673 2405 post

2079 2427 2517 2496 coniunctionem
2544 2428 2767 2483 omnino
2796 2442 2915 2484 esse
2954 2430 3084 2486 duo.
3112 2436 3180 2484 At
3234 2432 3280 2486 si
3326 2434 3533 2487 ratione
3569 2434 3671 2485 ali-

2079 2534 2183 2589 qua
2213 2527 2266 2572 et
2292 2519 2450 2574 modo
2507 2518 2764 2575 Christus
2796 2529 2916 2587 post
2959 2520 3397 2589 coniunctionem
3435 2535 3517 2579 est
3539 2526 3671 2588 duo.

2081 2618 2301 2675 prooter
2354 2618 2689 2673 naturarum,
2736 2625 2801 2665 ex
2835 2611 3052 2680 quibus,
3093 2622 3147 2667 et
3197 2614 3249 2668 in
3307 2615 3504 2685 quibus
3560 2626 3670 2681 est,

2080 2698 2541 2766 d;fi‘crentiam,ul
2576 2700 2788 2757 ratione
2834 2703 3264 2760 demonstratum
3313 2719 3415 2773 est,
3455 2722 3673 2765 constat

2084 2803 2177 2843 eos
2206 2804 2429 2857 prorsus
2460 2790 2624 2859 impie
2654 2791 2879 2858 sentire,
2925 2795 3016 2863 qui
3056 2794 3419 2852 differentiam
3453 2800 3670 2869 quidem

2087 2891 2431 2946 naturarum,
2454 2896 2521 2935 ex
2541 2883 2739 2951 quibus
2759 2892 2843 2938 est
2878 2883 3145 2950 Christus,
3178 2898 3297 2954 post
3333 2890 3675 2960 conjunctio-

2086 2982 2207 3025 nem
2227 2971 2433 3038 dicunt,
2457 2973 2600 3042 ipsas
2621 2983 2798 3029 autem
2825 2986 3045 3032 naturas
3062 2993 3295 3048 quarum
3318 2991 3397 3037 est
3419 2982 3672 3038 diﬂ‘eten-

404 3110 615 3160 γοντες,
646 3092 817 3155 αὑτὰς
847 3094 903 3146 δὲ
929 3093 1027 3157 τὰς
1056 3093 1247 3162 φύσεις
1272 3087 1347 3148 ὧν
1374 3096 1406 3163 ἡ
1431 3094 1668 3164 διαφορὰ
1694 3095 1979 3164 προφανῶς

2092 3062 2189 3127 tia,
2227 3070 2411 3132 aperte
2437 3063 2655 3119 silentio
2684 3066 2877 3121 tollunt
2903 3077 3022 3137 post
3044 3069 3497 3138 conjunctionem.
3538 3072 3674 3128 Vere

408 3183 757 3253 ἀναιροῦντες
792 3187 858 3255 τῇ
890 3187 1068 3257 σιωπῇ
1103 3188 1243 3256 μετὰ
1276 3187 1377 3255 τὴν
1410 3186 1630 3242 ἕνωσιν.
1678 3189 1987 3258 Ἀναίρεσις

409 3277 516 3345 γάρ
573 3277 723 3329 ἐστιν
767 3277 983 3347 ἀληθῶς
1023 3280 1056 3347 ἡ
1118 3280 1225 3331 τῶν
1280 3279 1451 3332 ὄντων
1506 3282 1600 3333 καὶ
1656 3280 1987 3351 σωζομένων

409 3364 720 3433 ὲξάρντβις.
762 3366 821 3418 Εἰ
870 3368 977 3436 γὰρ
1025 3369 1125 3421 οὐκ
1176 3369 1479 3438 ἀνῄρηνται
1532 3369 1654 3423 κατ’
1680 3371 1879 3433 αὐτοὺς
1932 3374 1987 3423 αἱ

410 3456 774 3533 φύσειςμετὰ
799 3458 898 3529 τὴν
928 3459 1145 3522 ἕνωσιν,
1172 3460 1267 3512 καὶ
1298 3461 1422 3521 εἰσὶ,
1452 3460 1548 3513 καὶ
1581 3457 1870 3527 σώζονται,
1893 3464 1989 3514 καὶ

408 3548 617 3601 δίκαιόν
670 3551 816 3602 ἐστιν
867 3550 1037 3613 αὑτὰς
1080 3550 1394 3619 σωζομένοις
1429 3549 1816 3621 ὁμολογεῖσθαι
1850 3550 1989 3620 μετὰ

408 3640 509 3710 τὴν
537 3638 756 3705 ἕνωσιν,
795 3642 853 3712 ἢ,
900 3642 1057 3713 εἴπερ
1096 3642 1170 3711 μὴ
1197 3641 1407 3695 δίκαιόν
1442 3644 1591 3695 ἐστιν
1618 3643 1791 3705 αὐτὰς
1822 3645 1989 3706 σωζο-

415 3729 586 3798 μένας
613 3731 996 3800 ὁμολογεῖσθαι
1031 3731 1167 3800 μετὰ
1226 3733 1322 3803 τὴν
1375 3732 1590 3797 ἕνωσιν,
1652 3736 1790 3803 μήτε
1820 3728 1986 3797 εἶναι,

417 3821 555 3890 μήτε
598 3814 1073 3891 σώζεσθαιλέγειν
1102 3824 1269 3885 αὑτὰς
1292 3824 1351 3875 ἒν
1387 3825 1608 3894 Χριστῴ
1635 3825 1842 3878 δίκαιόν
1874 3827 1989 3877 ἐστι

414 3911 536 3963 κατ’
559 3911 744 3975 αύεδν,
776 3911 870 3963 καὶ
925 3912 1241 3981 ἀνῄρηνται.
1284 3912 1347 3963 ’0
1379 3913 1486 3980 γὰρ
1522 3912 1598 3981 μὴ
1630 3911 1837 3964 δίκαιόν
1874 3913 1989 3964 ἐστι

416 4001 633 4065 πάντως
664 4003 1046 4071 ὀνομάζεσθαι,
1107 4003 1243 4073 μηδὲ
1285 4003 1346 4056 τὸ
1397 4003 1663 4072 παράπαν
1717 4005 1988 4073 ὑπάρχειν

416 4093 598 4163 πολλῷ
625 4096 870 4164 κρεῖττόν
902 4096 1070 4159 ἐστιν,
1101 4094 1176 4158 ὼς
1208 4090 1385 4165 οἶμαι,
1426 4096 1521 4149 καὶ
1547 4095 1883 4164 δικαιότερον
1905 4095 1992 4146 λέ-

416 4201 556 4253 γειν.
586 4185 798 4255 Ὥσπερ
829 4185 885 4238 δὲ
916 4186 1058 4238 κατὰ
1088 4186 1267 4239 πάντα
1294 4186 1451 4254 λόγον
1482 4203 1539 4239 τε
1571 4187 1665 4239 καὶ
1693 4186 1892 4256 τρόπον
1932 4185 1990 4238 ἓν

416 4278 515 4329 οὐκ
544 4278 691 4329 ἔστιν
720 4277 750 4329 6
780 4278 1014 4347 Χριστὸς
1043 4278 1180 4345 μετὰ
1211 4280 1311 4347 τὴν
1364 4278 1582 4343 ἕνωσιν,
1635 4277 1778 4331 οῦτω
1831 4279 1991 4332 πάλιν

418 4371 558 4421 κατὰ
594 4370 771 4423 πάντα
804 4370 961 4438 λόγον
1015 4387 1072 4423 τε
1112 4371 1207 4424 καὶ
1257 4372 1459 4440 τρόπον
1493 4372 1593 4425 οὐκ
1632 4371 1782 4424 ἔστιν
1810 4371 1992 4437 όΧρι-

419 4461 543 4522 στδς
567 4461 660 4513 δᾲο
694 4461 835 4531 μετὰ
855 4464 955 4531 τὴν
984 4460 1197 4516 ἕνωσιν.
1231 4462 1294 4515 Ei
1319 4461 1377 4513 δὲ
1418 4462 1497 4532 μὴ
1530 4461 1671 4515 κατὰ
1704 4462 1881 4515 πάντα
1909 4461 1993 4512 λό-

418 4568 515 4620 γον
543 4567 604 4604 τε
638 4554 731 4604 καὶ
781 4554 983 4622 τρόπον
1032 4555 1181 4606 ἐστὶν
1215 4553 1244 4605 6
1293 4553 1526 4622 Χριστὸς
1555 4552 1649 4605 δύο
1710 4550 1848 4620 μετὰ
1897 4550 1993 4619 τὴν

2090 3157 2234 3209 enim
2262 3155 2476 3223 tollunt,
2511 3156 2599 3225 qui
2639 3172 2701 3212 ea
2732 3172 2853 3227 quae
2883 3172 3009 3215 sunt
3035 3170 3090 3215 et
3114 3172 3422 3228 servantur,
3454 3178 3670 3232 negant.

2090 3249 2223 3304 Nam
2253 3249 2296 3305 si
2333 3259 2557 3306 naturas
2611 3260 2733 3320 post
2785 3252 3217 3321 conjunctionem
3281 3258 3517 3312 :ublatas
3566 3275 3671 3314 non

2092 3342 2443 3406 arbitrantur,
2464 3342 2557 3397 sed
2584 3357 2677 3397 eas
2700 3358 2820 3398 esse
2844 3348 3161 3416 servarique
3174 3349 3433 3416 sentiunt,
3457 3366 3671 3422 aequum

2090 3440 2175 3486 est
2202 3439 2261 3485 ut
2281 3446 2377 3487 eas
2404 3443 2522 3502 post
2551 3433 2988 3504 conjunctionem
3020 3449 3264 3495 servatas
3291 3442 3672 3497 confiteantur.

2092 3523 2196 3577 Aut
2223 3524 2267 3579 si
2284 3539 2494 3594 aequum
2518 3539 2624 3580 non
2646 3535 2729 3581 est
2749 3537 2806 3583 ut
2836 3542 2927 3583 eas
2958 3540 3079 3599 post
3099 3532 3536 3601 conjunctionem
3562 3552 3679 3591 ser-

2096 3627 2245 3670 vatas
2278 3614 2563 3681 fateantur,
2620 3632 2794 3687 neque
2838 3633 2959 3675 esse
2992 3636 3167 3690 neque
3228 3628 3433 3680 servari
3478 3629 3597 3683 illas
3622 3631 3673 3686 in

2092 3705 2317 3760 Christo
2348 3722 2443 3775 prr
2472 3705 2590 3760 illos
2616 3720 2827 3773 aequum
2861 3716 2941 3762 est
2971 3707 3172 3777 dicere,
3202 3722 3256 3766 et
3285 3715 3508 3770 sublata!
3526 3730 3674 3774 sunt.

2092 3796 2241 3862 Quod
2272 3796 2413 3849 enim
2442 3796 2662 3849 onmino
2689 3796 2954 3851 nominari
3005 3815 3217 3869 aequum
3249 3819 3356 3858 non
3391 3820 3495 3874 est,
3527 3809 3578 3862 id
3607 3828 3677 3865 ne

2092 3900 2214 3940 esse
2246 3886 2485 3954 quidem,
2528 3894 2590 3941 ut
2626 3900 2728 3955 ego
2779 3888 2974 3951 sentio,
3036 3891 3207 3947 satius
3267 3904 3322 3948 et
3354 3898 3561 3966 {nquius
3596 3913 3680 3958 est

2093 3977 2306 4041 dicere;
2340 3991 2522 4030 Verum
2552 3988 2609 4031 ut
2630 3978 2774 4031 omni
2808 3978 3016 4034 ratione
3036 3990 3090 4035 et
3118 3985 3280 4039 modo
3299 3984 3546 4053 Christus
3566 4009 3676 4050 non

2093 4080 2175 4125 est
2202 4085 2365 4123 unum
2397 4078 2515 4138 post
2528 4068 2989 4139 conjunctionem,
3012 4075 3088 4128 ita
3114 4093 3302 4135 rursus
3336 4084 3480 4137 omni
3509 4087 3675 4143 ratio-

2096 4177 2165 4216 ne
2194 4172 2246 4216 et
2277 4161 2436 4216 modo
2460 4159 2711 4217 Christus
2726 4178 2831 4218 non
2852 4173 2935 4221 est
2955 4169 3059 4222 duo
3080 4180 3198 4237 post
3216 4174 3671 4244 coniunctionem.

2095 4261 2246 4326 Quod
2281 4260 2326 4314 si
2369 4276 2472 4313 non
2504 4261 2649 4315 omni
2686 4264 2889 4318 ratione
2922 4273 2974 4320 et
2999 4266 3162 4324 modo
3193 4280 3313 4337 post
3337 4275 3679 4344 eonjunctio-

2099 4368 2242 4416 nem,
2277 4354 2522 4406 Chrisms
2566 4362 2649 4407 est
2696 4354 2824 4423 duo,
2880 4356 3059 4426 aliqua
3115 4362 3337 4416 omnino
3392 4370 3597 4423 ratione
3624 4381 3678 4425 et

2050 4424 2069 4462 ⁵
2104 4445 2280 4503 modo.
2319 4458 2509 4509 nempe
2538 4457 2633 4511 per
2657 4460 2819 4500 unam
2866 4451 3222 4521 eamdemque
3253 4468 3559 4525 personam,
3581 4476 3676 4530 per

2093 4550 2252 4603 quam
2279 4534 2477 4586 habere
2522 4532 2887 4590 differentiam
2938 4552 3046 4592 non
3096 4552 3293 4609 potest,
3318 4546 3563 4603 Christus
3591 4560 3677 4606 est

418 4644 637 4710 ἕνωσιν,
674 4644 893 4709 πάντως
941 4648 1085 4700 κατά
1115 4663 1237 4699 τινα
1269 4646 1425 4713 λόγον
1458 4662 1517 4698 τε
1565 4644 1662 4697 καὶ
1683 4643 1884 4713 τρόπον
1907 4641 1979 4694 διὲ

2095 4639 2283 4676 unum.
2328 4622 2689 4687 Quamobrem
2734 4640 2855 4679 cum
2889 4626 2994 4681 alia
3036 4639 3199 4698 atque
3243 4634 3345 4687 alia
3393 4638 3597 4693 ratione
3622 4651 3675 4693 et

420 4736 520 4805 τὴν
554 4737 924 4807 ὑποστατικὴν
957 4739 1282 4808 ταυτότητα,
1336 4738 1505 4807 ἤγουν
1556 4741 1655 4805 τὴν
1698 4736 1826 4805 μίαν
1857 4734 1993 4786 ὑπό-

424 4844 638 4892 στασιν,
668 4827 790 4880 καθ’
813 4829 879 4899 ἣν
916 4830 1177 4897 διαφορὰν
1212 4828 1355 4898 ἔχειν
1388 4830 1447 4881 ού
1473 4828 1717 4889 δύναται,
1758 4826 1817 4879 ἓν
1845 4826 1993 4878 ἐστιν

2095 4714 2253 4767 modo
2285 4730 2448 4766 unum
2491 4722 2544 4767 et
2577 4714 2683 4767 duo
2716 4714 2852 4768 idem
2883 4716 2972 4781 sit,
3021 4725 3392 4778 necessarium
3438 4738 3542 4797 est,
3568 4748 3674 4802 qua

2094 4802 2301 4856 ratiOne
2326 4818 2515 4869 unum,
2549 4812 2601 4856 el
2632 4819 2735 4871 qua
2758 4806 2875 4873 duo
2900 4806 3036 4861 idem
3073 4810 3165 4874 sit,
3199 4816 3565 4875 considerare.

423 4922 452 4972 6
482 4921 739 4989 Χριστός.
796 4918 951 4971 Ἐπεὶ
978 4919 1070 4972 οῦν
1106 4922 1226 4972 κατ’
1282 4918 1443 4973 ἄλλον
1494 4920 1588 4973 καὶ
1631 4920 1790 4975 ἀλλον
1846 4918 2001 4985 λόγον
2037 4932 2095 4967 τε
2136 4915 2231 4967 καὶ
2264 4915 2465 4984 τρόπον
2505 4912 2585 4982 ἓν,
2617 4915 2709 4970 καὶ
2739 4916 2833 4971 δύο
2866 4918 3013 4972 ἐστὶν
3064 4923 3091 4973 6
3122 4923 3280 4987 c1626;
3307 4965 3322 4991 ,
3375 4930 3675 4999 ἀναγκαῖον

427 5012 705 5080 σκοπῆσαι
754 5012 895 5062 κατὰ
945 5013 1116 5075 ποῖον,
1170 5011 1268 5064 καὶ
1302 5014 1452 5063 ποῖον
1479 4999 1647 5079 λόγον
1681 5011 1741 5063 ἓν
1775 5011 1925 5060 ἐστιν
1970 5009 1998 5059 6
2025 5005 2206 5067 αὐτὸς,
2243 5006 2334 5056 καὶ
2365 5003 2478 5058 δύο.

429 5123 539 5178 Τοῦ
590 5123 777 5177 αὐτοῦ
813 5123 881 5176 ἐκ
915 5122 1025 5190 τῆς
1073 5126 1220 5191 πρὸς
1246 5124 1596 5178 θαλάσσιον
1629 5123 1720 5188 ξβ¹
1747 5123 1998 5190 ἀποκρί-

1129 5210 1303 5260 σεως.

510 5286 567 5340 '0
597 5287 801 5357 Κύριος
834 5286 993 5355 ἡμῶν
1024 5286 1227 5356 Ἰησοῦς
1269 5288 1521 5355 Χριστὸς,
1554 5287 1582 5338 6
1604 5285 1699 5343 τοῦ
1725 5285 1859 5339 Θεοῦ
1893 5303 1998 5354 μο-

2204 5117 2455 5186 Ejusdem
2470 5131 2535 5169 ex
2550 5118 2875 5241 resporﬁerlte
2899 5125 3221 5203 sexagesima
3249 5134 3476 5187 secunda
3500 5140 3568 5188 ad

2788 5206 2818 5241 a
2841 5206 3063 5241 assium-

2788 5206 3063 5249 amasium.

2170 5279 2432 5333 Dominus
2483 5289 2667 5334 noster
2719 5280 2877 5337 Jesus
2934 5281 3184 5343 Christus
3239 5293 3551 5361 unigenitus
3583 5300 3673 5352 Dei

424 5383 650 5451 νογενὴς
671 5380 796 5444 Υἱὸς
827 5383 916 5430 καὶ
940 5381 1134 5449 Λόγος.
1165 5385 1191 5435 6
1223 5381 1290 5434 δι’
1315 5382 1508 5435 ἑαυτὸν
1543 5381 1641 5451 μὲν
1674 5382 1815 5433 κατὰ
1839 5380 1979 5449 φύσκ

2098 5367 2266 5423 Filius
2293 5379 2348 5424 et
2374 5366 2630 5434 Verbum,
2655 5371 2745 5439 qui
2779 5386 2874 5441 per
2895 5389 2953 5429 se
2971 5377 3148 5446 ipsum
3198 5390 3392 5435 natura
3447 5384 3673 5453 simplex

426 5474 633 5537 ἁπλοῦς
661 5474 755 5539 ὢν,
787 5474 880 5527 καὶ
922 5475 1007 5527 ἀεὶ
1036 5474 1326 5545 διαμένων,
1355 5476 1425 5527 δι’
1453 5475 1552 5543 ἐμὲ
1580 5476 1637 5529 δὲ
1668 5475 1806 5528 κατὰ
1831 5475 2000 5543 πρόσ-

426 5569 589 5637 ληψιν
619 5565 817 5636 σαρκὸς
847 5566 1047 5634 νοερῶς
1076 5568 1518 5639 ἑνεψυχωμένης,
1549 5569 1623 5631 ὡς
1643 5564 1783 5620 οϊδεν
1810 5567 1994 5631 αὐτὸς,

426 5659 721 5727 γενόμενος
772 5655 895 5708 καθ’
926 5657 1223 5711 ὑπόστασιν
1282 5659 1555 5722 σύνθετος,
1589 5658 1712 5712 οὔτε
1770 5662 1836 5729 τῇ
1874 5659 1996 5712 κατ’

426 5752 596 5823 ἄκρον
650 5749 786 5815 πρὸς
814 5748 912 5817 τὴν
943 5750 1120 5818 σάρκα
1158 5748 1278 5802 καθ’
1326 5750 1622 5804 ὑπόστασιν
1651 5748 1840 5805 ὲνώπει
1886 5750 1987 5823 τὴν

670 5842 917 5903 Parnm.
981 5845 1097 5905 (in.
1143 5846 1399 5909 CXXX.

2100 5472 2202 5523 εει,
2235 5468 2288 5514 et
2317 5474 2532 5528 semper
2550 5473 2855 5529 permanet,
2888 5476 3106 5535 prepter
3133 5483 3217 5521 me
3244 5480 3423 5525 autem
3449 5488 3670 5531 carnem

2106 5565 2390 5605 assumens
2407 5551 2585 5606 anima
2618 5553 2934 5623 rationeque
2950 5559 3250 5625 praeditam,
3289 5560 3461 5616 factus
3488 5578 3552 5618 ea
3584 5582 3671 5621 ra-

2108 5642 2274 5705 tione,
2293 5657 2451 5710 quam
2482 5643 2593 5712 ipse
2620 5646 2788 5709 novit,
2808 5646 2858 5701 in
2883 5660 3113 5715 persona
3131 5654 3481 5722 compositus,
3505 5672 3679 5727 neque

2109 5749 2317 5789 summa
2337 5749 2459 5788 cum
2482 5748 2647 5790 carne
2671 5736 2720 5789 in
2741 5752 2969 5807 persona
2996 5744 3378 5813 conjunctione
3403 5744 3680 5804 confusio-

3246 5858 3320 5929 3.3
