4082 6396
422 260 568 323 1035

1594 198 1603 204 ⁵
1663 250 2047 315 EUTllYMlI
2082 249 2448 313 ZIGABENI

3560 234 3697 300 10"6

424 391 548 430 nem
576 375 629 428 in
661 382 907 429 naturam
961 386 1122 427 unam
1157 368 1413 441 suscepit,
1446 381 1620 438 neque
1646 382 1855 424 summa
1882 382 2000 425 cum

2111 364 2190 427 εἰς
2222 364 2354 434 μίαν
2387 360 2550 431 φύσιν
2582 356 2945 426 προσεδέξατο
2993 353 3275 430 σύγχυσιν,
3302 347 3425 402 οὔτε
3454 349 3519 416 τῇ
3570 336 3692 399 κατ’

422 479 586 520 carne
607 479 701 534 per
772 472 1019 519 naturam
1069 460 1373 517 diﬂcrentia
1406 461 1456 521 in
1505 460 1747 528 geminos
1800 457 2009 513 divisus

421 566 506 611 cst
538 556 695 610 ﬁlios.
758 555 1033 611 Summam
1087 550 1295 621 appello
1355 549 1407 604 in
1454 562 1680 619 persona
1736 549 2006 617 conjunc-

422 644 623 700 tionem
650 660 772 714 quae
805 644 950 709 nullo
983 652 1139 711 pacto
1163 638 1327 697 dividi
1368 648 1581 709 poteSI;
1614 654 1879 701 summam
1909 654 2009 695 au-

422 742 529 789 tem
566 751 687 791 cum
713 750 877 791 carne
921 732 1283 789 diﬂ'erentiam
1318 744 1441 800 qua!
1502 728 1760 787 confundi
1786 745 2010 798 prorsus

419 825 630 892 nequit,
655 834 747 878 aut
780 823 1078 883 immutari,
1105 821 1369 889 Quoniam
1400 820 1580 877 carnis
1606 836 1637 877 a
1666 820 1773 883 Deo
1794 836 2010 893 suscep-

417 924 486 971 ta:
517 916 830 987 mysterium
860 929 965 971 non
999 914 1231 968 admittit
1283 913 1335 967 in
1365 927 1593 983 persona
1640 911 2006 968 differentiam

419 1014 635 1075 propter
661 1004 964 1059 naturalem
996 1019 1184 1058 eorum
1212 1018 1277 1058 ex
1313 1004 1512 1073 quibus
1547 1012 1785 1067 constat,
1820 1002 2005 1058 diver-

418 1101 651 1162 sitntem,
680 1112 744 1151 ne
769 1100 851 1151 vel
912 1097 1196 1152 Trinitatis
1255 1096 1574 1169 mysterium
1632 1094 2001 1150 accessionem

416 1189 664 1259 aenipiat,
693 1189 774 1243 vel
802 1188 1095 1259 quidquam
1124 1190 1195 1244 sit
1241 1188 1482 1258 ejusdem
1540 1202 1665 1247 cum
1718 1186 2009 1242 Divinitate

416 1280 650 1347 generis,
679 1288 770 1331 aut
818 1278 1074 1333 essentia:
1126 1293 1222 1348 per
1281 1289 1553 1333 naturam.
1593 1277 1830 1331 Duarum
1861 1281 2004 1332 enim

417 1381 729 1425 naturarum
762 1369 815 1424 in
850 1384 1009 1424 unam
1039 1383 1353 1438 personam,
1406 1384 1511 1422 non
1542 1382 1725 1423 antem
1757 1368 1811 1421 in
1841 1383 2005 1431 unam

416 1472 665 1525 naturam
685 1477 984 1518 concursus
1007 1471 1089 1519 est
1121 1462 1322 1529 factus,
1355 1471 1413 1517 ut
1443 1470 1498 1517 et
1528 1476 1696 1518 unum
1736 1461 1788 1516 in
1815 1475 2002 1530 perso—

414 1567 483 1606 na
507 1566 574 1606 ex
601 1552 811 1605 naturis
872 1561 1062 1606 mutuo
1103 1551 1553 1607 concurrentibus
1592 1567 1688 1619 per
1745 1552 2005 1623 conjunc-
2055 1595 2068 1611 .

415 1645 614 1707 tionem
638 1642 936 1712 perfectum
969 1643 1305 1708 ostendatur,
1338 1652 1393 1697 et
1413 1659 1602 1703 earum
1638 1644 1704 1698 ad
1732 1645 1998 1714 cOnjunc-

2112 454 2281 524 ἄκρον
2313 451 2449 522 πρὸς
2499 450 2597 521 τὴν
2651 449 2829 519 σάρκα
2861 445 3003 505 κατὰ
3052 443 3213 513 φύσιν
3266 438 3504 509 διαφορᾲ
3551 439 3693 504 πρὸς

2112 546 2245 599 υίῶν
2280 544 2446 598 δυάδα
2481 540 2718 614 ἐτμήθη.
2754 541 2960 610 ’Δκρον
2991 536 3046 589 δέ
3105 549 3249 604 φημι
3304 531 3403 600 τῆι,
3440 532 3541 600 μὲν
3566 527 3690 582 καθ’

2112 638 2409 691 ὑπόστασιν
2440 635 2687 695 ἐνώσεως
2733 631 2795 686 τὸ
2829 627 3112 690 παντελῶς
3144 623 3474 694 ἀδιαίρετον,
3507 621 3606 690 τῆς
3635 619 3695 673 δὲ

2111 732 2256 789 κατά
2286 731 2445 798 φύσιν
2476 728 2740 799 διαρορᾶς
2788 727 2959 794 ἀκρον
3008 723 3070 777 τὸ
3124 720 3413 782 παντελῶς
3448 716 3696 787 ἀσύγχυ-

2108 842 2201 878 τον
2235 826 2325 879 καὶ
2354 821 2711 883 ἀναλλοίωτον
2747 835 2762 850 ο
2813 819 2895 870 ὅτι
2928 816 3062 887 μηδὲ
3098 812 3466 881 συνεπάγεται
3499 825 3699 862 παντε-

2110 911 2217 974 λῶς
2245 914 2312 981 τῇ
2342 911 2483 963 κατὰ
2516 909 2680 979 φύσιν
2713 907 2821 960 τῶν
2850 904 2909 972 ἐξ
2940 899 3014 964 ὧν
3047 904 3384 973 συνέστηκεν
3411 902 3700 973 ἑτερότητι

2110 1004 2206 1056 καὶ
2241 1004 2339 1073 τὴν
2376 1002 2498 1057 καθ’
2530 1001 2832 1055 ὑπόστασιν
2861 999 3131 1070 διαφορὰν
3165 996 3227 1049 τὸ
3262 995 3569 1069 μυστήριον
3591 994 3697 1062 τῆς

2110 1096 2261 1159 θείας
2290 1094 2653 1166 σαρκώσεωςσ
2687 1094 2747 1148 τὸ
2803 1092 2922 1161 μὲν,
2963 1091 3049 1144 ἵνα
3097 1091 3170 1161 μὴ
3203 1088 3526 1163 προσθήκην
3556 1088 3698 1157 λάϐῃ

2110 1192 2170 1241 τὺ
2201 1190 2298 1257 τῆς
2334 1188 2567 1258 Τριάδος
2625 1186 2954 1257 μυστήρον,
3016 1184 3075 1237 τὸ
3105 1183 3184 1247 δὲ,
3241 1182 3329 1238 ἵνα
3365 1176 3594 1255 μηδὲνῇ
3634 1185 3700 1249 τῇ

2110 1286 2339 1351 Θεότητι
2386 1285 2526 1335 κατὰ
2578 1280 2742 1349 φύσιν
2799 1278 3062 1349 ὁμογενὲς
3096 1276 3191 1329 καὶ
3247 1273 3554 1343 ὀμοούσιον.
3590 1275 3700 1325 Δύο

2112 1378 2221 1448 γὰρ
2276 1373 2493 1445 φύσεων
2530 1374 2668 1443 πρὸς
2723 1372 3049 1435 ὑπόστασιν,
3103 1366 3310 1421 ἀλλὀὑ
3346 1366 3481 1434 πρὸς
3537 1365 3706 1432 φύσιν

2112 1470 2242 1541 μίαν
2263 1470 2454 1538 γέγονε
2494 1466 2713 1531 σύνοδος
2740 1482 2753 1496 ·
2794 1466 2880 1518 ἵνα
2911 1464 3006 1519 καὶ
3038 1462 3099 1516 τὸ
3128 1460 3255 1514 καθ’
3289 1459 3587 1511 ὑπόστασιν
3621 1455 3705 1517 ἓν,

2107 1561 2172 1615 ὲκ
2208 1559 2318 1613 τῶν
2346 1558 2607 1627 ἀλλήλαις
2641 1553 3070 1628 συνδραμουσῶν
3100 1550 3315 1621 φύσεων
3344 1547 3532 1619 δειχθῇ
3562 1545 3707 1599 κατᾶ

2107 1648 2206 1716 τὴν
2263 1649 2459 1702 ἕνωσιν
2521 1645 2993 1716 ἀποτελούμενον·
3044 1642 3138 1694 καὶ
3189 1639 3251 1690 τὸ
3300 1637 3558 1706 διάφορον
3596 1634 3708 1688 τῶν

416 1736 614 1790 lienem
663 1733 1039 1789 indivisibilem
1086 1747 1183 1803 per
1242 1736 1544 1790 naturalem
1602 1736 1988 1808 preprietatem

2104 1741 2472 1795 συνελθόντων
2526 1738 2661 1809 πρὸς
2712 1740 2810 1811 τὴν
2863 1735 3237 1790 ἀδιάσπαστον
3291 1726 3705 1794 ἓνωσιν,κατὰ

411 1826 846 1881 convenientium
912 1824 1211 1881 diﬂerentia
1264 1826 1535 1893 credatur,
1572 1842 1692 1897 qua:
1723 1827 1842 1885 sine
1864 1843 1986 1883 mn-

2100 1834 2205 1904 τὴν
2255 1830 2494 1900 φυσικὴν
2540 1829 2782 1898 ἰδιότητα
2817 1824 3086 1896 πιστευθῇ
3116 1823 3302 1893 πάσης
3340 1820 3498 1884 ἐκτὸς
3544 1820 3708 1875 μένον

409 1918 610 1974 latione
641 1917 1065 1989 confusioneque
1120 1927 1355 1977 maneat.
1407 1919 1465 1972 Si
1520 1920 1664 1974 enim
1716 1921 1784 1977 ad
1849 1921 1990 1985 alius

2104 1926 2306 1997 τροπῆς
2344 1922 2438 1976 καὶ
2467 1918 2809 1991 συγχύσεως.
2836 1916 2896 1970 Ei
2927 1919 3040 1984 γὰρ
3066 1913 3202 1984 πρὸς
3234 1911 3449 1982 φύσεως
3482 1912 3707 1978 γένεσιν

410 2020 618 2066 naturae
640 2012 1071 2080 generationem,
1103 2020 1416 2069 naturarum
1467 2026 1770 2069 concursus
1816 2013 1993 2077 factus

2104 2019 2131 2087 ἡ
2164 2015 2274 2069 τῶν
2314 2013 2528 2083 φύσεων
2591 2010 2783 2080 γέγονε
2817 2008 3070 2070 σύνοδος,
3095 2005 3468 2073 ἀδιάγνωστον
3518 2001 3585 2056 ἂν
3636 1997 3710 2072 ἦ)

407 2111 512 2168 est,
541 2102 734 2158 salutis
757 2110 956 2167 nostrae
990 2105 1303 2172 mysterium
1337 2102 1495 2159 nobis
1535 2105 1759 2161 omnino
1797 2107 1869 2161 sit
1901 2106 1990 2161 in-

409 2199 707 2267 cognitum.
736 2195 919 2266 Neque
947 2196 1090 2251 enim
1123 2195 1409 2261 habemus,
1438 2196 1599 2261 unde,
1641 2207 1734 2252 aut
1763 2213 1992 2268 quomo-

409 2288 479 2343 do
509 2288 781 2356 possimus
794 2287 887 2343 Dei
911 2286 1235 2349 descensum
1264 2290 1330 2349 ad
1357 2305 1454 2347 nos
1480 2289 1803 2359 intelligere,
1828 2305 1992 2353 carne

408 2394 505 2449 per
540 2379 1047 2450 conjunctionemin
1080 2388 1328 2435 naturam
1365 2381 1601 2435 divinant
1645 2391 1879 2447 mutata,
1901 2393 1995 2439 aut

409 2479 600 2526 natura
619 2471 801 2526 divina
818 2472 870 2525 in
892 2472 1075 2528 carnis
1098 2474 1386 2535 essentiam
1416 2488 1702 2541 conversa,
1727 2485 1817 2531 aut
1843 2484 1994 2529 utra-

406 2576 509 2629 que
540 2561 593 2613 in
621 2561 760 2616 alius
792 2576 821 2614 a
850 2575 909 2619 se
952 2562 1176 2623 diversze
1202 2573 1412 2619 naturae
1459 2563 1867 2632 generationem
1901 2578 1997 2634 per

409 2652 716 2707 inistionem
751 2651 998 2717 confusa,
1038 2662 1227 2717 neutra
1280 2654 1493 2713 illarum
1523 2669 1591 2717 ex
1640 2655 1840 2725 quibus
1891 2664 1997 2723 est,

409 2754 604 2798 natura
641 2745 905 2800 rationem
957 2758 1113 2801 suam
1152 2745 1418 2815 integram
1447 2754 1832 2803 conservante.
1862 2746 1997 2801 Nam

407 2834 521 2887 sive
552 2832 605 2887 in
641 2834 935 2891 divinitatis
953 2845 1201 2895 naturam
1226 2850 1355 2891 caro
1383 2851 1646 2897 conversa
1693 2836 1782 2900 sit,
1812 2838 1928 2892 sive
1944 2837 1997 2892 in

406 2938 626 2980 carnem
657 2936 851 2979 natura
881 2925 1207 2990 divinitatis,
1234 2928 1351 2980 sive
1371 2924 1775 2996 coniunctionis
1803 2928 1854 2981 in
1892 2944 1999 2991 una

408 3023 601 3077 natura
637 3014 829 3070 modus
861 3015 927 3069 ad
961 3016 1100 3077 alius
1130 3026 1336 3071 naturae
1378 3017 1446 3071 ab
1475 3018 1606 3085 ipsis
1638 3017 1869 3074 diversae
1903 3035 1996 3089 ge-

2100 2111 2232 2181 ἡμῖν
2285 2104 2561 2167 παντελῶς
2619 2103 2680 2155 τὸ
2736 2101 2834 2171 τῆς
2864 2099 3024 2170 ἡμῶν
3063 2097 3342 2166 σωτηρίας
3400 2098 3712 2166 μυστήριον

2099 2197 2200 2251 οὑκ
2238 2196 2423 2268 ἔχουσι
2456 2191 2698 2263 πόθεν,ἦ
2733 2190 2849 2252 πῶς
2880 2188 3180 2260 δυνηθῆναι
3214 2187 3407 2258 μαθεῖν
3435 2187 3536 2255 τὴν
3562 2187 3704 2258 πρὸς

2101 2287 2375 2372 ἠμᾶςοτοῦ
2399 2285 2535 2340 Θεοῦ
2559 2284 2992 2352 συγκατάδασιν,
3013 2282 3094 2345 είς
3121 2279 3221 2351 τὴν
3245 2279 3397 2333 θείαν
3421 2279 3585 2350 φύσιν
3616 2279 3709 2333 διὰ

2104 2380 2204 2452 τὴν
2232 2370 2429 2433 ἕνωσιν
2459 2376 2560 2448 τῆς
2607 2376 2810 2447 σαρκὸς
2844 2374 3311 2442 μεταϐληθείσης,
3346 2372 3379 2442 ἢ
3416 2371 3519 2441 τῆς
3549 2370 3706 2434 θείας

2104 2474 2183 2537 εἰς
2207 2472 2308 2543 τὴν
2343 2471 2441 2542 τῆς
2468 2467 2671 2540 σαρκὸς
2703 2467 2896 2522 οὐσίαν
2919 2466 3393 2539 μετατραπείσης,
3424 2463 3459 2535 ἧ
3495 2466 3709 2532 ἀμφοῖν

2106 2564 2245 2636 πρὸς
2298 2562 2467 2632 ἄλλης
2512 2560 2645 2632 παρ’
2671 2560 2875 2622 ἑαυτὰς
2911 2558 3135 2626 γένεσιν
3195 2556 3338 2611 κατὰ
3393 2572 3517 2609 τινα
3561 2554 3709 2625 μίξιν

2111 2652 2559 2726 συμφυρθεισῶν,
2622 2651 2747 2722 μηδ’
2772 2650 2967 2721 ἑτέρας
2996 2650 3107 2704 τῶν
3150 2648 3208 2713 ἐξ
3237 2641 3312 2702 ὧν
3339 2649 3456 2705 ἐστι
3488 2647 3710 2717 φύσεων

2107 2746 2199 2801 τὸν
2222 2746 2381 2812 λόγον
2417 2743 2700 2815 ἁλώδητον
2727 2744 3000 2815 φερούσης
3019 2784 3035 2800 .
3054 2742 3179 2800 Εἴτε
3205 2745 3315 2811 γὰρ
3343 2745 3424 2807 είς
3443 2741 3708 2813 θεότητος

2108 2832 2270 2902 φύσιν
2301 2834 2333 2902 ἠ
2367 2830 2525 2903 σὰρξ,
2557 2831 2671 2885 εῐτε
2702 2833 2840 2903 πρὸς
2871 2833 3103 2906 σάρκαή
3128 2836 3224 2901 τῆς
3251 2834 3510 2903 θεότητος
3550 2851 3692 2904 μετ-

2116 2906 2327 2995 ἐϐλήθη
2385 2923 2586 2993 φύσις,
2641 2924 2751 2977 εῐτε
2797 2924 2935 2992 πρὸς
2986 2924 3157 2995 ἄλλης
3209 2926 3429 2993 γένεσιν
3481 2925 3701 2995 φύσεως

2110 3018 2259 3085 παρὰ
2285 3014 2489 3078 ταύτας
2511 3015 2539 3067 ὑ
2568 3014 2667 3085 τῆς
2698 3017 2833 3087 πρὸς
2858 3016 3021 3086 φύσιν
3055 3017 3186 3087 μίαν
3217 3016 3465 3077 ἑνώσεως
3497 3017 3702 3088 τρόπος

405 3104 743 3160 nerationem
804 3116 1027 3160 naturas
1096 3106 1441 3175 compulerit,
1471 3121 1572 3177 ego
1603 3107 1788 3171 carnis
1831 3123 1862 3162 a
1895 3109 2000 3166 Deo

2111 3082 2209 3171 τὰς
2245 3108 2437 3177 φύσεις
2464 3082 2781 3181 συνώθησεν
2806 3150 2820 3175 ,
2862 3082 2974 3179 ἐγὼ
2997 3082 3068 3164 τὸ*
3093 3112 3399 3182 μυστήριον
3430 3082 3709 3181 τῆς-θείας

405 3204 697 3264 assumpta:
731 3199 1046 3266 mysterium
1082 3210 1188 3259 non
1240 3211 1532 3267 cognosco,
1570 3212 1695 3259 cum
1730 3208 2006 3268 postcon-

399 3282 737 3352 jnnctionem
777 3283 828 3339 in
860 3285 1123 3355 mysterio
1168 3284 1468 3343 naturalem
1498 3288 1682 3343 carnis
1725 3298 1780 3343 et
1802 3286 2005 3342 divini-

408 3376 533 3428 tatis
564 3375 924 3431 dill'erentiam
959 3391 1064 3431 non
1092 3376 1386 3443 inveniam,
1409 3377 1475 3432 At
1507 3379 1553 3439 si
1579 3379 1762 3443 carnis
1785 3391 1836 3439 et
1867 3380 2005 3443 divi-

408 3463 596 3517 nitatis
642 3464 695 3519 in
757 3463 978 3527 Christo
1038 3475 1162 3531 post
1202 3465 1640 3538 conjunctionem
1696 3469 1999 3527 dill‘erentia

407 3567 608 3623 manet,
644 3573 816 3628 neque
852 3560 997 3615 enim
1028 3574 1267 3629 unquam
1303 3560 1445 3621 idem
1475 3579 1571 3634 per
1598 3566 1898 3622 essentiam
1922 3565 1997 3622 sit

406 3649 668 3713 divinitas
688 3660 741 3705 et
770 3665 921 3716 caro,
955 3654 1398 3713 concurrentium
1440 3657 1755 3727 coniunctio
1789 3673 1899 3713 non
1936 3659 1993 3713 in

407 3757 569 3795 unam
594 3746 972 3807 naturam,sed
988 3745 1041 3800 in
1061 3761 1224 3805 unam
1256 3762 1546 3817 personam
1580 3747 1720 3804 facta
1752 3759 1946 3819 cst,qu
1966 3765 1999 3805 a

404 3832 603 3886 nullam
633 3833 687 3889 in
707 3834 925 3891 Christo
954 3838 1062 3899 ulla
1093 3838 1254 3895 modo
1279 3839 1640 3901 dill'erentiant
1675 3842 1996 3909 reperimus.

406 3925 643 3984 Verbum
706 3929 848 3989 enim
898 3947 1024 3989 cum
1078 3934 1298 4005 propria
1335 3950 1503 3999 carne
1554 3953 1649 4006 per
1706 3920 2017 4006 personam‘

403 4036 569 4080 ttnunt
592 4032 694 4083 est.

684 4115 941 4188 Ejusdem
958 4118 1022 4175 de
1038 4116 1245 4179 duabus
1270 4115 1469 4185 Christi
1486 4118 1713 4179 naturis.

476 4211 609 4267 Tres
666 4222 927 4278 personas
977 4207 1141 4262 Arius
1195 4208 1505 4276 conﬁtetur,
1576 4211 1673 4266 sed
1738 4212 2001 4277 unitatem

404 4311 583 4373 negat,
609 4309 664 4355 et
695 4308 940 4355 sanctam
969 4299 1290 4355 Trinitatem
1321 4316 1426 4357 non
1460 4302 1704 4371 ejusdem
1735 4305 1999 4360 essentia:

403 4394 551 4449 dicit.
581 4389 851 4446 Sabellius
902 4399 1081 4445 autem
1113 4390 1373 4453 unitatem
1408 4393 1719 4459 conﬁtetur,
1751 4396 1844 4450 sed
1877 4397 1999 4451 Tri-

409 4488 631 4542 nitatem
663 4496 847 4551 negat.
886 4482 1148 4540 Eumdem
1180 4484 1324 4543 enim
1366 4501 1487 4539 esse
1519 4486 1652 4541 dicit
1682 4485 1922 4555 Patrem,
1943 4497 1999 4546 et

402 4571 617 4641 Filium,
647 4584 701 4636 et
730 4574 993 4644 Spiritum
1034 4585 1281 4639 sanctum
1305 4588 1405 4645 gat
1452 4577 1694 4639 Ecclesia
1723 4581 1771 4636 ei
1822 4583 2000 4638 unita-

406 4681 512 4723 tem
542 4667 857 4735 conlitetur,
907 4681 962 4725 et
993 4670 1255 4739 praedicat
1312 4670 1659 4727 Trinitatem.
1714 4669 1809 4728 Sic
1852 4683 1906 4728 et
1944 4676 1997 4730 in

406 4773 513 4812 uno
535 4770 737 4815 sancta:
767 4758 1053 4817 Trinitatis
1107 4760 1392 4820 Nestorius
1448 4767 1751 4820 naturalem
1802 4768 1999 4822 asserit

404 4848 783 4917 differentiam,
802 4852 895 4905 sed
915 4851 1174 4907 unitatem
1204 4868 1309 4908 non
1326 4853 1637 4910 conﬁtetur.
1681 4855 1831 4912 Hanc
1851 4858 1995 4913 enim

402 4941 454 4992 in
482 4953 707 5008 persona
726 4939 921 4995 factum
940 4954 1119 5011 negat.
1149 4943 1414 5014 Entyches
1437 4954 1626 5000 contra
1653 4946 1854 5003 fatetur
1875 4950 1996 5005 uni-

403 5040 590 5094 tatem,
634 5032 728 5085 sed
788 5036 1042 5087 essentia:
1080 5034 1439 5089 diﬂ‘erentiam
1482 5042 1989 5108 negatietnatura-

404 5136 520 5175 rum
547 5122 925 5176 confusionem
960 5124 1186 5177 inducit.
1214 5125 1454 5187 Ecclesia
1482 5144 1611 5182 vero
1650 5138 1705 5184 et
1727 5131 1991 5186 unitatem

400 5217 450 5271 in
486 5231 715 5286 persona
752 5215 915 5270 tradit
940 5218 1342 5285 indivisihilem,
1380 5229 1433 5274 et
1457 5221 1680 5277 minime
1706 5222 1989 5285 confusam

404 5311 659 5365 essentia
686 5308 1072 5364 diﬂerentiam.

855 5488 923 5544 Et
944 5489 1055 5544 haec
1088 5488 1271 5553 eodem
1295 5504 1361 5549 ear-
1388 5489 1524 5547 loco.

470 5577 530 5632 ln
564 5589 748 5635 sancta
780 5579 1046 5636 Trinitate
1068 5579 1255 5637 eadem
1285 5582 1645 5651 eatcssentia,
1680 5592 1733 5640 et
1760 5584 1988 5642 diversa:

400 5686 667 5736 personal}.
724 5671 893 5727 Unam
939 5674 1083 5729 enim
1134 5672 1444 5739 essentiam,
1480 5683 1534 5731 ct
1561 5686 1672 5732 tres
1723 5691 1983 5747 personas

2114 3200 2444 3270 σαρκώσεως
2478 3199 2580 3253 οὑκ
2609 3200 2963 3270 ὲπιγινὼσκω
2985 3242 3001 3267 ,
3041 3201 3280 3275 φυσικὴν
3317 3203 3417 3273 οὑχ
3439 3203 3710 3274 εὑρίσκων

2114 3290 2253 3361 μετὰ
2282 3291 2381 3359 τὴν
2414 3290 2609 3346 ἕνωσιν
2640 3292 2699 3344 ἑν
2732 3292 2812 3363 τῷ
2863 3295 3158 3365 μυστηρίῳ
3186 3296 3455 3364 διαφορὰν
3497 3296 3708 3366 σαρκὸς

2110 3381 2207 3434 καὶ
2250 3380 2521 3451 θεότητος.
2561 3382 2620 3433 Ei
2656 3381 2717 3435 δὲ
2761 3382 2965 3455 σαρκὸς
3014 3385 3072 3438 ὲν
3105 3386 3349 3457 Χριστῷ,
3384 3388 3479 3441 καὶ
3511 3387 3704 3457 θεότη-

2106 3490 2199 3535 τος
2235 3474 2377 3543 μετά
2403 3471 2505 3543 τὴν
2536 3472 2733 3527 ἕνωσιν
2784 3475 3019 3546 ὑπάρχει
3053 3478 3194 3532 κατά
3224 3479 3393 3547 φύσιν
3441 3479 3640 3549 διαφορ
3657 3483 3705 3549 ι,

2104 3568 2165 3621 οὑ
2201 3567 2310 3637 γὰρ
2354 3570 2553 3622 ταυτὸν
2584 3568 2705 3623 κατ’
2731 3570 2924 3625 οὐσίαν
2967 3569 3099 3624 ποτὲ
3150 3573 3347 3642 θεότης
3391 3575 3489 3627 καὶ
3542 3575 3705 3645 σὰρξ,

2105 3658 2245 3731 πρὸς
2280 3658 2495 3727 φύσεως
2532 3661 2660 3732 μιᾶς
2686 3662 2907 3730 γένεσιν
2938 3664 2971 3733 ἡ
2999 3664 3111 3719 τῶν
3168 3664 3427 3718 συνελθόν
3469 3683 3579 3718 των
3615 3668 3703 3719 οὑ.

2106 3749 2280 3819 δα.μοὺ
2310 3750 2538 3819 γέγονεν
2585 3751 2814 3821 ἓνωσις,
2846 3754 2985 3807 ἀλλὰ
3017 3756 3155 3825 πρὸς
3214 3757 3341 3825 μίαν
3379 3756 3705 3814 ὑπόστασιν.

2107 3840 2230 3895 καθ’
2245 3841 2311 3911 ἢν
2347 3842 2606 3912 οὐδεμίαν
2636 3844 2697 3897 ὲν
2728 3845 2952 3917 Χριστῷ
2996 3846 3122 3900 καθ’
3154 3848 3471 3917 οίονδήποτε
3501 3851 3704 3918 τρόπον

2107 3936 2435 4007 εὑρίσκομεν
2487 3938 2774 4009 διαφοράν.
2805 3941 3018 3996 Ταυτὶν
3052 3945 3161 4014 γὰρ
3210 3947 3279 4017 τῇ
3310 3947 3489 4018 οἰκείᾳ
3540 3942 3707 4017 σαρκὶ

2116 4028 2258 4080 κατὰ
2284 4030 2384 4098 τὴν
2419 4032 2719 4086 ὑπόστασιν
2756 4034 2784 4086 ό
2811 4033 3007 4102 Λόγος.

2137 4119 2251 4173 Τοῦ
2284 4122 2474 4175 αὑτοῦ
2510 4124 2641 4190 περὶ
2671 4122 2793 4179 τῶν
2820 4124 2931 4181 δύο
2962 4128 3068 4183 τοῦ
3099 4131 3365 4199 Χριστοῦ
3397 4137 3668 4203 φύσεων.

2186 4210 2243 4264 '0
2272 4212 2494 4278 ’Λρειος
2527 4214 2626 4277 τὰς
2650 4216 2802 4284 τρεῖς
2857 4216 3191 4285 ὑποστάσεις
3240 4224 3520 4297 ὁμολογεῖ,
3561 4229 3701 4285 ἀλλὰ

2101 4300 2200 4372 τὴν
2240 4303 2445 4371 μονάδα
2503 4305 2774 4377 ἀρνεῖται,
2819 4310 2914 4363 καὶ
2960 4311 3021 4363 οὑ
3055 4312 3204 4381 λέγει
3258 4318 3556 4386 όμοούσιον
3595 4321 3695 4394 τὴν

2031 4441 2074 4495 D
2104 4402 2265 4472 ἀγίαν
2296 4405 2520 4476 Τριάδιι.
2551 4407 2611 4462 '0
2638 4410 2694 4463 δὲ
2726 4410 3017 4476 Σαϐἐλλιος
3044 4413 3145 4486 τὴν
3177 4418 3383 4485 μονάδα
3412 4419 3694 4490 ὁμολογεῖ,

2102 4496 2239 4551 ἀλλὰ
2269 4498 2369 4572 τὴν
2392 4499 2596 4568 Τριάδα
2622 4503 2896 4572 ἀρνεῖται.
2930 4505 3035 4559 Τὸν
3063 4509 3173 4577 γὰρ
3207 4509 3373 4564 αὑτὸν
3405 4511 3556 4580 λέγει
3580 4516 3689 4570 [lato

2100 4587 2259 4661 τέρα,
2289 4589 2380 4642 καὶ
2410 4587 2561 4652 Υίὸν,
2595 4591 2687 4643 καὶ
2719 4591 2877 4658 ἅγιον
2910 4593 3156 4666 Πνεῦμα.
3195 4598 3261 4651 Ἥ
3291 4598 3350 4653 δὲ
3396 4600 3684 4673 Ἐκκλησίε

2102 4679 2194 4732 καὶ
2235 4679 2438 4746 μονάδα
2466 4679 2740 4748 ὁμολογεῖ,
2762 4685 2855 4737 κιὶ
2887 4685 3096 4755 Τριὰδα
3123 4688 3415 4758 κηρύσσει.
3453 4692 3679 4764 Ὁμοίως

2099 4768 2197 4822 καὶ
2251 4771 2346 4822 ἐπὶ
2374 4769 2467 4822 τοῦ
2504 4770 2623 4835 ἐνὸς
2652 4774 2749 4843 τῆς
2779 4775 2943 4843 ἁγίας
2975 4777 3207 4848 Τριάδος
3238 4780 3535 4854 Νεστόριος
3586 4787 3657 4856 τὴ

2099 4860 2337 4929 φυσικὴν
2364 4860 2632 4931 διαφορὲν
2662 4864 2806 4934 λέγει
2832 4907 2846 4930 ,
2882 4867 3017 4921 ἀλλά
3047 4870 3147 4941 τὴν
3185 4871 3382 4927 ἕνωσιν
3426 4876 3525 4947 οὑχ
3550 4879 3671 4944 6pc-

2098 4949 2265 5017 λογεῖ.
2302 4952 2377 5003 Οὑ
2419 4953 2525 5022 γὰρ
2557 4953 2703 5022 λέγει
2747 4960 2951 5027 ταύτην
2993 4960 3117 5014 καθ’
3162 4962 3465 5019 ὑπόστασιν
3516 4983 3685 5035 γεγο-

2096 5041 2267 5132 νεναι.
2308 5043 2365 5095 '0
2392 5043 2448 5097 δὲ
2502 5046 2750 5119 Εὑτυχὴς
2786 5051 2899 5132 τὴν.
2918 5053 3020 5123 μὲν
3050 5054 3246 5110 ἕνωσιν
3267 5057 3548 5129 ὁμολογεῖ,
3581 5060 3685 5131 τὴν

2094 5130 2150 5184 δὲ
2179 5132 2301 5185 κατ’
2328 5134 2516 5189 οὑσίαν
2545 5137 2808 5208 διαφορὰν
2834 5130 3100 5213 ἀρνεῖται,
3130 5148 3223 5199 καὶ
3252 5150 3523 5219 σύγχυσιν
3567 5130 3679 5204 τῶν

2095 5221 2312 5292 φύσεων
2341 5226 2573 5294 είσάγεε.
2611 5227 2676 5281 Ἦ
2700 5229 2755 5282 δὲ
2788 5231 3088 5306 Ἐκκλησία
3135 5241 3229 5292 καὶ
3257 5239 3357 5310 τὴν
3387 5241 3515 5297 καθ’
3544 5240 3689 5299 ὑπό·

2095 5329 2289 5368 στασιν
2318 5316 2512 5370 ἕνωσιν
2544 5318 2633 5373 διὰ
2679 5321 2739 5374 τὸ
2794 5323 3127 5399 ἀδιαίρετον,
3182 5331 3277 5385 καὶ
3304 5332 3410 5404 τὴν
3438 5334 3564 5390 κατ’
3586 5335 3651 5390 οὑ

2093 5406 2214 5462 σίαν
2241 5409 2511 5481 διαφορὰν
2530 5411 2617 5472 διὰ
2649 5413 2711 5467 τὸ
2743 5415 3056 5491 ἀσύγχυτον
3087 5424 3410 5494 πρεσϐεύει.

2566 5505 2832 5563 Ἐκεῖθεν
2863 5513 2962 5567 καί
2997 5517 3198 5575 τοῦτο.

2173 5592 2299 5645 Ἐπὶ
2347 5596 2441 5663 τῆς
2496 5599 2659 5664 ἀγίας
2709 5600 2941 5670 Τριάδος
2983 5611 3172 5661 ταυτόει
3194 5627 3255 5679 ης
3306 5610 3408 5680 μὲν
3459 5611 3671 5676 οὐσίας,

2088 5682 2344 5754 ἑτερότης
2370 5684 2424 5737 δὲ
2456 5690 2785 5756 προσώπων.
2818 5694 2963 5749 Μίαν
3015 5700 3124 5771 γὰρ
3162 5701 3352 5757 ιιὺσίοιν
3377 5704 3645 5773 ὑμολογοῦ
