4082 6392
393 304 533 372 1039

1650 295 2038 358 EUTHYMII
2078 296 2441 361 ZIGABENI

3536 288 3677 359 1040

387 424 822 492 circumscripta,
860 421 1111 491 quamvis
1142 421 1195 477 in
1231 417 1426 474 fabulis
1452 415 1797 472 decantatam
1834 411 1985 493 volth

2098 415 2307 473 σύνολον
2339 415 2500 491 φύσις
2548 414 2633 468 ἐνὶ
2668 411 2945 484 προσώπῳ
2994 405 3514 482 περιγεγραμμένη.
3567 406 3672 459 κᾶν

388 535 538 577 erem
559 517 653 576 isti
671 517 977 591 phmnicem
993 515 1060 571 ad
1072 524 1374 586 extremum
1393 521 1652 579 tanquam
1670 506 1983 579 exemplum

391 610 836 682 inexpugnabile,
859 623 967 676 quo
995 605 1259 662 innitatur
1292 603 1535 674 ipsorum
1556 598 1760 669 opinio,
1782 609 1979 667 propo-

391 716 547 763 nant.
569 704 705 761 Nam
727 702 773 760 si
804 701 1040 758 volucris
1068 708 1151 754 est
1183 696 1429 768 phoenix,
1456 702 1509 750 et
1534 690 1732 748 animal
1760 703 1982 759 prensus

393 810 511 862 est;
544 797 589 851 si
624 794 851 859 animal,
892 792 1128 862 primum
1163 804 1271 847 non
1297 786 1449 844 omni
1498 783 1659 840 modo
1687 779 1981 849 singulare,

391 896 665 957 quatenus
696 877 1022 947 cstanitnal,
1056 894 1162 933 non
1193 875 1337 932 enim
1364 873 1537 930 soium
1570 868 1815 935 animal;
1846 882 1983 939 prae-

395 985 564 1041 terea,
591 972 638 1030 si
678 971 902 1037 animal,
933 979 987 1026 et
1010 984 1209 1040 corpus
1239 968 1537 1025 animatum
1569 978 1733 1020 sensu
1785 958 1983 1030 pracdi-

397 1078 533 1124 tum.
569 1065 724 1133 Quod
756 1063 801 1119 si
834 1073 1033 1132 corpus
1065 1061 1360 1117 animatum
1397 1074 1461 1114 ac
1492 1071 1656 1112 sensu
1694 1053 1982 1125 prmdilttm

392 1170 475 1216 cst
501 1159 745 1230 phmnix,
768 1156 973 1212 ctortui
993 1152 1232 1221 proiecto
1252 1162 1416 1220 atque
1463 1147 1709 1203 interitui
1726 1143 1981 1200 obnoxia.

393 1254 551 1321 Quod
582 1252 783 1310 sitalis
833 1257 938 1315 est,
983 1259 1293 1317 quaeramus
1343 1260 1409 1299 ex
1469 1240 1810 1313 sapientibus
1865 1235 1984 1291 istis

398 1362 579 1401 rerum
610 1341 1026 1413 speetatoribus,
1047 1353 1119 1393 an
1140 1338 1255 1393 ﬁeri
1279 1337 1449 1406 possit
1471 1331 1683 1404 utquod
1710 1345 1773 1385 ex
1795 1341 1981 1384 eorum

395 1448 481 1492 est
529 1451 782 1501 numero,
832 1449 955 1504 qua:
982 1440 1110 1489 sunt
1161 1430 1403 1487 animata
1435 1439 1708 1493 acnanue
1739 1419 1982 1491 ptatdita,

396 1535 647 1599 quodque
681 1536 857 1583 ortum
901 1536 1064 1595 atque
1115 1522 1398 1578 interitum
1455 1519 1640 1583 sentit,
1695 1512 1986 1586 singularis

393 1632 607 1679 natura:
647 1621 739 1685 sit,
776 1628 1037 1688 quantum
1103 1617 1339 1686 pertinet
1390 1615 1456 1667 ad
1507 1623 1816 1681 personam,
1861 1621 1982 1660 cum

400 1724 583 1770 mutua
608 1713 847 1783 ipsorum
873 1711 927 1765 in
942 1709 1125 1780 specie
1148 1707 1426 1783 successio
1446 1703 1727 1776 perspicua
1748 1694 1985 1757 sitexsi-

398 1808 575 1866 stendi
595 1818 742 1861 nota.
766 1804 846 1860 Ad
874 1805 991 1858 hmc
1006 1803 1051 1857 si
1072 1812 1262 1854 natura
1290 1780 1581 1868 singularis
1613 1792 1983 1853 estChristus.

400 1916 498 1958 nec
517 1900 756 1970 ejusdem
807 1911 934 1952 cum
966 1895 1076 1951 Deo
1112 1903 1166 1949 et
1203 1892 1385 1957 Patre,
1416 1904 1516 1944 nec
1563 1885 1815 1957 ejusdem
1860 1898 1983 1938 cum

400 1993 714 2050 hominibus
757 2002 844 2048 est
868 1989 1140 2048 essentiac.
1173 1985 1327 2054 Quod
1360 1985 1503 2039 enim
1535 1981 1756 2037 omnino
1782 1985 1865 2034 est
1893 1992 1990 2030 na-

399 2097 519 2141 tura
539 2085 834 2156 singulare,
857 2081 1093 2138 naturali
1118 2075 1442 2146 cognatione
1466 2071 1603 2127 nulli
1632 2070 1986 2140 conjunctutn

394 2186 502 2233 est.
524 2176 676 2243 Quod
705 2175 751 2230 si
792 2175 860 2228 ab
878 2172 1155 2237 omnibus,
1182 2178 1240 2224 ut
1272 2183 1367 2223 eos
1388 2165 1593 2220 sentire
1614 2160 1985 2232 probavimus,

398 2276 591 2325 natura
614 2267 862 2323 diversus
884 2274 968 2321 est
996 2263 1268 2325 Christus,
1292 2258 1471 2315 (utiles
1496 2257 1645 2326 ipsos
1674 2254 1986 2325 opinionum

399 2362 712 2416 inventores
738 2371 1012 2428 rogemus,
1035 2364 1092 2410 ut
1115 2353 1273 2411 nobis
1293 2352 1494 2414 dicant,
1548 2346 1761 2416 qualem
1794 2355 1986 2400 natura

398 2452 701 2527 Christum,
741 2462 796 2505 et
830 2462 937 2519 qua
969 2448 1180 2502 ratione
1240 2454 1587 2498 venerentur.
1646 2437 1832 2507 Itaque
1863 2452 1985 2492 eum

400 2564 656 2620 maguum
688 2557 852 2617 atque
871 2544 1203 2601 horrendum
1265 2536 1575 2594 trecessatio
1602 2534 1900 2603 periculum
1921 2547 1987 2588 ex

401 2639 652 2705 rationis,
712 2654 831 2707 qua:
875 2635 1084 2693 reddita
1112 2644 1199 2689 est
1245 2633 1320 2699 vi,
1372 2636 1745 2698 consequatur
1779 2641 1873 2680 eos
1897 2623 1990 2694 qui

400 2734 683 2791 Christum
706 2741 904 2788 natura
928 2745 1113 2795 unum,
1149 2735 1240 2782 ant
1266 2733 1516 2779 naturam
1541 2734 1663 2776 esse
1681 2732 1845 2774 unam
1864 2730 1993 2772 con-

404 2825 654 2893 tendunt,
674 2824 792 2881 sive
823 2820 1079 2892 simplex,
1120 2818 1239 2876 sive
1282 2812 1611 2883 composita,
1658 2821 1832 2878 eaque
1873 2807 1991 2861 sive

402 2918 700 2991 generalis,
745 2926 844 2972 aut
892 2912 1218 2976 communis,
1273 2910 1389 2965 sive
1419 2904 1712 2977 singularis
1758 2904 1990 2970 dicatur,

403 3009 621 3066 animos
641 3016 861 3064 nostros
889 3003 1040 3061 omni
1076 2999 1324 3058 custodia
1344 2998 1411 3052 ab
1447 2993 1712 3068 ejusmodi
1739 2992 1994 3064 opinione

2015 1752 2064 1813 Β

2084 511 2133 563 εἰ
2168 509 2237 564 τὰ
2269 508 2512 578 μάλιστα
2545 507 2637 561 τὸν
2673 505 3047 576 μυθευόμενον
3082 500 3271 574 ὄρνιθα
3309 499 3401 554 τὸν
3455 498 3673 565 φοίνικα

2085 603 2338 671 καθάπερ
2362 619 2415 655 τι
2454 601 2549 656 καὶ
2590 600 2803 670 ἄμαχον
2834 596 3190 666 παράδειγμα
3217 593 3316 663 τῆς
3346 590 3560 645 ἑαυτῶν
3582 589 3673 642 δό-

2087 693 2184 764 ξης
2232 691 2560 747 συστατικδν
2618 690 2930 744 τελευταῖον
2983 684 3427 757 προδάλλωνται.
3472 682 3536 734 Ei
3562 681 3675 748 γὰρ

2083 785 2229 857 ὅρνις
2261 785 2416 840 ἐστὶν
2445 786 2472 838 6
2497 782 2693 852 φοῖνιξ,
2724 782 2821 836 καὶ
2847 779 2988 846 ζῶον
3037 779 3259 841 πάντως
3291 773 3464 828 ἐστίν.
3516 773 3583 825 Ei
3615 771 3676 825 δὲ

2085 878 2247 943 ζῶον,
2266 877 2481 949 πρῶτον
2513 876 2611 946 μὲν
2632 876 2694 928 οὐ
2727 875 2905 944 πάντη
2934 870 3221 942 μοναδικόν
3249 867 3386 924 καθὸ
3407 865 3548 931 ζῶον
3567 881 3582 896 ο
3609 863 3674 918 οὑ

2085 971 2195 1042 γὰρ
2233 972 2391 1043 μόνον
2432 968 2573 1035 ζῶον
2604 986 2617 999 ·
2645 969 2837 1023 ἔπειτα
2884 967 2962 1028 δὲ,
2995 965 3153 1036 εἴπερ
3185 962 3345 1029 ζῶον,
3382 960 3479 1015 καὶ
3509 958 3676 1027 σῶμα

2086 1065 2330 1137 ἔμψυχον
2359 1063 2700 1134 αἰσθητικόν.
2743 1062 2805 1114 Ei
2854 1060 2911 1113 δὲ
2940 1059 3103 1129 σῶμα
3154 1056 3398 1126 ἔμψυχον
3426 1051 3677 1121 αἰσθητι-

2086 1160 2181 1214 κόν
2213 1161 2358 1212 ἐστιν
2386 1160 2413 1212 6
2444 1155 2638 1227 φοῖνιξ,
2665 1154 2759 1208 καὶ
2782 1153 2885 1206 ὑπὸ
2906 1149 3123 1220 γένεσίν
3151 1149 3266 1202 ἐστι
3300 1144 3545 1217 δηλονότι
3577 1140 3676 1198 καὶ

2088 1251 2316 1322 φθοράν.
2352 1250 2414 1305 Ei
2436 1250 2492 1303 δὲ
2515 1247 2620 1301 ὑπὸ
2645 1246 2862 1317 γένεσίν
2888 1247 3056 1310 ἐστιν,
3088 1240 3283 1302 αὐτοὺς
3308 1238 3678 1309 ὲρωτήσωμεν

2085 1345 2211 1407 τοὺς
2243 1343 2443 1413 σοφοὺς
2474 1341 2582 1394 τῶν
2613 1341 2782 1394 ὄντων
2813 1337 3106 1406 θεάμονας,
3133 1334 3183 1386 εἰ
3207 1329 3438 1386 δυνατόν
3467 1325 3676 1391 ὲστὶ,τί

2086 1438 2196 1492 τῶν
2222 1436 2327 1490 ὑπὸ
2359 1438 2573 1502 γένεσιν
2602 1431 2699 1488 καὶ
2733 1430 2943 1500 φθορὰν
2972 1425 3237 1500 ἐμψύχων
3276 1422 3371 1477 καὶ
3419 1419 3679 1486 αἰσθητι-

2088 1530 2201 1584 κῶν
2240 1525 2512 1598 σωμάτων
2566 1520 2864 1595 μοναδικῆς
2908 1516 3176 1587 ὑπάρχειν
3212 1513 3335 1568 καθ’
3373 1508 3676 1563 ὑπόστασιν

2090 1622 2327 1693 φύσεως.
2361 1612 2434 1672 ῶν
2461 1620 2495 1688 η
2523 1616 2581 1682 ἐξ
2630 1613 2880 1681 ἀλλήλων
2908 1610 3029 1665 κατ’
3061 1604 3201 1670 εἶδος
3233 1600 3456 1674 διαδοχὴ
3485 1600 3673 1672 ἀρίδη-

2091 1721 2179 1780 λος
2222 1714 2513 1787 χαρακτὴρ
2553 1711 2648 1764 τοῦ
2679 1705 2843 1762 εἷναι.
2894 1706 3066 1773 Εἴπερ
3093 1701 3152 1755 δὲ
3203 1694 3467 1768 μοναδικὴ
3513 1693 3677 1762 φύσις

2095 1783 2583 1877 ἐστὶντὸνΧρισ-τδς,
2612 1800 2737 1855 οὔτε
2769 1798 2850 1871 τῷ
2887 1794 3009 1865 Θεῷ
3044 1792 3138 1848 καὶ
3164 1790 3342 1860 Πατρὶ
3386 1783 3679 1856 ὁμοούσιός

2095 1902 2266 1962 ἐστιν,
2291 1876 2415 1952 οὔτε
2444 1897 2555 1958 τοίς
2579 1891 2906 1963 ἀνθρώποις.
2949 1887 3023 1940 Τὸ
3052 1886 3166 1955 γὰρ
3199 1883 3381 1951 πάντη
3411 1876 3555 1935 κατά
3579 1876 3682 1944 τὴν

2095 1991 2262 2061 φύσιν
2309 1984 2593 2058 μοναδικόν
2618 1986 2715 2054 τῆ,
2741 1979 2877 2050 πρὸς
2905 1974 3086 2039 ὁτιοῦν
3111 1974 3242 2031 ἀλλο
3268 1966 3681 2033 παντελῶςφυ-

2097 2057 2254 2154 σικῆς
2301 2080 2662 2151 ἠλλοτρίωται
2725 2072 3071 2143 συγγενείας.
3110 2068 3176 2122 Ei
3228 2064 3285 2119 δὲ
3332 2061 3455 2118 κατ’
3480 2057 3683 2120 αὐτοὺς

2095 2149 2361 2240 ἐκείνους,
2380 2174 2455 2233 ὡς
2474 2149 2689 2237 ἔδειξεν
2734 2170 2763 2223 6
2796 2167 2980 2234 λόγος,
3013 2162 3195 2230 πάντη
3225 2156 3365 2215 κατὰ
3390 2152 3489 2224 τὴν
3518 2149 3684 2220 φύσιν

2094 2273 2125 2325 6
2152 2268 2383 2340 Χριστὸς
2416 2265 2636 2319 πάντων
2672 2257 3046 2333 ἠλλοτρίωται
3095 2252 3204 2306 τῶν
3235 2250 3429 2312 ὄντων,
3478 2241 3695 2304 αὐτοὺς

2095 2333 2272 2416 εἰπεῖν
2304 2352 2724 2427 προτρεψόμιθα
2752 2350 2880 2412 τοὺς
2919 2345 3146 2406 καινοὺς
3196 2335 3593 2409 δογματιστὰς,
3625 2333 3683 2387 τί

2095 2454 2226 2507 ὄντα
2281 2426 2424 2507 κατά
2470 2448 2571 2517 τὴν
2628 2443 2818 2513 φύσιν,
2855 2441 2952 2495 καὶ
2988 2438 3126 2508 ποίῳ
3155 2435 3301 2504 λόγῳ
3333 2429 3553 2486 σέϐουσι
3587 2426 3682 2481 τὸν

2096 2545 2352 2618 Χριστόν.
2391 2543 2454 2595 Et
2497 2539 2680 2593 τοίνυν
2712 2536 2887 2605 μέγας
2938 2532 3036 2587 καὶ
3062 2525 3291 2598 φοϐερὸς
3330 2523 3388 2590 ἐξ
3426 2519 3680 2618 ἀνάγκης

2096 2611 2289 2694 ἕπεται
2322 2634 2590 2696 κίνδυνος,
2616 2629 2763 2684 κατά
2815 2629 2916 2697 τὴν
2966 2621 3330 2678 ἀποδοθεῖσαν
3366 2613 3463 2670 τοῦ
3515 2611 3577 2665 λό
3593 2627 3682 2680 {ea

2097 2733 2352 2800 δύναμιν,
2386 2728 2499 2792 τοῖς
2528 2725 2781 2792 λέγουσιν
2834 2718 2892 2773 ἓν
2921 2717 3064 2771 κατά
3100 2714 3199 2785 τὴν
3233 2709 3397 2779 φύσιν
3427 2700 3569 2760 εἶναι
3594 2701 3687 2756 τδν

2097 2797 2352 2897 Χριστὸν,
2381 2820 2550 2890 ηγουν
2581 2816 2711 2885 μίαν
2740 2812 2928 2883 φύσιν,
2958 2809 3086 2862 sive
3119 2804 3309 2867 ἀπλῶς
3353 2797 3684 2870 λεγομένην,

2100 2919 2212 2972 εἴτε
2240 2914 2518 2975 σύνθετον,
2550 2909 2648 2964 καὶ
2697 2909 2901 2974 ταύτην
2951 2904 3062 2957 εἴτε
3096 2897 3346 2968 γενικὴν,
3375 2895 3544 2966 ηγουν
3573 2906 3691 2944 κοι-

2099 3012 2218 3080 νὴν,
2250 3008 2362 3062 εἴτε
2395 3000 2709 3077 μοναδικὴν,
2743 3001 2912 3070 ἡγουν
2939 2996 3137 3063 ίδικὴν,
3172 2992 3319 3060 πάσῃ
3346 2986 3562 3058 φυλακῇ
3586 2981 3689 3046 τὰς

406 3107 646 3159 remotos
662 3112 965 3165 servemus,
1007 3102 1141 3152 utet
1172 3108 1205 3149 a
1237 3092 1398 3148 minis
1424 3090 1520 3160 ipsi
1555 3084 1990 3158 impendentibus

2102 3101 2316 3159 ἑαυτῶν
2350 3095 2575 3166 καρδίας
2607 3093 2704 3162 τῆς
2729 3087 2988 3158 τοιαύτης
3015 3086 3175 3154 δόξης
3225 3080 3558 3151 τηρήσωμεν
3586 3091 3689 3127 κα-

386 3212 389 3219 ί
405 3190 561 3248 liberi
582 3189 777 3246 simus.

1082 3385 1362 3440 Eiusdem.

1082 3403 1126 3440 ιι
1159 3403 1362 3440 uadens.

466 3482 837 3552 Quamobrem
886 3482 931 3539 si
963 3479 1055 3535 Dei
1088 3403 1321 3534 Verbum
1349 3492 1454 3533 non
1484 3476 1599 3546 lege
1634 3482 1795 3542 atque
1814 3470 2005 3526 ordine

394 3585 620 3633 natura:
643 3589 824 3631 rerum
854 3573 1307 3644 rompositarum,
1325 3571 1421 3626 sed
1439 3570 1542 3626 alia
1563 3568 1776 3624 ratione
1797 3564 2002 3629 divina,

409 3682 463 3727 et
483 3685 606 3741 quae
628 3669 808 3724 verbis
831 3668 1088 3739 explicari
1116 3681 1222 3723 non
1252 3674 1454 3736 potest,
1483 3677 1679 3733 nempe
1700 3657 2004 3731 per-carnis

2102 3194 2299 3266 θαρᾶις.
2332 3191 2420 3246 ἵνα
2440 3186 2650 3256 καὶτῆς
2671 3183 2758 3238 ἐπ’
2781 3184 2921 3253 αὑτῇ
2953 3177 3255 3252 μελλούσης
3280 3172 3510 3241 ἀπειλῆς
3535 3168 3689 3222 ἐλευ-

2104 3285 2455 3359 θερωθῶμεν.
3218 3294 3223 3299 ‘

2715 3370 2828 3426 Τοῦ
2862 3365 3075 3425 αὑτοῦ.

2181 3474 2241 3527 Ei
2268 3470 2450 3525 τοίνυν
2477 3468 2555 3539 μὴ
2581 3470 2725 3520 κατὰ
2740 3465 2905 3532 νόμον
2929 3460 3025 3514 καὶ
3054 3454 3211 3521 τάξιν
3238 3449 3338 3521 τῆς
3361 3447 3471 3504 τῶν
3506 3444 3694 3539 συνόν-

2106 3584 2218 3623 των
2241 3537 2489 3634 φύσεως,
2515 3559 2630 3614 ἀλλ’
2654 3557 2827 3626 ἑτέρῳ
2856 3553 3009 3624 παρὰ
3027 3548 3129 3620 τὴν
3155 3546 3322 3617 φύσιν
3359 3560 3469 3598 των
3500 3537 3695 3595 συνθέ-

2106 3677 2217 3716 των
2250 3631 2474 3726 θεσμῷ*
2503 3652 2646 3709 κατὰ
2677 3646 2990 3720 πρόσληψιν
3047 3643 3160 3714 γὰρ
3206 3638 3507 3712 ἀφράστως
3540 3637 3568 3688 6
3594 3631 3693 3726 τοὺ

407 3760 841 3832 assumptionem
873 3759 1235 3830 compositum
1266 3767 1371 3824 est,
1406 3769 1519 3810 non
1569 3763 1753 3809 autem
1783 3765 1882 3820 per
1911 3764 1992 3818 go-

2109 3749 2245 3806 Θεοῦ
2274 3723 2419 3819 πρός.
2442 3744 2538 3816 τὴν
2569 3743 2752 3810 σάρκα
2800 3735 3057 3804 συνετὲοη
3089 3733 3285 3801 Λόγος,
3314 3729 3431 3784 ἀλλ’
3454 3727 3517 3780 οὑ
3551 3723 3695 3779 κα,τά

409 3852 751 3911 "cntionem
777 3850 939 3906 simul
981 3862 1105 3904 cum
1158 3862 1326 3905 carne
1359 3844 1769 3914 compositionis
1795 3841 1992 3910 accepit

2110 3817 2328 3912 γένεσιν
2355 3839 2472 3907 ἅμα
2495 3838 2563 3906 τῇ
2589 3833 2756 3903 σαρκὶ
2786 3831 2925 3902 πρὸς
2959 3827 3212 3883 σύνθεσιν
3235 3824 3298 3878 τὸ
3329 3821 3473 3877 εἶναι
3506 3817 3691 3872 λαϐὼν

408 3944 722 4009 essentiam,
769 3949 1018 3997 Ittotum
1070 3938 1287 4008 aliquod
1336 3936 1519 4005 specie
1568 3934 1887 4004 compleret,
1951 3947 1984 3986 υ

2111 3936 2194 3996 είς
2220 3934 2343 3988 ὅλου
2375 3929 2522 3992 τινὸς
2551 3925 2675 3980 κατ’
2696 3920 2838 3986 εἶδος
2864 3921 3282 3992 συμπλήρωσιν,
3321 3915 3506 3978 καθὼς
3541 3916 3569 3967 ὀ
3591 3914 3694 3981 τῆς

409 4037 655 4093 veritatis
709 4007 885 4089 oratio
928 4007 1193 4087 omnibus
1237 4039 1424 4099 aperte
1462 4027 1757 4098 signiﬁcat.
1811 4024 1992 4082 [rustra

2115 4026 2377 4097 ἀληθείας
2410 4018 2756 4090 διαπρυσίως
2805 4018 2977 4071 πᾶσιν
3033 4013 3215 4084 ἐμϐοᾷ
3266 4010 3424 4079 λόγος
3447 4026 3461 4039 ·
3516 4007 3696 4077 μάτην

410 4140 681 4185 conantur
696 4126 1013 4196 insipientes
1040 4123 1131 4179 isti
1151 4120 1620 4191 compositionem,
1640 4132 1762 4187 quae
1796 4128 1992 4171 omnen

2115 4121 2227 4181 τοῖς
2261 4117 2368 4170 ὑπὸ
2396 4113 2559 4183 φύσιν
2603 4111 2827 4177 θεσμοῖς
2849 4109 3156 4175 ὑπαγαγεῖν
3201 4104 3458 4173 ἀθέσμως
3485 4102 3699 4169 ὲπιχειτ

415 4226 628 4279 naturae
660 4220 948 4275 terminum
993 4189 1317 4284 rationequi:
1346 4220 1587 4283 superat,
1627 4211 1836 4282 legibus
1861 4222 1992 4266 natu

2119 4208 2303 4279 ροῦσιν
2326 4208 2374 4259 oi
2399 4204 2630 4275 ἀμαθεῖς
2654 4200 2756 4270 τὴν
2790 4199 2969 4253 πάντα
2996 4197 3207 4266 φύσεω,
3242 4195 3371 4264 ὅρον
3393 4209 3454 4246 τε
3489 4191 3584 4245 καὶ
3611 4189 3699 4241 λόε

415 4312 622 4377 talibus
646 4310 807 4378 impie
827 4307 1118 4375 subjicere.
1157 4281 1528 4371 Quamobrem
1579 4281 1798 4372 quiiper
1828 4299 1992 4355 carnis

2116 4316 2212 4372 γον
2237 4298 2605 4369 ὲμὸαίνουσαν
2642 4292 2917 4346 σύνθεσιν.
2945 4291 3046 4343 Διά
3079 4288 3239 4342 τοῦτο
3287 4284 3432 4371 κατὰ
3460 4281 3701 4354 πρόσλη-

417 4402 843 4472 a‘ssumptionem
874 4398 1110 4455 Verbum
1149 4411 1271 4453 esse
1305 4397 1506 4450 factum
1557 4394 1830 4449 hominem
1859 4390 1984 4445 dicit

2117 4366 2210 4461 φιν
2239 4366 2441 4459 σαρκὸς
2469 4389 2497 4441 6
2520 4387 2694 4457 λέγων
2722 4382 2978 4455 γενέσθαι
3010 4382 3108 4453 τὴν
3130 4366 3549 4446 ὲνανθρῶπησιν
3596 4375 3696 4442 τὴν

416 4497 463 4552 is
484 4503 541 4550 et
562 4482 822 4549 aeternam
848 4489 943 4546 Dei
968 4497 1094 4544 ante
1135 4487 1332 4543 saecula
1379 4484 1672 4542 essentiam
1721 4490 1923 4546 servat,
1957 4500 1985 4536 e

2116 4500 2176 4536 τε
2203 4483 2297 4536 τοῦ
2328 4480 2464 4535 Θεοῦ
2491 4479 2664 4549 Λόγου
2692 4477 3018 4550 προαιώνιον
3047 4471 3284 4544 ὕπαρξιν
3305 4466 3701 4532 διασώζει,ῖκαὶ

416 4586 778 4642 voluntariam
808 4586 895 4654 pie
924 4584 1234 4646 conﬁtetur,
1265 4589 1567 4652 sponteque
1603 4585 1912 4648 susceptam
1950 4577 2003 4631 in

416 4693 662 4759 tempore
696 4679 879 4736 carnis
931 4679 1287 4742 indutionent,
1345 4682 1396 4731 et
1449 4671 1808 4728 diﬂ'erentiam
1840 4668 2004 4723 Verbi

416 4771 786 4841 suscipientis,
813 4772 974 4840 atque
1020 4770 1201 4824 carnis
1227 4775 1504 4836 suscepta!
1528 4763 1647 4821 sine
1686 4764 2010 4820 confusione

423 4871 603 4937 tuetur
627 4866 789 4918 etiam
830 4872 950 4932 post
973 4862 1434 4931 conjunctionem.
1469 4858 1570 4925 Qui
1602 4874 1731 4912 vero
1763 4856 2005 4912 DeiVer-

424 4950 549 5035 hum
574 4969 679 5008 non
740 4969 837 5023 per
877 4953 1058 5006 carnis
1108 4953 1537 5021 assumptionem
1570 4949 1891 5004 immutabili
1919 4966 2007 5001 ra-

421 5049 571 5104 tione
594 5045 795 5099 l‘actum
820 5059 943 5100 esse
970 5044 1245 5099 hominem
1295 5044 1448 5109 dicit,
1507 5042 1643 5097 nihil
1673 5056 1860 5095 eorum
1892 5056 2008 5110 qua:

423 5141 567 5196 dicta
605 5144 755 5202 sunt,
794 5135 904 5190 uilo
939 5134 1104 5190 modo
1136 5149 1262 5189 vere
1296 5133 1496 5204 poterit
1523 5133 1793 5188 contlteri.

568 5228 818 5303 Ejusdem
840 5229 903 5282 de
916 5243 1032 5282 voce
1050 5228 1188 5280 hac:
1219 5244 1237 5278 ι
1272 5226 1336 5280 In
1363 5226 1569 5280 duabus
1585 5226 1827 5281 naturis.‘
1846 5243 1865 5278 ι

498 5324 554 5381 lu
589 5322 797 5378 duabus
826 5315 1036 5374 naturis
1080 5320 1292 5374 ratione
1343 5316 1660 5373 indivisibili
1693 5318 1869 5387 ipsum
1889 5333 2012 5375 esse

425 5417 725 5484 credimus,
768 5422 828 5470 ut
852 5413 1137 5471 divinitate
1156 5420 1209 5467 et
1254 5411 1614 5466 humanitate.
1646 5410 2013 5477 Quemadmo-

426 5509 555 5564 dum
592 5506 733 5564 enim
765 5520 890 5562 cum
912 5519 978 5561 ex
996 5504 1208 5559 duabus
1223 5503 1436 5560 naturis
1460 5511 1713 5559 constare
1734 5502 2012 5558 Christum

429 5599 682 5666 dicimus,
713 5612 780 5655 ex
812 5596 1099 5654 divinitate
1142 5605 1199 5653 et
1238 5593 1598 5657 humanitate,
1621 5605 1702 5677 ⁵ιιι
1748 5594 1956 5649 duabus
1983 5611 2015 5651 e

431 5687 674 5753 partibus
709 5696 904 5743 'totum
945 5686 1399 5757 intelligimus,ita
1447 5700 1569 5741 cum
1597 5695 1719 5757 post
1745 5687 2011 5756 conjunc-

432 5777 631 5832 tionem
660 5789 784 5832 eum
813 5777 1094 5833 duabusin
1125 5778 1335 5837 naturis
1369 5792 1491 5836 esse
1524 5777 1843 5846 ditimus,i.i
1874 5777 2013 5834 divi-

2114 4575 2212 4647 τὴν
2231 4572 2478 4628 ἑκούσιον
2500 4569 2739 4634 εὐσεϐῶς
2762 4567 3036 4639 ὁμολογεῖ,
3060 4567 3154 4620 καὶ
3182 4564 3508 4636 αὐθαίρετον
3531 4558 3698 4614 αὑτοῦ

2112 4667 2254 4721 κατά
2292 4666 2485 4735 χρόνον
2524 4664 2827 4732 σάρκωσιν,
2877 4662 2972 4715 καὶ
3003 4659 3102 4731 τὴν
3132 4657 3397 4726 διαφορὰν
3448 4652 3617 4709 αὑτοῦ
3638 4669 3699 4706 τε

2109 4757 2204 4812 τοῦ
2232 4754 2629 4825 προσλαϐόντος
2645 4755 2840 4822 Λόγου,
2862 4753 3077 4821 καὶτῆς
3101 4748 3542 4820 προσληφθείσης
3570 4762 3701 4815 σαρ-

2112 4851 2204 4911 κὸς
2236 4847 2546 4916 ἀσύγχυτον
2578 4846 2869 4912 φυλάττειν
2895 4845 2990 4900 καὶ
3025 4842 3162 4913 μετά
3192 4842 3290 4913 τὴν
3316 4842 3533 4896 ἕνωσιν.
3551 4836 3698 4894 Ὃδὲ

2121 4942 2197 5013 μὴ
2258 4940 2401 4996 κατά
2454 4939 2761 5010 πρόσληψιν
2815 4939 3018 5009 σαρκὸς
3065 4935 3345 5007 ὁμολογῶν
3414 4933 3696 5005 ἀτρέπτως

2111 5034 2537 5103 ὲνανθρωπῆσαι
2565 5032 2657 5085 τὸν
2692 5032 2785 5085 τοῦ
2813 5030 2949 5085 Θεοῦ
2996 5031 3171 5098 Λόγον
3220 5026 3375 5082 οὐδὲν
3404 5027 3513 5080 τῶν
3544 5027 3701 5096 είρη-

2118 5126 2299 5195 μένων
2325 5124 2446 5179 κατ’
2466 5125 2656 5180 οὐδένα
2672 5125 2875 5196 τρόπον
2903 5123 3118 5194 ἀληθῶς
3139 5123 3425 5191 ὁμολογεῖν
3450 5121 3700 5176 δύναται.

2155 5217 2267 5271 Τοῦ
2292 5216 2482 5272 αὐτοῦ
2510 5216 2641 5285 περὶ
2681 5217 2791 5285 τῆς
2825 5215 3032 5286 φωνῆς
3052 5231 3065 5245 ·
3096 5215 3231 5269 «Ἐν
3259 5214 3370 5268 δύο
3395 5214 3641 5282 φύσεσι.
3660 5230 3678 5263 ι

2205 5314 2289 5368 Ἐν
2314 5311 2407 5366 δύο
2437 5312 2666 5383 φύσεσιν
2719 5311 3042 5382 ἀδιαιρέτως
3084 5308 3176 5362 τὸν
3209 5308 3371 5361 αὑτὸν
3429 5308 3560 5361 ὄντα
3606 5324 3703 5359 πι-

2115 5405 2381 5476 στεύομεν
2408 5403 2483 5469 ὡς
2505 5406 2563 5481 ἐν
2594 5403 2812 5472 θεότητι
2844 5403 2939 5456 καὶ
2963 5399 3604 5471 ἀνθρωπότητι.”Ωσπερ
3634 5399 3702 5451 ὲκ

2115 5500 2208 5556 δύο
2237 5497 2453 5571 φύσεων
2506 5498 2761 5567 λέγοντες
2790 5497 2881 5551 τὸν
2936 5495 3176 5567 Χριστὸν
3204 5498 3267 5550 ἐκ
3322 5494 3576 5564 θεότητος
3603 5492 3701 5544 καὶ

2115 5593 2536 5665 ἀνθρωπότητος
2564 5592 2690 5645 ὄντα
2713 5590 2942 5662 νοοῦμεν
2972 5589 3048 5654 ὡς
3078 5592 3141 5643 ἐκ
3167 5588 3350 5661 μερῶν
3383 5587 3524 5652 ὅλον,
3553 5584 3699 5639 οὕτω

2116 5688 2212 5740 καὶ
2244 5672 2300 5739 ἐν
2329 5684 2422 5738 δύο
2446 5682 2640 5754 φύσεσι
2673 5685 2927 5753 λέγοντες
2963 5682 3102 5753 μετά
3126 5684 3222 5754 τὴν
3253 5681 3450 5734 ἕνωσιν
3484 5680 3542 5733 ὲν
3576 5677 3701 5730 θεό-

2114 5798 2237 5851 τητι
2269 5782 2361 5837 καὶ
2394 5780 2777 5853 ἀνθρωπότητι
2825 5782 2953 5835 ὄντα
3003 5779 3340 5850 πιστεύομεν
3370 5778 3444 5843 ὡς
3480 5777 3602 5832 ὅλον
3635 5776 3695 5828 ἐν
