4082 6394
438 416 567 485 1041

1380 432 1755 493 PANOPLIA
1807 433 2358 497 DOGMATICA.-
2396 439 2547 499 ΤΙΤ.
2594 439 2751 501 XVI.

3557 444 3693 509 10h?

437 534 652 604 μέρεσι.
684 538 842 610 Μέρη
868 538 921 591 δὲ
954 539 1193 617 Χριστοῦ
1235 543 1265 612 ἡ
1298 542 1487 612 θεότης
1507 545 1816 599 αὐτοῦσὲστι
1851 549 1942 601 καὶ
1969 549 2000 619 ἡ

2110 553 2276 606 nitate
2310 562 2471 623 atque
2500 555 2832 611 humanitate
2855 569 2979 613 esse
3007 557 3301 623 credimus,
3355 567 3413 612 ut
3444 565 3614 613 totum
3639 563 3689 614 in

430 624 806 697 ἀνθρωπότης,
837 629 895 695 ἐξ
933 625 1007 683 ῶν
1039 632 1130 685 καὶ
1155 633 1211 684 ὲν
1246 626 1333 697 αἷς
1367 633 1661 704 ὑφέστηκε.
1700 638 1808 690 Καὶ
1844 633 1999 699 αὖθις

430 719 522 772 τοῦ
545 720 681 775 Θεοῦ
717 723 890 792 Λόγου
928 725 1090 793 φύσιν
1140 730 1568 800 σεσαρκωμένην
1612 732 1779 800 σαρκὶ
1805 734 2000 803 νοεράν

431 827 490 861 τε
523 812 617 864 καὶ
652 812 876 884 λογικὴν
907 817 1101 888 ἐχούσῃ
1133 819 1309 890 ψυχὴν
1359 822 1660 887 πιστεύειν,
1688 822 1874 891 λέγειν
1915 842 1994 888 τε,

431 900 526 951 καὶ
554 902 850 970 κηρύττειν
899 903 1258 975 ἐδιδάχθημεν
1292 911 1431 962 κατὰ
1467 910 1557 962 τὸν
1597 909 1751 978 ἅγιον
1800 911 2001 980 Κύριλ-

424 992 537 1053 λον,
572 994 661 1048 διὰ
708 996 800 1049 τοῦ
832 1003 1265 1070 σεσαρκωμένην
1314 1005 1509 1067 εἰπεῖν,
1559 992 1657 1071 τῆς
1694 1003 1818 1057 καθ’
1852 1004 1998 1074 ἡμᾶς

430 1083 646 1150 φύσεως
703 1089 1201 1161 εἰσκεκομισμένην
1241 1095 1479 1163 ὁρῶντες
1528 1095 1624 1166 τὴν
1666 1096 1876 1159 οὐσίαν,
1902 1096 1997 1148 καὶ

429 1176 591 1229 πάλιν
617 1180 712 1231 τοῦ
744 1182 907 1235 αὑτοῦ
955 1186 1049 1237 καὶ
1098 1187 1216 1249 ἐνὸς
1244 1188 1478 1257 Χριστοῦ
1525 1189 1593 1241 τά
1630 1206 1688 1241 τε
1721 1188 1995 1257 θαύματα,

429 1267 613 1322 καὶτὰ
636 1271 805 1340 πάθη,
842 1274 935 1325 καὶ
965 1273 1056 1327 τοῦ
1092 1276 1253 1328 αὐτοῦ
1284 1278 1380 1340 τὰς
1429 1278 1522 1331 δύο
1553 1279 1857 1349 γεννήσεις,
1900 1280 1997 1345 τήν

427 1375 484 1409 τε
511 1361 836 1427 προαιώνιον
887 1366 1195 1435 ἀσωμάτως
1248 1371 1310 1421 ἐκ
1353 1370 1446 1421 τοῦ
1486 1371 1723 1439 Πατρὸς,
1778 1370 1870 1423 καὶ
1898 1367 1997 1438 τὴν

425 1450 683 1520 χρονικὴν
729 1454 792 1506 ἐκ
823 1456 1047 1526 Μητρὸς
1098 1462 1190 1510 καὶ
1243 1460 1521 1529 Παρθένου
1572 1460 1900 1527 σωματικῶς
1928 1460 1998 1513 δι’

421 1542 569 1609 ἡμᾶς
600 1553 992 1617 γεγενημένην.
1036 1549 1124 1600 Διὸ
1158 1549 1396 1617 μάλιστα
1435 1551 1524 1605 καὶ
1559 1551 1700 1605 κατὰ
1732 1550 1996 1621 ἀλήθειαν

422 1634 627 1700 κυρίως
658 1634 921 1690 Θεοτόκον
947 1639 1115 1708 αὐτὴν
1141 1641 1537 1710 ὁμολογοῦμεν,
1576 1642 1651 1706 ὼς
1674 1645 1764 1697 τὸν
1795 1646 1858 1696 ὲκ
1886 1645 1997 1696 Πα-

420 1725 549 1791 τρὲς
566 1727 895 1796 γεννηθέντα
926 1731 1029 1799 πρδ
1061 1732 1271 1785 πάντων
1301 1733 1410 1785 τῶν
1432 1734 1642 1788 αἰώνων
1671 1735 1803 1789 Θεὸν
1826 1735 1998 1803 Λόγον

422 1816 509 1867 ἐτ’
540 1818 783 1886 ἐσχάτων
808 1820 917 1873 τῶν
944 1823 1152 1892 χρόνων
1183 1823 1242 1888 ἐξ
1290 1825 1460 1895 αὐτῆς
1496 1828 1847 1897 σαρκωθέντα
1869 1844 1993 1895 γεν-

2111 642 2377 711 partibus.
2413 643 2599 699 Partes
2617 645 2759 699 enim
2780 645 2979 702 Christi
3006 655 3135 703 sunt
3157 647 3407 703 divinitas
3429 657 3485 704 et
3505 648 3693 703 huma-

2110 735 2270 796 nitas,
2312 753 2376 791 ex
2422 736 2636 803 quibus,
2681 747 2734 792 et
2774 738 2827 793 in
2868 739 3064 808 quibus
3102 739 3372 795 consistit.
3424 740 3689 795 Przeterea

2111 843 2268 881 unam
2302 829 2392 883 Dei
2429 829 2585 884 Verbi
2616 840 2864 884 naturam
2909 836 3129 885 carnem
3160 831 3531 901 assumpsisse
3572 832 3693 885 ani-

2111 931 2304 973 malam
2353 922 2534 976 anima
2567 931 2745 977 mente
2791 923 3103 992 rationeque
3154 925 3379 993 praedita
3424 923 3604 977 dicere
3633 933 3691 978 et

2109 1013 2400 1080 praedicare
2447 1013 2735 1070 didicimus
2765 1030 2829 1069 ex
2859 1014 3105 1069 doctrina
3137 1014 3311 1069 sancti
3365 1013 3575 1081 Cyr-illi,
3630 1022 3692 1067 ut

2105 1115 2171 1154 ex
2194 1116 2257 1154 eo
2292 1102 2432 1170 quod
2456 1102 2689 1157 dicimus
2725 1116 2939 1157 carnem
2976 1101 3361 1170 assumpsisse,
3393 1100 3686 1155 essentiam

2107 1202 2312 1247 natura:
2339 1193 2761 1247 nostraeillatam
2798 1194 3183 1263 intelligamus.
3232 1192 3480 1261 Itemque
3528 1191 3695 1244 unius

2106 1288 2157 1332 ct
2179 1278 2416 1346 ejusdem
2436 1279 2636 1333 Christi
2657 1290 2765 1331 tam
2784 1279 3067 1344 miracula,
3087 1292 3249 1347 quam
3269 1279 3544 1333 cruciatus
3569 1290 3687 1331 esse

2106 1369 2354 1435 dicimus,
2376 1370 2620 1439 duosque
2656 1371 2899 1439 ejusdem
2928 1381 3101 1435 ortus,
3140 1385 3303 1424 unum
3339 1378 3464 1424 ante
3490 1367 3684 1422 smcula

2104 1462 2223 1516 sine
2251 1476 2479 1530 corpore
2526 1478 2591 1517 ex
2652 1462 2833 1527 Patre,
2866 1472 2919 1518 et
2945 1462 3171 1516 alterum
3220 1463 3276 1516 in
3329 1471 3571 1530 tempore
3618 1475 3687 1515 ex

2106 1550 2271 1605 Matre
2293 1562 2345 1606 et
2362 1550 2587 1623 Virgine
2612 1554 2819 1607 ratione
2838 1569 3098 1623 corporea
3120 1564 3288 1623 atque
3308 1553 3544 1606 humana
3574 1569 3589 1617 ;
3618 1568 3688 1607 ex

2106 1657 2211 1710 quo
2245 1644 2474 1698 maxime
2509 1657 2562 1699 et
2595 1659 2718 1700 vere
2766 1645 2984 1714 proprie
3015 1646 3185 1714 ipsam
3240 1645 3332 1700 Dei
3360 1644 3688 1700 Genitricem

2106 1734 2445 1799 conﬁtemur,
2506 1746 2563 1789 ut
2598 1750 2717 1805 qua:
2740 1738 2979 1804 genitum
3011 1747 3137 1791 ante
3186 1736 3377 1791 saecula
3443 1751 3507 1790 ex
3532 1735 3693 1790 Patre

2110 1821 2273 1875 Deum
2299 1823 2554 1889 Verbum,
2577 1825 2627 1878 in
2658 1827 2919 1880 extremis
2948 1827 3280 1895 temporibus
3309 1838 3375 1879 ex
3416 1826 3532 1894 ipsa
3568 1840 3692 1879 car-

419 1908 684 1973 νὴσασαν,
722 1912 865 1964 Μίαν
901 1913 953 1964 δὲ
985 1915 1144 1979 φύσιν
1176 1915 1428 1968 σύνθετον
1451 1917 1541 1969 τὸν
1585 1918 1820 1987 Χριστὸν
1852 1936 1988 1972 παν-

2105 1929 2214 1966 nem
2244 1927 2608 1971 assumentem
2628 1918 2899 1986 genuerit.
2917 1919 2984 1969 At
3012 1925 3260 1969 naturam
3283 1929 3441 1969 unam
3461 1928 3694 1983 compo-

419 1998 593 2061 τελῶς
608 2002 1018 2071 παραιτούμεθα
1034 2004 1213 2073 λέγειν
1234 2007 1292 2059 οὐ
1313 2010 1471 2075 μόνον
1491 2008 1577 2061 διὰ
1593 2009 1689 2071 τὰς
1708 2010 2003 2079 εἰρημένας

421 2090 620 2155 αἰτίας,
642 2092 758 2144 ἀλλ’
781 2094 859 2146 ὅτι
886 2096 982 2146 καὶ
1003 2097 1189 2164 μηδεὶς
1218 2097 1448 2150 καθόλου
1468 2098 1573 2152 τῶν
1600 2100 1869 2171 ὲγκρίτων
1895 2101 2003 2152 Πα-

421 2182 595 2248 τέρων
621 2184 892 2252 πέφανται
926 2188 1087 2257 μέχρι
1117 2188 1208 2240 τοῦ
1242 2190 1397 2255 δεῦρο
1420 2191 1624 2260 ταύτην
1643 2192 1877 2262 εἰρηκὼς
1904 2192 2002 2263 τὴν

422 2276 627 2343 ῳωνὴν,
646 2277 739 2329 καὶ
769 2279 844 2339 ὡς
873 2280 1156 2350 προδήλως
1191 2282 1580 2352 Λπολλιναρίου
1601 2283 1695 2336 τοῦ
1721 2283 1999 2353 αἱρετικοῦ

425 2364 520 2417 καὶ
565 2365 673 2419 τῶν
705 2369 868 2423 αὑτοῦ
900 2372 1173 2440 φοιτητῶν
1204 2373 1559 2444 ὑπάρχουσαν
1596 2375 1862 2445 γέννημα.

591 2458 700 2512 Τοῦ
734 2462 921 2515 αὐτοῦ
953 2464 1084 2529 περί
1115 2465 1408 2519 συνθέτοι,
1442 2467 1857 2533 ὑποστάσεως.

499 2547 561 2602 Εἰ
592 2549 668 2611 δὲ,
704 2553 786 2603 ότι
818 2554 966 2605 πᾶσα
997 2553 1296 2618 ὑπόστασις
1330 2556 1580 2616 σύνθετος
1612 2558 1779 2629 ἑαυτῇ
1816 2576 1874 2611 τε
1905 2560 2000 2613 καὶ

424 2640 672 2710 ἀλλήλοις
700 2643 765 2695 τὰ
805 2642 913 2696 ῐόια
961 2645 1102 2715 μέρη
1141 2647 1411 2717 ὁμόχρονα
1457 2647 1657 2717 σχοῦσα
1686 2650 1997 2715 δείκνυται,

427 2732 725 2785 ὑπόστασιν
777 2735 832 2787 δὲ
885 2735 1141 2789 σύνθετον
1193 2733 1331 2790 εἶναι
1385 2739 1567 2806 λέγειν
1618 2740 1709 2793 τὶν
1762 2740 1997 2810 Χριστδν

428 2821 527 2874 οὐκ
556 2822 908 2894 ἀρνούμεθα,
960 2827 1168 2881 εἴποιεν
1213 2829 1309 2881 καὶ
1354 2830 1501 2898 ἡμᾶς
1536 2833 1582 2884 οἰ
1626 2832 1999 2900 ἀντιλέγοντες

432 2911 796 2983 μὴδύνασθαι
831 2916 930 2986 τὴν
965 2919 1055 2968 ἐπὶ
1100 2917 1273 2988 τούτῳ
1310 2919 1532 2989 μομφὴν
1574 2922 1955 2988 ὲκτινάξασθαι
1978 2962 1995 2988 ,

427 3003 504 3065 ὡς
558 3006 671 3068 τοῖς
722 3005 872 3070 ἰδίοις
912 3007 1223 3072 ἑαλωκότας
1281 3008 1492 3076 λόγοις*
1547 3011 1996 3081 φαμὲν-ἀληθῶς

429 3091 601 3156 οὕτως
640 3092 788 3161 ἔχειν
808 3133 822 3157 ,
876 3096 1035 3164 εἰπερ
1069 3096 1321 3148 σύνθετον
1351 3092 1509 3160 εἰναι,
1540 3096 1614 3159 ὡς
1662 3092 1799 3160 εἶδος
1830 3097 1999 3167 αὐτῆς

430 3184 847 3257 κατηγοροῦμεν
876 3186 1103 3255 ἔχουσαν
1138 3186 1529 3256 ὑποτιθέμεθα.
1580 3187 1696 3240 Νῦν
1756 3188 1813 3240 δὲ
1839 3187 1997 3241 τοῦτο

432 3278 506 3347 μὴ
534 3277 788 3345 λέγοντες
809 3318 823 3341 ,
858 3277 1113 3347 οὐδαμῶς
1142 3278 1242 3349 τὴν
1270 3277 1483 3331 οἰανοῦν
1512 3279 1707 3347 ἕξομεν
1754 3280 1997 3350 μομφὴν,

428 3368 618 3437 σαφῶς
666 3368 1024 3436 γινώσκοντες
1073 3369 1148 3438 μὴ
1199 3369 1267 3421 δι’
1306 3371 1507 3438 ἑαυτὴν
1558 3370 1809 3423 σύνθετον
1858 3367 1999 3423 εῖναι

426 3463 610 3513 πᾶσαν
663 3459 916 3512 σύνθετον
967 3461 1268 3513 ὑπόστασιν
1314 3460 1413 3531 τὴν
1473 3461 1581 3514 ὑπό
1634 3479 1685 3513 τι
1739 3461 1999 3515 τελοῦσαν

425 3547 589 3612 εἶδος,
645 3549 782 3602 ἀλλὰ
833 3548 921 3602 διὰ
965 3549 1066 3620 τὴν
1114 3549 1276 3616 φύσιν
1311 3550 1410 3619 τὴν
1460 3551 1841 3620 περιέχουσαν,
1873 3553 2000 3604 ὅταν

427 3640 680 3703 σύνθετος
731 3636 787 3714 ᾖ,
840 3640 937 3695 καὶ
991 3642 1051 3693 τὺ
1102 3641 1585 3711 κατηγορούμενον
1637 3638 1796 3704 εἶδος,
1854 3642 1942 3708 ὑφ’
1972 3640 2000 3692 ὃ

425 3730 722 3798 ἀνάγεσθαι
754 3730 1020 3797 πέφυκεν,
1066 3729 1140 3793 ὡς
1186 3730 1278 3783 τοῦ
1316 3730 1544 3799 μερικοῦ
1568 3773 1582 3797 ,
1610 3731 1777 3799 ἤγουν
1808 3729 1996 3794 ἰδικοῦ,

426 3824 548 3875 ὅλον
578 3823 792 3893 ἔχοντος
825 3825 882 3875 ὲν
921 3821 1099 3892 ἑαυτῷ
1143 3822 1203 3873 τὸ
1235 3822 1462 3875 καθόλου
1486 3860 1513 3885 ι
1553 3822 1673 3892 ἦτοι
1708 3822 1767 3874 τὸ
1799 3820 1997 3897 κοινὸν,

428 3915 523 3966 καὶ
571 3915 797 3981 γενικδνη
828 3914 1242 3982 πληρέστατον,
1286 3912 1379 3965 τοῦ
1409 3913 1466 3966 δὲ
1502 3913 1632 3967 ἰδίου
1679 3914 1737 3966 τὸ
1780 3913 2000 3966 σύνολον

426 4005 591 4069 λόγου
642 4004 721 4075 τῷ
770 4003 975 4072 γενικῷ
1034 4003 1410 4071 μεταδιδόντος
1453 4005 1626 4060 οὐδέν.
1683 4006 1864 4075 Ὅπερ
1911 4005 2001 4058 ἐπὶ

428 4092 667 4161 Χριστοῦ
707 4092 880 4153 οὐδεὶς
910 4092 1162 4160 οὐδαμῶς
1196 4092 1304 4144 τῶν
1335 4093 1602 4146 ἀνέκαθεν
1633 4094 2002 4164 μέχριςήμῶν

430 4182 734 4250 γενομένων
764 4181 856 4235 τοῦ
891 4182 1054 4250 λόγου
1096 4185 1196 4250 τῆς
1230 4182 1515 4247 εὐσεϐείας
1546 4183 1847 4254 ὑφηγητῶν
1877 4203 2003 4256 φρο-

429 4274 535 4326 νῶν
563 4273 947 4344 ἀνηγόρευται.
1004 4273 1091 4339 ἐφ’
1118 4266 1179 4327 οῦ
1217 4272 1342 4326 οὐτε
1398 4274 1557 4342 γένος
1599 4275 1721 4328 οὐτε
1753 4274 1892 4339 εἶδος
1926 4278 2002 4341 ὡς

426 4364 666 4435 Χριστοῦ
700 4365 1183 4434 κατηγορούμενον
1227 4366 1411 4435 εὑρεῖν
1463 4384 1547 4429 τις
1575 4369 1887 4435 δυνήσεται.
1923 4373 1997 4425 Οὐ

428 4458 537 4523 γὰρ
559 4455 773 4522 φύσεως
800 4454 942 4523 λόγῳ
976 4456 1113 4525 πρὸς
1144 4456 1291 4525 ἡμᾶς
1315 4455 1625 4525 δια-σαρκὸς
1653 4460 1681 4510 ὁ
1704 4460 1996 4528 θεαρχικὸς

2104 1994 2547 2061 sitmnChristum
2580 2007 2759 2061 dicere
2792 2007 3016 2061 omnino
3040 2022 3373 2072 recusamus,
3392 2021 3495 2061 non
3515 2005 3692 2061 solum

2104 2104 2323 2162 propter
2336 2111 2552 2164 causas,
2570 2113 2706 2167 quas
2724 2098 2983 2161 diximus,
3004 2113 3187 2151 verum
3212 2098 3373 2150 etiam
3390 2096 3515 2165 quia
3533 2110 3695 2149 nemo

2102 2186 2318 2240 Patrum
2344 2189 2694 2256 probatorum
2717 2189 2783 2243 ad
2800 2191 2944 2244 hune
2977 2204 3147 2258 usque
3176 2189 3316 2243 diem
3342 2202 3532 2243 vocem
3554 2190 3698 2240 hanc

2103 2281 2391 2347 protulisse
2420 2284 2867 2350 deprehenditur,
2888 2294 2942 2336 et
2971 2283 3226 2353 quoniam
3259 2281 3328 2334 ab
3355 2278 3697 2349 Apollinei-io;

2100 2377 2155 2423 et
2205 2370 2488 2438 discipulis
2531 2371 2651 2441 ejus
2702 2372 2982 2441 perspicue
3034 2372 3246 2425 videtur
3274 2383 3394 2424 esse
3424 2367 3689 2437 profecta.

2380 2446 2381 2449 Ἴ
2422 2464 2672 2531 Ejusdem
2702 2465 2767 2518 de
2796 2479 3017 2531 persona
3048 2464 3363 2531 composita.

2174 2556 2445 2620 Verum,si
2466 2558 2721 2625 quoniam
2746 2556 2924 2625 omnis
2974 2568 3207 2625 persona
3239 2551 3537 2620 composita
3567 2564 3692 2616 pro-

2099 2650 2247 2717 prias
2277 2658 2482 2717 partes,
2511 2656 2565 2704 et
2598 2662 2780 2703 secum
2813 2656 2866 2702 et
2899 2648 3044 2701 inter
3072 2646 3223 2716 ipsas
3270 2644 3516 2713 ejusdem
3552 2653 3690 2695 tem-

2100 2742 2246 2809 poris
2283 2742 2484 2795 habere
2539 2740 2986 2810 deprehenditur,
3025 2752 3123 2793 nos
3180 2745 3359 2795 autem
3412 2734 3690 2789 Christum

2097 2848 2386 2903 personam
2408 2847 2535 2890 esse
2563 2832 2921 2903 compositam
2960 2832 3146 2886 dicere
3197 2844 3304 2883 non
3347 2839 3690 2880 recusamus.

2099 2933 2379 2995 propterea
2414 2941 2512 2982 nos
2558 2924 2857 2980 adversarii
2905 2921 3141 2993 propriis
3170 2929 3359 2987 captos
3394 2914 3695 2971 rationibus

2101 3018 2576 3087 reprehensionem
2611 3017 2782 3072 vitare
2814 3030 2970 3086 posse
2997 3011 3338 3081 negaverint,
3389 3004 3692 3075 responde-

2099 3109 2297 3173 bimus,
2319 3123 2447 3163 vere
2474 3109 2550 3164 sic
2584 3123 2695 3163 rem
2735 3105 3123 3171 habituram,si
3149 3100 3528 3170 compositam,
3573 3107 3696 3149 tan-

2104 3215 2265 3270 quam
2294 3199 2550 3269 speciem,
2568 3215 2685 3271 quae
2703 3198 2771 3254 de
2792 3198 2906 3267 ipsa
2935 3197 3227 3258 diceretur,
3255 3192 3538 3246 habentem
3564 3202 3698 3243 con-

2101 3294 2437 3348 cederemus.
2472 3291 2627 3347 Nunc
2653 3301 2831 3346 autem
2876 3288 3017 3345 haud
3053 3290 3126 3342 ita
3179 3287 3470 3355 loquimur,
3517 3282 3697 3348 itaque

2106 3382 2155 3436 in
2190 3384 2389 3438 nullam
2421 3384 2715 3438 incidimus
2767 3380 3265 3453 reprehensionem.
3301 3376 3515 3432 Scimus
3547 3373 3693 3426 enim

2103 3477 2258 3544 plane
2281 3491 2492 3531 omnem
2512 3490 2796 3544 personam
2829 3473 3180 3541 compositam
3228 3468 3329 3524 sub
3359 3464 3539 3536 specie
3566 3478 3701 3519 con-

2104 3569 2353 3625 stitutam
2408 3583 2516 3621 non
2572 3568 2657 3622 sui
2694 3566 2866 3636 ipsam
2916 3565 3127 3617 ratione
3160 3562 3520 3629 compositam
3548 3569 3694 3615 esse,

2104 3659 2198 3713 sed
2253 3667 2473 3729 propter
2531 3667 2814 3721 naturam,
2865 3669 3021 3724 quae,
3055 3668 3178 3708 cum
3237 3651 3310 3705 sit
3367 3647 3690 3717 compositm

2101 3750 2265 3804 etiam
2310 3750 2545 3818 speciem
2597 3761 2719 3815 quae
2769 3746 3097 3815 prredicatur
3150 3742 3452 3803 contineat,
3491 3747 3545 3791 et
3586 3734 3691 3791 sub

2103 3854 2267 3909 quam
2319 3838 2392 3891 illi
2430 3846 2803 3906 comparatum
2846 3842 2929 3889 est
2967 3841 3024 3887 ut
3074 3832 3403 3893 reducatur;
3430 3836 3691 3893 tanquam

2104 3929 2367 3983 nimirum
2404 3927 2766 3998 particulare,
2801 3940 2898 3979 seu
2932 3923 3234 3995 singulare,
3267 3918 3528 3990 quidquid
3565 3918 3695 3971 uni-

2104 4019 2314 4074 versale
2344 4028 2427 4075 est
2469 4034 2565 4075 seu
2593 4033 2882 4073 commune
2918 4031 2983 4071 ac
3045 4015 3360 4086 genericum
3402 4012 3454 4065 in
3488 4026 3548 4065 se
3579 4010 3693 4079 ple-

2106 4114 2394 4169 nissimum
2441 4112 2660 4175 habeat,
2695 4125 2796 4165 nec
2844 4110 3139 4180 quidquam
3194 4121 3423 4177 prorsus
3455 4118 3569 4157 sua:
3604 4117 3697 4153 ra-

2109 4207 2278 4263 tionis
2338 4203 2634 4259 universali
2692 4217 2759 4257 ac
2789 4202 3047 4272 generico
3099 4199 3303 4254 tribuat
3351 4194 3543 4266 :quod
3575 4195 3710 4261 qui-.

2106 4299 2224 4354 dem
2271 4298 2338 4352 de
2381 4294 2595 4349 Christo
2647 4308 2804 4349 nemo
2833 4306 3056 4362 prorsus
3089 4304 3276 4347 eorum
3306 4288 3394 4359 qui
3448 4287 3514 4339 ad
3560 4289 3706 4341 hanc

2107 4399 2502 4460 usqueanatem
2531 4388 2749 4458 pietatis
2777 4386 3083 4441 doctrinam
3116 4383 3452 4438 tradiderunt
3502 4379 3705 4433 mentis.

2106 4498 2325 4550 compos
2365 4480 2579 4535 dixerit.
2608 4478 2683 4533 De
2712 4492 2818 4549 quo
2857 4486 2916 4531 ut
2958 4478 3023 4530 de
3047 4474 3264 4531 Christo
3316 4487 3475 4527 neruo
3530 4483 3707 4535 neque

428 4548 599 4614 Λόγος
630 4546 988 4616 ὲνεδήμησεν,
1018 4546 1153 4599 ἀλλὰ
1204 4548 1389 4617 τρόπῳ
1423 4549 1741 4616 οἰκονομίας
1785 4549 2000 4602 ἀνελλι-

2110 4592 2276 4645 genus
2303 4589 2479 4641 neque
2508 4572 2745 4641 speciem
2780 4569 2883 4624 dici
2913 4567 3252 4637 comperiet;
3292 4579 3408 4618 non
3430 4564 3576 4617 enim
3603 4574 3708 4612 ιιι-ς

426 4639 547 4700 πῶς
578 4636 757 4707 ἑαυτῷ
816 4637 939 4691 καθ’
968 4637 1266 4691 ὑπόστασιν
1298 4638 1530 4705 ένώσας,
1580 4640 1679 4711 τὴν
1720 4642 2004 4711 ἡμετέραν

427 4729 738 4781 ἀνεκαίνισε
788 4727 975 4797 φύσιν.
1027 4729 1190 4781 Ὥστε
1236 4732 1388 4783 οὐδὲν
1439 4732 1623 4785 αὐτῶν
1668 4735 1767 4803 τῆς
1798 4735 2002 4806 πολλῆς

429 4820 709 4890 περινοίας
741 4819 1050 4878 ἀπώναντο,
1088 4820 1252 4875 πάλιν
1280 4822 1360 4885 εἰς
1390 4825 1450 4875 τὸ
1499 4824 1687 4890 ποσὸν,
1727 4826 1865 4895 ὅπερ
1908 4845 2005 4879 πε-

430 4912 685 4981 φεύγασι,
722 4913 1162 4982 περιτραπέντος
1209 4916 1394 4975 αὐτοῖς
1433 4918 1527 4969 τοῦ
1584 4919 1773 4986 σοφοῦ,
1804 4921 1880 4984 ὡς
1933 4921 2008 4992 μὴ

428 5004 744 5071 δυναμένοις
770 5002 883 5055 οὐδ’
908 5002 1079 5072 αὐτὴν
1102 5004 1205 5073 τὴν
1234 5005 1292 5056 ἐν
1314 5004 1392 5075 τῷ
1422 5007 1569 5077 ποιῷ
1593 5009 1859 5080 διαφορὰν
1878 5012 2008 5067 ἄνευ

432 5094 597 5147 ποσοῦ
629 5090 770 5147 εἷναι
801 5093 1002 5161 λέγειν.
1037 5094 1278 5163 Ἀνάγκη
1300 5095 1408 5165 γὰρ
1438 5100 1589 5151 πᾶσα
1613 5101 1818 5165 πολλὰς
1845 5098 2008 5170 εἶναι,

431 5185 462 5254 ἢ
494 5184 554 5237 τὸ
583 5185 805 5254 μέτριον
832 5184 946 5250 δύο,
974 5178 1051 5239 ὧν
1082 5185 1183 5252 τὴν
1227 5186 1493 5256 διαφορὰν
1516 5184 1656 5241 εἰναι
1686 5190 2009 5261 ὑπολαμϐά-

431 5294 604 5329 νουσι.
656 5278 843 5346 Mdqu
874 5277 985 5346 γὰρ
1033 5278 1300 5347 ποιότητα
1341 5280 1479 5349 πρὸς
1526 5281 1695 5351 ἄλλην
1728 5284 2011 5347 παντελῶς

430 5369 645 5437 ἀμιγῶς
673 5367 908 5437 ἔχουσαν
957 5373 1093 5439 πρὸς
1143 5370 1344 5437 ἑαυτὴν
1381 5366 1663 5441 διαφέρειν
1688 5374 1787 5427 οὐκ
1831 5375 1897 5429 ἄν
1926 5394 2010 5439 τις

431 5459 553 5512 νοῦν
572 5458 713 5528 ἔχων
739 5460 888 5512 εἵποι
924 5461 1077 5513 ποτέ.
1112 5462 1317 5514 Λοιπὸν
1344 5458 1494 5533 οὗνῆ
1526 5466 1620 5518 καὶ
1668 5466 1841 5536 αὐτῆς
1872 5468 2010 5522 παύ-

432 5564 616 5603 σονται
655 5550 755 5620 τῆς
799 5550 962 5619 ψιλῆς
995 5549 1263 5621 διαφορᾶς
1291 5590 1307 5615 ,
1338 5555 1509 5607 ποσοῦ
1570 5555 1792 5618 πάντως
1845 5557 2010 5610 τινῶν

429 5640 798 5711 διαφερόντων
848 5642 1156 5713 δηλωτικὴν
1208 5644 1377 5714 αὐτὴν
1429 5642 1594 5699 οὖσαν
1627 5648 1914 5718 μαθόντες,
1972 5649 2003 5720 ἢ

435 5732 531 5785 σὺν
565 5733 699 5801 ἡμῖν
721 5734 817 5802 τῆς
844 5734 1104 5805 ἀληθείας
1127 5741 1224 5809 τὴν
1258 5738 1551 5807 ὁμολογίαν
1590 5741 2008 5808 καταδεξάσθω-

434 5841 535 5881 σαν
574 5824 653 5895 τῷ
686 5826 849 5897 λόγῳρ
870 5827 972 5897 τῆς
1001 5830 1265 5903 διαφορᾶς
1307 5832 1400 5885 καὶ
1435 5833 1595 5903 μόνον
1622 5835 1756 5905 πρὸς
1803 5836 2004 5904 γνῶσιν

2110 4682 2237 4725 tunc
2264 4667 2493 4731 ratione,
2523 4665 2589 4719 ad
2608 4679 2702 4718 nos
2734 4662 2825 4716 Dei
2845 4660 3083 4717 Verbum
3114 4675 3209 4729 per
3238 4670 3454 4713 carnem
3478 4655 3704 4708 descen-

2106 4758 2204 4821 dit,
2239 4756 2332 4809 sed
2366 4757 2574 4810 ratione
2622 4754 3040 4824 dispensationis
3079 4751 3181 4807 sibi
3226 4751 3344 4804 sine
3374 4745 3701 4800 detrimento

2108 4858 2357 4902 naturam
2380 4856 2617 4902 nostram
2645 4846 2997 4916 coniungens,
3025 4859 3147 4898 eam
3177 4840 3475 4898 renovavit.
3494 4839 3699 4904 Quaru-

2108 4943 2292 4995 ohrem
2329 4956 2519 5009 magna
2565 4938 2838 4993 dementia
2870 4952 2965 4992 sua
3012 4935 3147 4990 nihil
3174 4933 3548 5005 profecerunt,
3574 4945 3695 4986 cum

2110 5034 2348 5103 ipsorum
2365 5032 2625 5101 sapientia
2655 5032 2722 5085 ad
2749 5031 3132 5101 quantitatem,
3152 5044 3313 5099 quam
3342 5036 3697 5097 negaverunt,

2110 5125 2353 5187 redierit,
2391 5123 2588 5193 quippe
2616 5124 2705 5192 qui
2764 5138 2829 5176 ne
2878 5123 3046 5191 ipsam
3079 5122 3294 5189 quidem
3353 5120 3408 5173 in
3437 5119 3701 5189 qualitate

2111 5216 2489 5283 diiierentiam,
2510 5218 2626 5273 sine
2652 5216 2954 5286 quantitate
2984 5217 3166 5269 dicere
3199 5214 3429 5268 valeant.
3463 5210 3695 5265 Necesse

2110 5312 2251 5365 enim
2287 5321 2387 5375 est,
2421 5320 2473 5363 ut
2508 5310 2687 5363 multa:
2719 5309 2848 5373 sint,
2890 5316 2983 5361 aut
3012 5307 3133 5362 duae
3169 5307 3357 5360 saltem
3383 5302 3696 5371 qualitates,

2112 5412 2171 5456 ut
2213 5402 2409 5457 dictum
2448 5411 2551 5464 est,
2622 5416 2851 5471 quarum
2906 5399 3263 5455 diﬂ'erentiam
3319 5393 3694 5458 constituant;

2111 5508 2271 5549 unam
2296 5494 2439 5548 enim
2466 5493 2802 5562 qualitatem.
2826 5507 2942 5560 qua:
2962 5507 3082 5545 cum
3106 5489 3208 5542 alia
3265 5490 3484 5554 prorsus
3541 5485 3698 5539 misfa

2112 5602 2216 5641 non
2246 5588 2336 5650 sit,
2355 5600 2540 5641 secum
2559 5587 2724 5655 ipsam
2757 5584 2994 5647 diﬂerre,
3029 5594 3187 5635 nemo
3246 5592 3411 5632 sanus
3462 5590 3698 5645 unquam

2112 5678 2326 5734 dixerit.
2358 5678 2638 5746 Reliquum
2671 5677 2833 5745 igitur
2849 5684 2952 5738 εει,
2978 5673 3128 5726 utvel
3157 5672 3222 5725 ab
3244 5670 3353 5739 ipsa
3384 5666 3525 5721 nuda
3550 5680 3705 5721 rece-

2110 5772 2240 5823 dmt
2288 5768 2613 5830 diﬂ'erentia.
2651 5782 2773 5823 cum
2819 5764 3140 5834 intelligant,
3178 5764 3351 5833 ipsam
3380 5758 3599 5813 omnino
3627 5758 3698 5811 si-

2109 5857 2360 5923 gniﬁcare
2419 5860 2720 5926 aliquorum
2764 5856 3143 5923 ddicrentiam,
3180 5854 3551 5925 quantitatem,
3616 5843 3701 5906 vei
