4082 6400
405 310 542 380 1047

404 525 868 583 substantialium
905 532 1332 591 diﬂ‘erentiarum
1359 552 1550 597 mutuo
1613 550 1972 615 pugnantium

399 629 571 682 capax
606 616 869 684 erit?Qui
903 622 1049 676 enim
1087 623 1199 678 ﬁeri
1227 635 1428 696 potest,
1465 635 1737 690 uteadem
1773 646 1973 693 natura

400 705 586 770 simul,
624 717 675 762 ct
707 719 886 764 creata
915 713 1005 767 sit.
1040 721 1093 768 et
1119 715 1394 786 increata;
1459 724 1729 798 mortalis,
1790 737 1845 783 et
1874 731 1977 784 im-

402 798 678 865 mortalis;
710 801 1142 875 circumscripta,
1171 817 1225 864 et
1251 811 1771 889 iucircumscripta?

469 887 847 960 Monophysita:
878 896 1146 952 Christum
1175 911 1398 975 utraque
1448 887 1651 966 naturai
1670 914 1962 983 perfectum

399 976 655 1044 fatentur.
686 1009 756 1020 --
786 983 941 1047 Quod
978 987 1021 1040 si
1056 990 1220 1042 etiam
1255 991 1538 1052 Christum
1573 976 1784 1057 natura;
1807 1005 1969 1062 unius

397 1083 515 1120 esse
540 1069 820 1135 dicentes,
861 1077 1169 1146 simplicem
1201 1082 1340 1136 hanc
1367 1101 1490 1142 esse
1549 1104 1824 1158 asset-ant,
1875 1107 1971 1152 aut

381 1157 603 1222 ,nndum
643 1159 794 1216 illum
827 1165 993 1220 Deum
1052 1171 1486 1245 conﬁtebuntur,
1527 1195 1736 1254 proque
1788 1157 1970 1242 incar-

397 1247 618 1304 natione
643 1266 845 1308 meram
873 1257 1108 1324 speciem
1136 1263 1415 1328 inducent,
1465 1281 1558 1326 aut
1607 1285 1753 1332 certe
1801 1280 1966 1336 veluti

391 1337 696 1404 Nestorius.
734 1345 1004 1404 hominem
1039 1366 1254 1419 purum.

462 1427 961 1503 Monopltysilarum
1013 1456 1183 1511 error,
1250 1454 1388 1511 quod
1445 1465 1695 1512 naturam
1759 1479 1790 1515 a
1842 1480 1963 1534 per-

387 1536 518 1574 sona
566 1541 669 1577 non
721 1527 1074 1600 distinguant.
1103 1535 1395 1593 —Vcrum
1442 1543 1548 1600 hoc
1613 1527 1852 1606 demum.
1881 1567 1963 1610 est

387 1614 533 1679 quod
577 1614 845 1673 haereticis
867 1623 1278 1684 crraudicausa
1311 1640 1418 1692 est.
1481 1639 1630 1706 quod
1700 1652 1950 1699 naturam

390 1713 446 1758 et
518 1706 854 1777 hypostasim
933 1731 1054 1772 esse
1109 1718 1251 1776 idem
1307 1732 1572 1784 statuant.
1655 1729 1774 1788 Etsi
1834 1750 1960 1788 vero

386 1807 551 1846 unam
586 1794 868 1854 hominum
907 1817 1032 1860 esse
1060 1805 1416 1876 dictitamus,
1451 1820 1509 1868 at
1543 1831 1654 1872 non
1685 1821 1868 1876 anima
1911 1834 1966 1878 et

385 1897 619 1953 corpore
647 1891 945 1959 spectatis;
979 1908 1104 1950 cum
1143 1899 1256 1954 ﬁeri
1293 1918 1394 1959 non
1430 1907 1638 1975 possit,
1670 1917 1729 1963 ut
1753 1926 1957 1982 corpus

384 1980 437 2024 ct
463 1973 702 2028 animam
734 1978 898 2033 simul
923 1994 1294 2054 comparando
1321 1973 1488 2052 unius
1509 2013 1573 2053 ea
1595 2013 1724 2056 esse
1745 2012 1958 2060 naturae
1987 2018 2030 2074 Β

384 2060 717 2118 alﬁrmemus
746 2085 757 2120 :
792 2069 885 2124 scd
919 2071 1047 2142 quia
1084 2075 1329 2146 plurima:
1371 2083 1653 2141 hominum
1687 2088 1950 2162 hyposta-

381 2165 475 2206 ses
524 2161 580 2208 et
627 2169 876 2225 personae
930 2173 1098 2233 sunt,
1145 2172 1392 2227 eamdem
1443 2190 1636 2235 omnes
1683 2161 1952 2238 rationem

384 2251 596 2300 natura:
631 2248 924 2317 recipiunt.
958 2255 1159 2314 Omnes
1187 2263 1392 2335 quippe
1425 2279 1657 2337 corpore
1689 2282 1741 2326 et
1773 2274 1954 2328 anima

381 2343 673 2403 constant,
705 2352 1042 2413 omnesque,
1086 2362 1212 2404 cum
1255 2354 1451 2411 animae
1491 2367 1744 2416 naturam
1787 2366 1956 2434 parti-

378 2422 603 2494 cipant,
640 2435 1039 2504 tumrcorporis
1086 2441 1458 2501 substantiam
1518 2448 1757 2517 habent,
1787 2422 1954 2508 ⁸οοιιι-

381 2528 716 2588 inanemque
743 2525 1005 2591 speciem.
1039 2527 1161 2594 Quo
1195 2531 1254 2586 ﬁt
1287 2543 1346 2589 ut
1375 2536 1737 2605 plurimarum
1773 2540 1956 2598 diver-

378 2783 649 2855 haheant,
681 2799 736 2846 et
779 2793 834 2851 in
877 2795 1096 2856 duabus
1141 2807 1388 2873 naturis,
1439 2783 1690 2881 corporis
1739 2814 1950 2870 scilicet

375 2881 429 2927 et
459 2876 693 2947 animae,
726 2891 947 2944 exstare
971 2902 1324 2952 censeantur.

441 2980 508 3034 At
538 2998 669 3039 vero
699 2984 744 3016 “
776 2986 835 3042 in
867 2985 1100 3043 Domino
1144 3001 1338 3050 nostro
1385 2996 1518 3053 Jesu
1562 2998 1786 3056 Christo
1841 3019 1951 3062 non

1634 340 2018 404 EU'l‘IlYMll
2056 293 2421 414 ZIG‘KBENI

475 433 554 486 Ad
583 433 716 496 haec,
768 450 1010 504 quonam
1045 455 1204 511 pacto
1270 462 1372 499 una
1433 451 1733 522 eademque
1783 466 1978 512 natura
2012 467 2055 520 Α

2161 465 2284 530 Πῶς
2305 469 2362 522 δὲ
2391 473 2484 524 καὶ
2511 473 2608 544 μία
2636 475 2797 545 φύσις
2827 478 2936 533 τῶν
2965 481 3225 542 ἐναντίων
3241 491 3518 547 οὑσιωδῶν
3539 494 3656 548 δια-

2083 555 2266 623 φορῶν
2299 558 2525 628 δεκτικὴ
2581 568 2906 636 γενήσεται;
2970 572 3096 638 Πῶς
3148 579 3256 649 γὰρ
3295 582 3521 637 δυνατὸν
3553 586 3654 656 τὴν

2080 646 2252 718 αὐτὴν
2291 651 2456 719 φύσιν
2486 656 2632 708 κατὰ
2660 659 2859 715 ταύτὸν
2889 665 3116 736 κτιστὴ·ι
3167 666 3310 725 εῖναι
3361 677 3451 726 καὶ
3489 677 3646 731 ἄκτι-

2083 753 2228 800 οτον,
2262 741 2461 814 θνητὴν
2494 748 2587 800 καὶ
2617 750 2908 820 ἀθάνατον,
2950 764 3343 834 περιγραπτὴν
3375 766 3468 820 καὶ
3499 770 3641 822 ἀπεο

2080 829 2384 902 ρίγραπτον
2415 854 2431 903 ;

2149 925 2208 977 Et
2239 925 2293 978 δὲ
2331 931 2462 996 μιᾶς
2489 933 2741 1002 λέγοντες
2775 939 2864 992 τὸν
2918 941 3154 1011 Χριστὸν
3187 945 3430 1013 φύσεως.
3465 950 3647 1023 ἁπλῆν

2072 1017 2276 1087 ταύτην
2305 1019 2535 1088 εἴποιεν,
2569 1028 2603 1094 ἢ
2631 1030 2841 1099 γυμνὸν
2871 1034 3038 1089 αὑτὸν
3071 1036 3204 1091 Θεὸν
3225 1017 3646 1112 ὁμολογήσουσι,

2073 1109 2168 1210 καὶ
2201 1115 2501 1177 φαντασίαν
2530 1119 2860 1189 είσάξουσιν,
2899 1125 2999 1182 οὑκ
3031 1109 3471 1205 ἔνανθρώπησινή,
3499 1135 3532 1210 η
3561 1109 3651 1207 dat-

2071 1192 2161 1247 Abv
2195 1197 2483 1272 ἄνθρωπον
2512 1210 2656 1262 κατὰ
2687 1211 3005 1284 Νεστόριον.

2154 1473 2313 1549 Ἀ).λᾶ
2349 1475 2506 1530 τοῦτό
2532 1480 2649 1533 ἐστι
2707 1485 2769 1536 τὸ
2820 1489 3012 1542 ποιοῦν
3060 1493 3174 1556 τοῖς
3209 1495 3506 1565 αἱρετικοῖς
3543 1500 3642 1572 τὴν

2069 1561 2304 1633 πλάνην,
2332 1566 2392 1618 τὸ
2422 1569 2586 1623 ταὺτὸ
2616 1570 2799 1640 λέγειν
2818 1575 2918 1646 τὴν
2969 1579 3157 1657 φύσιν,
3188 1561 3287 1636 καί
3342 1587 3442 1657 τὴν
3499 1561 3636 1644 ὑπό-

2067 1668 2286 1708 στασιν.
2357 1656 2578 1731 Ἐπειδὴ
2635 1661 2692 1715 δὲ
2757 1665 2890 1734 μίαν
2958 1655 3068 1723 τῶν
3113 1655 3425 1744 ἀνθρώπων
3474 1680 3641 1748 φύσιν

2057 1745 2280 1840 φαμὶιν1
2307 1748 2480 1803 ίστὲον
2517 1750 2594 1816 ὡς
2625 1753 2725 1840 οὑκ
2752 1758 3073 1829 ἀφορῶντες
3102 1765 3186 1829 είς
3210 1765 3300 1822 τὸν
3332 1769 3433 1838 τῆς
3463 1745 3642 1840 ψυχῆς

2054 1829 2152 1883 καὶ
2187 1830 2282 1884 τοῦ
2346 1833 2602 1905 σώματος
2657 1837 2838 1910 λόγον,
2893 1846 3052 1903 τοῦτο
3089 1849 3352 1922 λεγόμεν’
3384 1829 3648 1915 ἀδύνατον

2064 1917 2173 1986 γὰρ
2203 1923 2331 1990 μιᾶς
2358 1923 2572 1991 φύσεως
2596 1928 2775 1999 λέγειν
2802 1934 2904 2004 τὴν
2924 1936 3102 2009 ψυχὴν
3127 1917 3302 1998 καὶ-τὺ
3324 1947 3483 2018 σῶμα
3513 1952 3648 2021 πρὸς

2059 2009 2262 2080 ἄλληλα
2294 2020 2720 2089 συγκρινόμενα.
2782 2026 2923 2079 Ἀλλ’
2975 2032 3164 2104 ἐπειδὴ
3225 2009 3476 2091 πλεῖσται
3512 2009 3645 2092 ὑττολ

2061 2101 2284 2166 στάσεις
2324 2105 2433 2159 τῶν
2491 2109 2794 2182 ἀνθρώπων
2835 2117 2962 2185 εἰσὶ,
2998 2101 3201 2186 πάντες
3252 2125 3309 2178 δὲ
3342 2127 3434 2180 τὸν
3480 2130 3644 2184 αὑτὸν

2062 2191 2402 2264 ἐπιδέχονται
2428 2197 2587 2266 λόγον
2606 2201 2701 2272 τῆς
2727 2203 2944 2271 φύσεως
2964 2223 2979 2238 ο
3007 2209 3211 2275 πάντες
3238 2213 3347 2284 γὰρ
3385 2217 3448 2268 ἐκ
3466 2217 3645 2288 ψυχῆς

2060 2282 2166 2335 είσι
2201 2288 2628 2358 συντεθειμένοι,
2673 2294 2768 2348 καὶ
2826 2296 3099 2368 σώματος,
3135 2303 3231 2355 καὶ
3283 2282 3491 2371 στάντες

2059 2370 2274 2440 φύσεως
2300 2375 2397 2442 τῆς
2435 2375 2613 2448 ψυχῆς
2639 2381 2996 2452 μετειλήφασι
3022 2425 3036 2450 ,
3074 2390 3168 2442 καὶ
3201 2393 3300 2460 τὴν
3327 2395 3514 2448 οὐσίαν
3542 2396 3640 2449 τοῦ

2057 2459 2307 2532 σώματος
2335 2467 2669 2538 κέκτηνται,
2719 2474 2814 2528 καὶ
2839 2476 2898 2529 τὸ
2928 2478 3106 2532 κοινὸν
3135 2477 3274 2547 εἶδος
3294 2501 3309 2515 ·
3346 2485 3455 2539 τῶν
3488 2485 3640 2541 πλεί-

2058 2566 2199 2605 στων
2241 2554 2335 2606 καὶ
2368 2555 2643 2629 διαφόρων
2664 2561 3017 2619 ὑποστάσεων
3061 2569 3192 2638 μίαν
3219 2570 3382 2638 φύσιν
3415 2590 3487 2640 φα
3500 2575 3635 2643 μέν’

2059 2642 2297 2715 ἑκάστης
2343 2645 2546 2721 δηλαδὴ
2594 2651 2946 2719 ὑποστάσεως
2991 2657 3084 2711 δύο
3130 2659 3323 2729 φύσεις
3371 2663 3628 2733 ἐχούσης,

2054 2732 2149 2786 καὶ
2180 2735 2237 2786 ἐν
2262 2735 2384 2789 δυσὶ
2414 2738 2678 2810 τελούσης
2703 2745 2825 2807 ταῖς
2857 2745 3076 2814 φύσεσι,
3109 2749 3286 2822 ψυχῆς
3317 2751 3484 2822 λέγω,
3539 2732 3636 2809 καὶ

2059 2840 2333 2894 σωματος.

2126 3004 2250 3060 Ἐπὶ
2275 3008 2330 3062 δὲ
2363 3011 2456 3064 τοῦ
2481 3014 2686 3085 Κυρίου
2718 3017 2875 3086 ἡμῶν
2909 3020 3086 3090 Ἰησοῦ
3115 3025 3354 3098 Χριστοῦ
3378 3030 3479 3082 οὑκ
3511 3029 3627 3084 ἔστι

369 3081 551 3142 potest
585 3076 760 3147 accipi
791 3081 1104 3136 communis
1138 3085 1374 3154 species.
1407 3087 1596 3159 Neque
1627 3092 1777 3147 enim
1809 3091 1947 3160 fuit,

2042 3097 2217 3151 κοινὸν
2255 3097 2394 3167 εἶδος
2438 3076 2645 3166 λαὸείν.
2684 3076 2824 3164 uti};
2877 3076 2984 3184 γάῥ
3015 3076 3252 3184 ἐγένετο,
3294 3121 3415 3175 οὑδέ
3447 3126 3619 3190 ἐστιν,

369 3177 470 3218 nec
499 3175 585 3220 est
610 3205 626 3230 ,
654 3181 756 3222 nec
786 3185 1029 3240 unquam
1063 3173 1169 3227 erit
1201 3175 1348 3232 alius
1377 3178 1632 3236 Christus
1659 3197 1724 3237 ex
1752 3175 1948 3242 deﬂate

364 3259 421 3305 et
454 3252 832 3320 humanitate,
871 3259 1037 3329 inque
1080 3262 1286 3319 deitate
1328 3273 1383 3320 et
1425 3267 1774 3328 humanitate
1803 3274 1945 3330 idem

366 3341 644 3408 perfectus
677 3343 823 3401 Deus
844 3387 859 3413 ,
884 3357 939 3404 et
971 3350 1252 3419 perfectus
1288 3355 1471 3410 homo.
1507 3358 1642 3413 llinc
1675 3360 1765 3428 iit,
1802 3371 1860 3417 ut
1891 3373 1943 3419 in

366 3427 597 3488 Domino
627 3443 820 3490 nostro
851 3435 982 3494 Jcsu
1032 3439 1252 3496 Christo
1300 3457 1497 3500 natura
1553 3465 1659 3502 una
1709 3451 1941 3509 dicenda

363 3536 474 3576 non
509 3524 617 3590 sit,
653 3535 706 3580 ut
741 3528 934 3582 eodem
969 3532 1135 3587 modo
1166 3533 1232 3586 de
1267 3534 1489 3592 Christo
1521 3541 1614 3608 qui
1650 3556 1714 3595 ex
1743 3543 1944 3601 deitate

361 3621 417 3666 ct
447 3613 791 3672 humanitate
818 3623 1159 3689 compositus
1186 3633 1268 3679 est
1291 3665 1304 3688 ,
1337 3627 1646 3696 loquamur,
1677 3633 1844 3688 veluti
1875 3634 1944 3693 de

358 3703 650 3760 individuo
682 3709 827 3777 quod
860 3724 1092 3779 corpore
1124 3722 1178 3768 et
1211 3717 1392 3770 anima
1429 3713 1666 3775 constat.
1717 3723 1834 3778 Illic
1866 3726 1940 3781 si-

355 3794 580 3860 quidem
617 3795 963 3852 individuum
1008 3814 1128 3867 est;
1182 3813 1238 3860 at
1284 3805 1540 3864 Christus
1591 3825 1937 3883 nequaquam

355 3895 440 3936 cst
471 3883 815 3941 individuttm
849 3907 860 3943 :
896 3905 1072 3961 neque
1121 3895 1266 3948 enim
1317 3897 1700 3964 Christitatis,
1753 3911 1813 3956 ut
1865 3906 1936 3958 ita

354 3973 534 4028 dicam
556 4018 570 4042 ,
602 3979 840 4046 speciem
876 3982 1150 4050 ejusmodi
1192 3985 1391 4052 habet,
1424 3988 1490 4044 de
1520 4007 1625 4060 qua
1676 3995 1939 4064 praedice-

355 4075 461 4119 tur.
493 4068 572 4122 Ac
603 4070 834 4138 proinde
877 4088 943 4128 ex
986 4075 1202 4132 duabus
1248 4081 1462 4137 naturis
1494 4084 1759 4152 perlectis
1785 4129 1798 4152 ,
1834 4089 1936 4143 hoc

353 4166 437 4212 cst
458 4197 474 4220 ,
507 4159 692 4214 divina
720 4171 775 4216 et
803 4163 1077 4232 hutnana,
1111 4169 1373 4224 unionem
1404 4188 1532 4228 esse
1563 4174 1764 4230 factam
1797 4180 1932 4232 dici-

351 4263 476 4302 mus
497 4287 513 4311 ,
546 4265 656 4304 non
691 4254 757 4304 ad
796 4253 1018 4307 modum
1053 4261 1468 4328 conspersionis
1491 4304 1505 4329 ,
1539 4278 1642 4318 nec
1673 4279 1770 4334 per
1797 4282 1930 4321 con-

346 4339 625 4393 fusionem
652 4381 666 4404 ,
700 4341 780 4394 vel
812 4344 1248 4402 commistionem
1271 4391 1287 4413 ,
1319 4361 1414 4406 aut
1443 4357 1930 4425 temperationem,

347 4429 816 4498 quemadmodum
851 4433 942 4488 ille
979 4435 1237 4492 Numinis
1265 4444 1345 4495 ira
1390 4443 1674 4503 immissus
1706 4447 1928 4506 Diosco-

347 4533 476 4586 rus,
525 4518 802 4592 Etttyches
848 4525 1013 4592 item,
1064 4538 1117 4582 et
1166 4529 1442 4601 Severus,
1490 4538 1696 4608 quique
1751 4511 1994 4611 impia:D

342 4626 536 4667 eorum
563 4613 764 4671 classis
790 4627 957 4686 sunt,
989 4634 1348 4680 asseruerunt
1376 4645 1387 4681 :
1417 4643 1518 4684 nec
1545 4635 1887 4700 personalem
1909 4675 1924 4701 ,

341 4712 435 4758 aut
468 4705 774 4761 secundum
807 4709 1133 4767 relationem
1157 4753 1171 4778 ,
1206 4725 1300 4770 aut
1330 4717 1386 4772 in
1433 4721 1649 4784 ratione
1687 4723 1928 4795 dignita-

338 4793 412 4847 tis
434 4834 449 4857 ,
481 4803 579 4849 aut
610 4797 666 4852 in
705 4813 812 4853 una
842 4800 1148 4861 voluntatis
1187 4812 1630 4880 conspiratione,
1680 4793 1785 4871 aut,
1822 4817 1916 4872 ho-

339 4885 494 4941 noris
523 4887 820 4955 qualitate,
851 4901 946 4945 aut
977 4895 1166 4950 eadem
1201 4913 1265 4952 ac
1297 4903 1608 4970 promiscua
1636 4921 1926 4978 nuncupa-

334 4977 518 5042 tione,
553 4987 650 5034 aut
677 4981 1060 5041 benevolentia
1110 4990 1390 5058 positam,
1438 5002 1498 5047 ut
1548 4994 1658 5052 Deo
1708 4977 1925 5056 invisus

333 5066 623 5124 Nestorius
646 5111 659 5135 ,
695 5070 1080 5146 Diodorusquc
1103 5115 1117 5142 ,
1149 5088 1206 5134 et
1242 5080 1706 5152 Mopsuesticnsis
1739 5087 1924 5146 Theo-

334 5159 536 5225 dorus,
571 5176 697 5216 cum
726 5163 998 5221 diabolica
1034 5183 1132 5222 sua
1163 5179 1382 5227 caterva
1414 5189 1787 5234 censuerunt:
1824 5183 1920 5237 sed

331 5265 430 5319 per
452 5254 909 5323 compositionem
931 5298 946 5322 ,
971 5257 1077 5314 hoc
1097 5269 1180 5315 est
1205 5264 1511 5321 secundum
1538 5268 1882 5340 hypostasim
1901 5314 1916 5337 ,

333 5343 455 5398 sine
489 5344 600 5398 ulla
631 5349 997 5403 conversione
1018 5390 1031 5414 ,
1068 5366 1169 5405 nec
1201 5353 1526 5414 confusione
1549 5401 1563 5427 ,
1600 5376 1702 5416 nec
1737 5371 1916 5416 muta-

333 5435 483 5487 tione
504 5475 519 5500 ,
553 5448 664 5489 nec.
688 5435 962 5491 divisione
985 5477 999 5502 ,
1033 5453 1135 5494 nec
1160 5440 1425 5498 distantia
1447 5487 1463 5511 ,
1497 5447 1667 5519 inque
1701 5448 1914 5505 duabus

305 5523 596 5594 perfectis
625 5528 841 5584 naturis
873 5544 1038 5585 unam
1068 5531 1191 5586 Filii
1227 5533 1318 5590 Dei
1370 5545 1424 5591 et
1478 5539 1749 5596 incarnati
1785 5558 1913 5613 ρει-η

292 5601 526 5669 ἐοιηιιη
562 5618 892 5674 conﬁtemur
941 5637 956 5686 ;
1082 5638 1246 5678 unam
1305 5626 1555 5683 dicentes
1604 5631 1911 5690 divinitatis

334 5703 509 5766 iusius
541 5713 593 5759 et
625 5708 991 5769 humanitatis
1029 5712 1371 5784 Itypostasim
1399 5752 1410 5780 ρ
1642 5723 1776 5778 duas
1811 5738 1907 5780 au-

2037 3185 2160 3241 οὑτε
2187 3191 2319 3246 ποτὲ
2365 3197 2657 3266 γενήσεται
2708 3201 2866 3264 ἄλλος
2898 3205 3134 3275 Χριστὸς
3163 3209 3226 3262 ὲκ
3259 3210 3509 3282 θεότητός
3560 3185 3619 3266 τε

2039 3278 2134 3331 καὶ
2178 3281 2634 3358 ἀνθρωπότητος,
2696 3294 2754 3344 ἐν
2820 3293 3035 3365 θεότητι
3085 3299 3177 3350 καὶ
3214 3278 3616 3374 ἀνθρωττότητι,

2037 3365 2171 3431 Θεὸς
2195 3371 2398 3436 τέλειος
2424 3376 2452 3428 ό
2483 3377 2666 3445 αὐτὸς,
2700 3383 2792 3434 καὶ
2815 3384 3102 3455 ἄνθρωπος
3135 3365 3357 3452 τέλειος.
3401 3365 3618 3446 Ἐντεὺξ

2039 3456 2130 3507 θεν
2180 3461 2278 3514 οὑκ
2340 3463 2488 3518 ἔστιν
2549 3469 2724 3523 εἰπεῖν
2779 3473 2910 3542 μίαν
2946 3477 3108 3543 φύσιν
3136 3479 3230 3532 ἐπὶ
3271 3481 3364 3534 τοῦ
3410 3485 3615 3552 Κυρίου

2036 3547 2192 3615 ήμῶν
2231 3551 2404 3621 Ἰησοῦ
2439 3557 2702 3627 Χριστοῦ,
2733 3561 2922 3635 ὥσπερ
2953 3566 3045 3619 ἐπὶ
3092 3568 3186 3621 τοῦ
3233 3571 3437 3640 ἀτόμου
3479 3547 3509 3609 ί
3551 3576 3617 3627 ὲκ

2034 3635 2215 3708 ψυχῆς
2255 3645 2349 3696 καὶ
2373 3645 2624 3717 σώματος
2663 3656 3050 3725 συγκειμένου,
3091 3657 3234 3713 οὕτω
3274 3635 3368 3714 καὶ
3394 3665 3486 3716 ἐπὶ
3518 3665 3612 3718 τοῦ

2035 3731 2272 3801 Χριστοῦ
2306 3738 2368 3790 ἐκ
2390 3737 2641 3810 θεότητος
2697 3743 2791 3797 καὶ
2841 3746 3281 3818 ἀνθρωπότητος.
3333 3753 3480 3807 Ἐκεῖ
3513 3757 3613 3826 μὲν

2033 3827 2142 3897 γὰρ
2169 3829 2390 3898 ἄτομον,
2419 3831 2446 3881 ὁ
2471 3829 2525 3882 δὲ
2558 3829 2792 3898 Χριστὸς
2820 3835 2921 3889 οὑκ
2951 3836 3152 3907 ἄτομον
3175 3855 3187 3868 ·
3213 3841 3335 3894 οὑδὲ
3357 3842 3464 3913 γὰρ
3499 3845 3610 3913 ἔχει

2033 3916 2512 3987 κατηγορούμενον
2576 3916 2713 3982 εἶδος
2764 3921 3134 3996 Χριστότητος
3187 3929 3278 3980 Διὸ
3303 3930 3364 4000 δὴ
3404 3933 3468 3984 ἐκ
3520 3933 3611 3986 δύο

2035 4005 2249 4074 φύσεων
2307 4007 2550 4072 τελείων,
2585 4009 2735 4072 Θείας
2789 4029 2846 4064 τε
2884 4015 2977 4067 καὶ
3024 4016 3396 4090 ἀνθρωπίνης,
3431 4025 3611 4092 φαμὲν

2033 4095 2357 4166 γεγενῆσθαι
2379 4097 2478 4168 τὴν
2499 4099 2723 4152 ἕνωσιν·
2761 4102 2823 4154 οὑ
2873 4104 3015 4157 κατά
3060 4108 3300 4177 φυρμὸν,
3336 4111 3368 4182 ἢ
3410 4111 3609 4184 σύγχυ-

2033 4201 2137 4247 σιν,
2179 4185 2211 4255 ἢ
2245 4185 2548 4257 σύγκρασιν
2574 4187 2619 4252 ι,
2647 4190 2680 4260 ἢ
2715 4193 3040 4263 ἀνάκρασιν,
3076 4197 3149 4258 ὡς
3171 4199 3199 4250 6
3227 4198 3483 4271 θεήλατος
3505 4203 3606 4274 ἔφη

2030 4276 2342 4350 Διόσκορος,
2387 4279 2693 4352 Εὑτυχήςπδ
2734 4299 2816 4345 τε,
2856 4286 2950 4337 καὶ
2989 4287 3249 4358 Σευῆρος,
3278 4290 3372 4344 καὶ
3414 4295 3448 4363 ἡ
3485 4294 3608 4346 τού-

2029 4382 2137 4418 των
2160 4369 2358 4438 ἐναγὴς
2383 4373 2666 4441 συμμορία
2693 4389 2706 4402 ο
2741 4374 2863 4427 οὑδὲ
2916 4381 3300 4451 προσωπικὴν,
3334 4381 3367 4452 ἢ
3427 4401 3608 4453 σχετι-

2028 4453 2148 4524 κὴν,
2184 4456 2556 4526 ἢκατ’ἁξίαν,
2600 4462 2632 4532 ἢ
2683 4463 3095 4531 ταυτοὸουλίαν,
3147 4468 3178 4539 ἢ
3227 4469 3607 4542 όμοτιμίαν,ῆ

2024 4546 2367 4616 ὁμωνυμίαν,
2397 4550 2428 4619 ἢ
2461 4551 2733 4616 εὐδοκίαν,
2769 4553 2844 4617 ὡς
2878 4555 2906 4605 ό
2940 4555 3238 4627 θεοστυγὴς
3268 4549 3370 4629 ἔφη
3407 4562 3610 4614 Νεστό-

2028 4652 2165 4706 ριος,
2231 4639 2495 4710 Διόδωρός
2546 4659 2627 4706 τε,
2684 4646 2777 4696 καὶ
2822 4647 2852 4697 ό
2886 4647 3264 4716 Μοψουεστίας
3308 4649 3602 4723 Θεόδωρος,

2025 4728 2118 4780 καὶ
2147 4730 2178 4798 ή
2210 4730 2417 4784 τούτων
2444 4732 2802 4805 δαιμονιώδης
2820 4739 3110 4810 ὁμήγυρις,
3135 4739 3276 4794 ἀλλά
3305 4744 3444 4797 κατὰ
3480 4745 3604 4797 σύν-

2025 4815 2195 4880 θεσιν,
2223 4821 2390 4889 ἤγουν
2414 4822 2538 4874 καθ’
2570 4825 2889 4890 ὑπόστασιν,
2930 4829 3237 4900 ἀτρέπτως,
3289 4834 3384 4885 καὶ
3436 4835 3604 4902 ἀσυγ·

2023 4906 2221 4976 χύτως,
2260 4911 2354 4962 καὶ
2384 4912 2780 4982 ἀναλλοιώτως,
2815 4918 2907 4971 καὶ
2931 4919 3282 4990 ἀδιαιρέτως.
3318 4923 3412 4976 καὶ
3449 4925 3603 4978 ἀδια-

2024 5006 2259 5068 στάτως.
2310 5009 2406 5062 καλ⁵
2439 5011 2496 5063 ὲν
2523 5011 2644 5064 δυσὶ
2677 5013 2871 5082 φύσεσι
2905 5017 3124 5079 τελείως
3167 5018 3439 5087 ἐχούσαις,
3475 5022 3604 5091 μίαν

2023 5097 2321 5152 ὑπόστασιν
2347 5101 2718 5171 ὁμολογοῦμεν
2747 5106 2841 5159 τοῦ
2885 5107 3015 5160 Υἱοῦ
3050 5109 3142 5162 τοῦ
3181 5109 3341 5173 Θεοῦ,
3376 5115 3469 5166 καὶ
3517 5130 3602 5165 σε·-

2021 5189 2396 5260 σαρκωμένου,
2430 5194 2530 5264 τὴν
2555 5195 2724 5266 αὐτὴν
2744 5197 3041 5252 ὑπόστασιν
3067 5198 3316 5268 λέγοντες
3355 5203 3451 5273 τῆς
3483 5203 3595 5256 θεό-

2017 5295 2180 5349 τητος
2233 5284 2325 5336 καὶ
2375 5284 2478 5355 τῆς
2521 5287 2939 5361 ἀνθρωπότητος
2991 5291 3179 5358 αὑτοῦ,
3237 5295 3330 5347 καὶ
3373 5295 3474 5359 τάς
3509 5295 3601 5348 δύο

2016 5371 2209 5439 φύσεις
2260 5375 2648 5444 ὁμολογοῦντες
2708 5379 2978 5445 σώζεσθαι
3024 5383 3083 5436 ἐν
3135 5383 3287 5454 αὑτῷ
3333 5383 3473 5454 μετά
3502 5385 3600 5456 τὴν

2016 5465 2243 5519 ἕνωσιν
2284 5468 2383 5521 οὑκ
2443 5468 2548 5541 ἰδίᾳ
2593 5473 2686 5523 καὶ
2745 5472 3016 5544 ἀναμέρος
3065 5474 3310 5539 τιθέντες
3339 5477 3596 5541 ἑκάστην,

2014 5555 2127 5608 ἀλλ’
2169 5559 2455 5627 ἡνωμένας
2485 5560 2742 5630 ἀλλήλαις
2770 5565 2827 5617 ὲν
2855 5567 2922 5634 τῇ
2963 5567 3059 5635 μιᾷ
3084 5566 3323 5637 συνθέτῳ
3357 5567 3596 5622 ὑποστά-

2013 5664 2115 5701 σει.
2147 5649 2390 5720 Οὑσιὼδη
2428 5652 2534 5723 γάρ
2565 5671 2746 5724 φαμεν
2779 5655 2877 5726 τὴν
2909 5656 3125 5725 ἕνωσιν,
3161 5658 3440 5713 τουτέστιν
3466 5661 3585 5732 ἀλησ

2013 5739 2101 5805 θῆ,
2132 5743 2224 5795 καὶ
2258 5743 2314 5795 οὖ
2351 5744 2489 5798 κατᾶ
2523 5747 2841 5816 φαντασίαν.
2879 5751 3123 5824 υὺσιώδη
3159 5751 3236 5815 δὲ,
3265 5752 3358 5818 οὐχ
3389 5754 3462 5816 ὡς
3490 5753 3582 5809 τῶι
