4082 6388
456 386 592 449 1049

1399 391 1770 452 PANOPLIA
1811 392 2266 456 DOGMATlCA.
2299 420 2368 429 —
2405 397 2552 455 TlT.
2592 397 2741 458 λνι.

3561 406 3699 472 Ῑθθιῗ·

442 532 536 587 δύο
567 531 783 600 φύσεων
855 533 1276 598 ἀποτελεσασῶν
1329 535 1458 605 μίαν
1519 535 1776 590 σύνθετον
1835 538 2023 607 φύσιν,

2124 543 2234 590 tem
2265 544 2390 605 post
2418 535 2727 592 unitionem
2761 544 2988 590 naturas
3019 537 3074 591 in
3106 539 3227 607 ipso
3255 540 3559 598 incolumes
3582 559 3698 598 δρινκ

442 622 563 677 ἀλλ’
587 623 894 678 ἑνωθεισῶν
923 625 1183 696 ἀλλήλαις
1207 628 1326 680 κατ’
1352 626 1609 696 ἀλήθειαν
1633 632 1714 692 είς
1741 631 1868 700 μίαν
1895 630 2025 683 61:6-

448 731 635 768 στασιν
691 715 946 770 σύνθετον
993 717 1090 769 τοῦ
1146 718 1274 771 Υίοῦ
1315 717 1409 771 τοῦ
1440 719 1599 784 Θεοῦ,
1633 725 1724 773 καὶ
1755 720 2024 783 σώζεσθαι

445 805 625 858 αὐτῶν
677 808 770 877 τὴν
805 808 1036 878 οὑσιώδη
1083 810 1350 878 διαφορὰν
1407 811 1731 880 ὁριζόμεθα.
1787 813 1860 864 Τδ
1916 813 2025 882 γὰρ

445 897 680 960 κτιστὸν,
719 899 1000 968 μεμένηκε
1039 900 1281 963 κτιστδν,
1323 901 1420 954 καὶ
1453 901 1514 954 τὸ
1555 903 1830 965 ἀκτιστον,
1865 904 2024 956 ἄκτι-

445 1000 590 1040 στον.
635 986 709 1037 Τὸ
757 987 949 1057 θνητὸν
999 989 1182 1058 ἔμεινε
1213 989 1430 1061 θνητὸν,
1483 992 1578 1044 καὶ
1628 992 1689 1044 τὸ
1718 993 2019 1054 ἀθάνατον,

442 1073 711 1128 ἀθάνατον
733 1091 746 1104 ·
782 1076 841 1128 τὸ
863 1077 1261 1148 περιγραπτὸν,
1295 1079 1674 1148 περιγραπτόν
1692 1097 1704 1109 ο
1731 1079 1795 1132 τὸ
1822 1079 2021 1147 ἀπερί-

441 1179 708 1230 γραπτον,
737 1165 1148 1236 ἀπερίγραπτον
1168 1184 1181 1197 ·
1207 1167 1267 1218 τὸ
1295 1168 1490 1237 ὁρατὸν
1513 1205 1526 1226 ,
1563 1169 1779 1237 ὁρατὸν,
1831 1168 1925 1220 καὶ
1959 1168 2018 1222 τὸ

439 1253 692 1322 ἀόρατον,
721 1256 983 1324 ἀόρατον’
1014 1276 1033 1306 ι
1057 1257 1131 1309 Τὺ
1165 1257 1264 1325 μὲν
1290 1257 1586 1326 διαλάμπει
1614 1259 1724 1321 τοῖς
1755 1257 2018 1328 θαύμασι,

449 1343 506 1394 τὸ
529 1343 586 1394 δὲ
611 1348 731 1408 ταῖς
760 1345 981 1415 θὸρεσιν
1014 1346 1430 1400 ὑποπέπτωκεν.
1471 1363 1489 1397 ι

2127 627 2241 680 vari
2277 628 2642 682 confitentes:
2682 643 2791 681 non
2825 628 2899 680 ita
2943 635 3122 682 tamen
3169 638 3232 681 ιιι
3273 639 3563 702 utramque
3603 633 3698 687 ha~

2126 732 2244 770 rum
2280 717 2510 771 seorsim
2547 731 2850 786 ponamus,
2902 733 3092 773 verum
3143 721 3196 774 in
3256 736 3362 773 una
3394 723 3700 791 conuposita

2126 822 2359 874 persona
2411 809 2556 861 inter
2612 822 2671 861 se
2720 807 3028 876 copulatas.
3076 809 3504 866 Substantialem
3555 815 3700 866 enim

2121 913 2248 954 esse
2285 898 2426 952 hanc
2455 899 2714 954 unionem
2753 899 3027 965 dicimus,
3084 900 3188 954 hoc
3238 911 3365 964 est,
3416 919 3600 958 veram
3649 913 3703 958 et
3738 967 3742 971 _

2123 1001 2229 1040 non
2281 985 2686 1055 imaginariam.
2737 987 3172 1042 Substantialem
3229 999 3412 1045 autem
3453 1031 3469 1056 ,
3592 1009 3700 1046 non

2121 1075 2264 1144 quod
2291 1073 2414 1129 duae
2442 1084 2655 1128 natura:
2683 1089 2846 1128 unam
2884 1078 3244 1146 compositam
3282 1090 3535 1134 naturam
3565 1082 3697 1135 effe-

2123 1164 2334 1230 cerint;
2367 1164 2463 1219 sed
2489 1167 2635 1234 quod
2670 1165 2722 1217 in
2751 1180 2916 1218 unam
2941 1166 3061 1221 Filii
3092 1167 3183 1221 Dei
3217 1172 3577 1240 compositam
3604 1173 3699 1241 hy-

2129 1256 2396 1323 postasim
2429 1255 2573 1309 inter
2602 1270 2662 1310 se
2688 1255 2856 1311 unitte
2881 1257 3014 1311 sint.
3059 1260 3319 1322 Quinimo
3357 1261 3700 1316 substantia-

2125 1346 2228 1399 lem
2253 1361 2441 1400 earum
2470 1344 2834 1400 differentiam
2859 1347 3127 1417 integram
3153 1359 3205 1403 et
3229 1350 3558 1406 incolumem
3592 1370 3702 1407 scr-

450 1437 563 1490 vari
585 1436 900 1492 statuimus.
938 1435 1074 1490 Nam
1101 1444 1349 1491 creatum
1385 1435 1592 1490 mansit
1614 1435 1758 1504 quod
1787 1442 2034 1490 creatum
2074 1441 2194 1498 est,
2233 1442 2288 1489 et
2317 1435 2621 1489 increatum
2644 1473 2659 1498 ,
2696 1436 2846 1503 qttod
2885 1436 3189 1491 inet-catum
3220 1457 3236 1506 ;
3285 1441 3432 1510 quod
3473 1446 3727 1503 mortale

445 1532 566 1591 est,
617 1526 905 1579 mortalem
942 1524 1286 1594 permansit,
1343 1534 1394 1578 et
1435 1525 1748 1580 immortale
1800 1523 1945 1594 quod
1989 1523 2340 1587 immortale;
2404 1525 2923 1593 circumscriptum,
2983 1528 3130 1594 quod
3181 1529 3698 1602 circumscriptum,

445 1614 1022 1685 incircumscriptum,
1064 1615 1209 1684 quod
1245 1616 1826 1685 incircumscriptum;
1883 1614 2134 1682 visibile,
2191 1615 2334 1685 quod
2373 1616 2587 1670 visibile
2614 1633 2629 1681 ;
2661 1624 2713 1670 et
2787 1614 3061 1671 invisibile

3101 1657 3115 1680 ,
3173 1619 3316 1687 quod
3385 1620 3661 1676 invisibile
3681 1631 3698 1669 ι

450 1727 467 1758 ι
501 1706 678 1762 Unum
713 1708 929 1775 quidem
965 1708 1160 1761 horum
1190 1719 1445 1763 coruscat
1495 1713 1774 1767 miraculis
1801 1754 1817 1777 ,
1869 1711 2019 1766 aliud
2059 1712 2369 1767 succumbit
2397 1711 2638 1779 injuriis.
2679 1733 2697 1766 ι

509 1799 820 1853 υίκειοῦται
844 1800 901 1852 δὲ
927 1802 995 1852 τὰ
1029 1800 1348 1870 ἀνθρώπινα
1384 1805 1412 1856 6
1454 1803 1652 1869 Λόγοςο
1695 1806 1862 1858 αὑτοῦ
1902 1807 2011 1873 γάρ

2183 1803 2608 1859 Communicatio
2639 1802 2974 1859 idiomatum.
2999 1832 3066 1842 —
3089 1801 3324 1857 Verbum
3353 1821 3540 1872 porro,
3572 1810 3696 1874 quia

442 1891 558 1940 ἐστι
588 1890 654 1940 τὰ
679 1891 778 1958 τῆς
807 1889 968 1956 ἁγίας
1014 1890 1179 1943 αὐτοῦ
1232 1893 1438 1960 σαρκὸς
1467 1892 1598 1945 ὄντα
1619 1909 1632 1922 ο
1677 1895 1766 1946 καὶ
1799 1893 2016 1962 μεταδί-

2125 1897 2294 1968 ipsius
2325 1904 2490 1958 sunt,
2515 1910 2634 1963 qua:
2667 1901 2877 1948 sancta:
2911 1893 3034 1961 ejus
3067 1896 3252 1947 carnis
3286 1903 3448 1958 sunt,
3479 1913 3542 1950 ea
3577 1915 3699 1965 qua:

442 1981 572 2032 δωσι
603 1989 628 2015 ιι
653 1982 716 2048 τῇ
743 1981 908 2049 σαρκὶ
927 1980 1035 2031 τῶν
1061 1980 1225 2044 ἰδίων,
1245 1982 1388 2034 κατὰ
1420 1983 1509 2034 τὸν
1536 1983 1858 2046 ἀντιδόσεως
1881 1985 2018 2054 τρό-

442 2085 564 2134 πον,
596 2069 683 2122 διὰ
713 2068 814 2140 τὴν
851 2072 931 2133 είς
962 2070 1167 2140 ἄλληλα
1195 2072 1308 2144 (12)
1345 2072 1456 2125 τῶν
1495 2073 1679 2141 μερῶν
1713 2061 2031 2144 περιχώρη-

448 2177 553 2222 σιν,
587 2161 680 2213 καὶ
701 2161 802 2232 τὴν
832 2161 954 2214 καθ’
994 2161 1290 2214 ὑπόστασιν
1311 2162 1534 2229 ἕνωσιν,
1573 2160 1667 2211 καὶ
1715 2165 1796 2218 ὅτι
1830 2162 1910 2229 εἷς
1937 2165 2026 2239 ἦν,

441 2253 539 2308 καὶ
562 2255 592 2308 6
619 2255 804 2320 αὐτὸς,
825 2257 856 2310 6
884 2256 977 2308 καὶ
1004 2256 1073 2312 τὰ
1101 2254 1222 2308 θεῖα
1248 2256 1340 2308 καὶ
1374 2256 1440 2307 τὰ
1474 2255 1792 2325 ἀνθρώπινα
1824 2277 1840 2308 ι
1871 2260 2026 2330 ἐνερ-

442 2345 554 2409 γῶν
575 2345 632 2395 ὲν
655 2346 897 2416 ἑκατέρᾳ
921 2347 1102 2416 μορφῇ
1129 2345 1269 2412 μετὰ
1293 2345 1390 2413 τῆς
1423 2345 1650 2414 θατέρου
1683 2349 1967 2412 κοινωνίας
2001 2366 2022 2400 ο

445 2431 536 2482 Διὸ
560 2432 623 2502 δὴ
659 2434 750 2484 καὶ
782 2435 810 2486 6
833 2433 1034 2502 Κύριος
1059 2434 1158 2501 τῆς
1189 2433 1346 2502 δόξης
1379 2433 1757 2503 ἐσταυρῶσθαι
1785 2435 2026 2504 λέγεται.

445 2522 624 2575 καίτοι
641 2523 740 2591 τῆς
779 2523 928 2586 θείας
967 2523 1136 2577 αὑτοῦ
1170 2523 1248 2592 μὴ
1297 2523 1575 2594 παθούσης
1608 2524 1845 2594 φύσεως,
1875 2528 1968 2581 καὶ
2000 2531 2028 2582 6

387 2685 390 2687 _
446 2613 573 2675 126;
608 2614 701 2666 τοῦ
762 2615 1076 2684 ἀνθρώπου,
1116 2616 1222 2685 πρὸ
1250 2614 1344 2667 τοῦ
1379 2615 1586 2679 πάθους
1626 2617 1685 2668 ἐν
1713 2616 1790 2687 τῷ
1813 2618 2029 2689 οὐρανῷ

445 2701 582 2755 εἶναι
617 2704 986 2777 ὡμολόγηται,
1034 2707 1112 2771 ὡς
1156 2706 1319 2769 αὐτὸς
1358 2708 1386 2760 6
1419 2706 1627 2776 Κύριος
1671 2707 1891 2778 ἔφησεν.
1935 2704 2028 2773 Εἷς

446 2796 556 2864 γὰρ
575 2791 667 2865 ἦν,
704 2798 798 2849 καὶ
827 2798 856 2850 6
889 2797 1052 2861 αὐτὸς
1077 2800 1105 2851 6
1129 2798 1332 2867 Κύριος
1353 2797 1453 2866 τῆς
1481 2797 1660 2866 δόξης,
1690 2801 1718 2851 6
1751 2799 1910 2868 φύσει
1934 2801 2029 2854 καὶ

446 2885 673 2956 ἀληθείᾳ
707 2886 830 2948 Υἱὸς
859 2885 1182 2958 ἀνθρώπου,
1216 2889 1335 2957 ἦτοι
1368 2887 1656 2958 ἄνθρωπος
1693 2891 1988 2960 γενόμενος
2009 2933 2024 2956 ,

447 2979 540 3028 καὶ
561 2977 725 3029 αὑτοῦ
750 2977 819 3030 τά
849 2995 907 3030 τε
949 2979 1205 3046 θαύματα
1239 2978 1333 3032 καὶ
1387 2979 1455 3031 τὰ
1486 2978 1632 3050 πάθη
1664 2964 2026 3050 γινώσκομεν,

445 3070 493 3120 εἰ
514 3068 607 3120 καὶ
631 3067 750 3120 κατ’
773 3069 900 3122 ἄλλο
921 3068 1385 3138 ἐθαυματούργει,
1412 3069 1503 3120 καὶ
1525 3071 1646 3121 κατ’
1677 3070 1805 3124 ἄλλο
1827 3071 1895 3124 τὰ
1923 3072 2031 3126 πάο

447 3157 512 3227 θη
543 3159 571 3210 6
592 3157 754 3220 αὐτὸς
775 3159 1044 3227 ὑπέμενεν
1064 3161 1196 3228 (15).
1221 3160 1407 3228 Ἰσμεν
1433 3158 1539 3229 γὰρ
1556 3158 1744 3231 ὥσπερ
1770 3161 1900 3231 μίαν
1927 3162 2024 3215 αὑ-

2123 1986 2452 2042 bumanitati
2488 1984 2858 2044 conveniunt,
2891 1981 2998 2037 sibi
3052 1984 3332 2048 vindicat,
3365 1993 3420 2039 et
3451 1989 3694 2041 vicissim

2125 2073 2318 2136 carni,
2354 2088 2477 2144 quae
2513 2087 2614 2128 sua
2647 2078 2814 2134 sunt,
2847 2069 3128 2138 impertit;
3161 2071 3259 2125 illo
3307 2074 3567 2128 nimirum
3614 2076 3696 2129 alo

2104 2171 2274 2216 ternae
2306 2162 2828 2216 communicationis
2857 2161 3020 2215 modo
3041 2203 3056 2227 ,
3089 2164 3161 2217 ob
3187 2171 3430 2218 mutuam
3462 2165 3605 2218 inter
3632 2181 3690 2218 se

2103 2258 2342 2327 partium
2402 2255 2902 2320 commeationem,
2959 2256 3291 2312 unionemve
3372 2255 3688 2326 hypostati-

2103 2363 2221 2399 ram
2242 2363 2257 2406 ;
2281 2357 2336 2401 et
2357 2359 2466 2414 qua
2492 2359 2634 2399 unus
2659 2344 2913 2414 idemque
2938 2355 3061 2399 erat
3081 2387 3095 2411 ,
3115 2347 3208 2414 qui
3232 2356 3286 2399 et
3302 2347 3487 2401 divina
3512 2356 3567 2403 et
3585 2350 3688 2402 hu—

2111 2451 2293 2499 mana,
2319 2452 2338 2487 ι
2365 2434 2424 2488 in
2441 2442 2675 2503 utraque
2699 2435 2874 2488 forma
2900 2451 3022 2488 cum
3048 2436 3278 2489 alterius
3300 2440 3690 2492 communione

2111 2536 2316 2594 ageret.
2355 2546 2375 2579 ι
2476 2525 2554 2579 Eo
2587 2539 2754 2594 porro
2781 2527 3006 2580 nomine
3050 2526 3314 2584 Dominus
3349 2528 3466 2596 ipse
3499 2530 3690 2597 gloria:

2106 2615 2410 2670 crucifixus
2439 2614 2647 2669 dicitur
2706 2615 2746 2680 ¹,
2774 2617 3030 2684 quamvis
3059 2617 3262 2685 alioqui
3294 2617 3481 2670 divina
3511 2619 3691 2687 ipsius

2110 2713 2311 2757 natura
2339 2703 2567 2758 minime
2599 2717 2761 2772 passa
2796 2705 2866 2759 sit
2894 2719 2906 2754 :
2936 2715 2991 2758 et
3019 2720 3238 2758 rursum
3264 2747 3278 2769 ,
3309 2705 3485 2759 Filius
3518 2708 3693 2759 homi-

2107 2795 2194 2848 nis
2220 2805 2349 2848 ante
2380 2794 2695 2864 passionem
2729 2794 2782 2847 in
2818 2795 2962 2848 coelo
2998 2809 3122 2849 esse
3152 2796 3340 2848 dictus
3370 2804 3488 2860 est,
3520 2797 3690 2849 veluti

2107 2885 2376 2940 Dominus
2410 2885 2528 2954 ipse
2561 2885 2802 2939 asseruit
2863 2884 2910 2939 ’.
2946 2886 3077 2938 Erat
3107 2887 3252 2938 enim
3289 2885 3378 2939 ille
3416 2887 3556 2939 idem
3589 2885 3693 2938 Do-

2110 2975 2296 3029 minus
2325 2973 2549 3044 gloriaa,
2584 2974 2682 3042 qui
2717 2974 2884 3028 etiam
2921 2983 3119 3027 natura
3153 2982 3208 3027 et
3237 2989 3364 3028 vere
3390 2972 3565 3028 Filius
3594 2974 3693 3027 lto-

2108 3064 2275 3120 minis
2297 3105 2311 3128 ,
2342 3065 2448 3119 hoc
2476 3072 2590 3126 est,
2622 3064 2788 3118 homo
2813 3065 3140 3120 exsistebat.
3176 3066 3340 3133 Atqui
3377 3066 3551 3134 ipsius
3575 3076 3692 3118 tum

2107 3155 2378 3209 miracula
2403 3193 2419 3219 ,
2453 3162 2570 3208 tum
2601 3154 2877 3224 supplicia
2912 3170 3036 3209 esse
3063 3157 3438 3224 agnoscimus,
3471 3156 3576 3210 etsi
3607 3170 3696 3209 ra-

445 3247 540 3300 τοῦ
571 3249 668 3318 τὴν
700 3249 1020 3313 ὑπόστασιν,
1049 3248 1191 3301 οὕτω
1242 3249 1342 3319 τὴν
1383 3248 1490 3300 τῶν
1525 3248 1742 3318 φύσεων
1793 3251 2027 3322 οὑσιὼδη

2118 3245 2259 3301 tione
2299 3245 2530 3300 alterius
2561 3251 2772 3297 natura:
2809 3244 3078 3298 miracula
3107 3246 3302 3298 edebat
3323 3285 3337 3308 ,
3369 3256 3424 3298 et
3459 3246 3694 3302 alterius

445 3337 710 3406 διαφορὰν
739 3336 1031 3401 σώζεσθαι.
1057 3337 1182 3402 Πῶς
1221 3338 1278 3391 δὲ
1308 3339 1506 3411 σωθείη
1538 3340 1791 3414 διαφορὰ,
1823 3342 1896 3412 μὴ
1925 3359 2029 3395 σω-

447 3426 693 3498 ζομένων
745 3429 854 3483 τῶν
907 3429 1006 3500 τὴν
1037 3430 1304 3501 διαφορὰν
1331 3431 1562 3500 ἐχόντων
1593 3433 1729 3503 πρὸς
1784 3433 2026 3504 ἄλληλα;

445 3520 688 3590 Διαφορὰ
717 3518 827 3590 γὰρ
852 3519 958 3572 τῶν
985 3520 1351 3590 διαφερόντων
1381 3523 1498 3574 ἐστὶ
1515 3522 1753 3594 διαφορά
1772 3539 1785 3553 '
1822 3523 1896 3592 τῷ
1930 3525 2030 3595 μὲν

446 3608 537 3663 οὖν
561 3611 724 3680 λόγῳ,
752 3604 796 3677 ᾧ
829 3610 1180 3679 διαφέρουσιν
1206 3611 1450 3678 ἀλλήλων
1481 3614 1537 3665 αἱ
1560 3613 1751 3682 φύσεις
1778 3613 1870 3666 τοῦ
1895 3617 2030 3687 Χρισ-

451 3702 599 3768 στοῦ,
629 3703 875 3755 τουτέστι
912 3703 992 3772 τῷ
1017 3702 1160 3773 λόγῳ
1189 3704 1288 3772 τῆς
1311 3703 1520 3766 οὐσίας,
1554 3705 1734 3774 φαμὲν
1765 3707 2031 3758 συνάπτε-

453 3792 576 3844 σθαι
597 3792 758 3844 αὐτὸν
780 3795 892 3855 τοῖς
921 3791 1114 3861 ἄκροις
1135 3807 1149 3822 ⁸
1183 3792 1326 3846 κατὰ
1353 3795 1452 3862 μὲν
1477 3793 1574 3864 τὴν
1602 3795 1852 3861 θεότητα,
1875 3796 1952 3865 τῷ
1972 3813 2031 3849 τε

452 3884 627 3953 Πατρὶ
660 3883 858 3953 καὶτῷ
889 3883 1192 3953 Πνεύματι,
1227 3885 1368 3938 κατὰ
1394 3885 1450 3937 δὲ
1485 3886 1583 3955 τὴν
1613 3887 2028 3956 ἀνθρωπότητα,

452 3977 519 4044 τῇ
540 3991 600 4026 τε
624 3975 829 4045 Μητρὶ,
882 3977 976 4029 καὶ
1007 3978 1142 4030 πᾶσι
1163 3979 1274 4040 τοῖς
1317 3975 1649 4045 ἀνθρώποις.
1680 3971 1750 4048 ’ᾩ
1784 3979 1841 4031 δὲ
1887 3977 2032 4048 λόγῳ

458 4064 820 4118 συνάπτονται
845 4066 902 4117 αἱ
935 4065 1124 4133 φύσεις
1150 4064 1336 4131 αὑτοῦ,
1363 4065 1642 4136 διαφέρειν
1667 4067 1830 4121 αὐτὸν
1852 4068 2033 4140 φαμὲν

454 4153 549 4207 τοῦ
581 4171 640 4206 τε
670 4153 886 4224 Πατρδς
920 4156 1014 4207 καὶ
1056 4154 1150 4207 τοῦ
1191 4155 1535 4226 Πνεύματος,
1563 4156 1664 4226 τῆς
1708 4174 1766 4209 τε
1812 4156 2035 4228 Μητρὸς

2111 3334 2325 3392 ratione
2380 3335 2521 3390 idem
2576 3334 2694 3404 ipse
2746 3334 3021 3404 supplicia
3081 3335 3423 3405 perferebat.
3473 3338 3694 3392 Scimus

2108 3430 2258 3482 enim
2297 3465 2314 3492 ,
2337 3436 2396 3482 ut
2423 3443 2590 3481 unam
2633 3428 2808 3498 ipsius
2840 3427 3183 3498 hypostasim
3207 3468 3222 3493 ,
3257 3427 3329 3480 ita
3363 3427 3696 3482 substantia-

2111 3519 2216 3574 lem
2251 3519 2445 3572 harum
2481 3517 2852 3572 differentiam
2903 3519 3234 3573 incolumem
3283 3521 3519 3574 servari.
3571 3521 3692 3585 Quo

2109 3620 2295 3662 autem
2323 3616 2490 3678 pacto
2525 3611 2677 3665 salva
2709 3608 2813 3663 erit
2844 3608 3184 3674 differentia,
3221 3626 3326 3662 non
3361 3611 3594 3664 servatis
3629 3612 3693 3663 il-

2114 3699 2179 3753 lis
2202 3714 2323 3767 qua:
2352 3705 2544 3752 mutuo
2574 3698 2918 3767 discrepant.
2951 3697 3270 3751 llitferentia
3300 3699 3573 3766 siquidem
3610 3709 3693 3754 est.

2113 3805 2302 3846 earmn
2335 3805 2520 3844 rerum
2545 3805 2665 3859 qua
2689 3789 2923 3843 diversae
2951 3798 3103 3844 sunt.
3135 3789 3250 3854 Qua
3287 3790 3450 3858 igitur
3485 3791 3694 3845 ratione

2114 3878 2324 3934 Christi
2359 3888 2565 3936 natura:
2603 3881 2747 3934 inter
2775 3896 2832 3934 se
2861 3879 3126 3934 differunt
3148 3918 3162 3941 ,
3198 3885 3300 3932 hoc
3331 3889 3415 3934 est
3442 3883 3697 3936 essentia:

2116 3971 2330 4026 ratione
2349 4013 2364 4038 ,
2390 3974 2491 4025 hac
2520 3987 2644 4026 cum
2677 3971 2938 4026 extremis
2967 3969 3227 4039 conjungi
3260 3970 3499 4024 dicimus
3520 4010 3536 4031 ,
3566 3980 3694 4039 puta

2116 4073 2386 4132 quantum
2419 4062 2487 4117 ad
2544 4063 2801 4118 deitatem
2835 4061 3056 4131 quidem
3087 4061 3314 4123 attinet,
3366 4075 3488 4113 cum
3535 4060 3700 4114 Patre

2120 4168 2176 4214 et
2206 4158 2423 4230 Spiritu
2455 4167 2675 4220 sancto,
2707 4165 2977 4227 quantum
3012 4171 3141 4210 vero
3173 4153 3238 4208 ad
3269 4154 3661 4206 humanitatem
3683 4192 3698 4216 ,

457 4246 550 4298 καὶ
573 4243 679 4297 τῶν
721 4245 924 4298 λοιπῶν
957 4247 1288 4315 ἀνθρώπων·
1325 4249 1688 4300 συνάπτονται
1717 4249 1824 4318 γὰρ
1855 4249 1911 4299 ai
1934 4247 2028 4315 φύ-

2119 4265 2244 4305 cum
2283 4257 2460 4304 matre
2483 4288 2499 4314 ,
2534 4248 2801 4311 etnobis.
2829 4245 2973 4301 Idem
2999 4249 3201 4316 quippe
3232 4244 3412 4315 quoad
3446 4245 3701 4298 divinita-

463 4351 575 4398 σεις
599 4335 764 4389 αὐτοῦ
796 4338 863 4404 τῇ
905 4335 1222 4397 ὑποστάσει,
1266 4336 1393 4405 μίαν
1437 4337 1734 4389 ὑπόστασιν
1785 4335 2028 4389 σύνθετον

2120 4346 2244 4408 tcm_
2264 4337 2413 4393 Patri
2439 4348 2493 4394 et
2541 4339 2773 4408 Spiritui
2806 4346 3002 4392 sancto
3048 4336 3539 4392 consubstantialis
3583 4342 3707 4402 est;

460 4425 703 4494 ἔχουσαι,
760 4426 880 4480 καθ’
909 4426 976 4498 ἣν
1023 4427 1270 4496 διαφέρει
1316 4427 1410 4479 τοῦ
1451 4445 1510 4479 τε
1570 4429 1780 4499 Πατρδς
1816 4427 2028 4482 καὶτοῦ

2125 4431 2310 4500 quoad
2344 4446 2475 4486 vero
2508 4431 2933 4496 humanitatem,
2965 4437 3077 4481 tum
3122 4427 3308 4491 matri,
3352 4435 3467 4480 tum
3491 4423 3709 4479 caeteris

459 4515 797 4583 Πνεύματος,
824 4515 923 4585 τῆς
951 4532 1008 4568 τε
1038 4515 1261 4586 Μητρὸς
1288 4517 1380 4568 καὶ
1412 4514 1591 4584 ἡμῶν.

2123 4523 2462 4579 hominibus.
2515 4524 2634 4589 Qua
2681 4523 2902 4579 ratione
2948 4536 3080 4576 vero
3119 4521 3240 4586 ejus
3279 4531 3487 4574 natura:
3515 4528 3706 4574 nmtuo

453 4615 802 4704 copula‘ntur,
828 4627 982 4676 eum,
1010 4619 1123 4665 tum
1161 4625 1190 4664 a
1220 4610 1378 4665 Patre
1415 4618 1470 4666 et
1527 4608 1734 4679 Spiritu
1806 4619 2022 4673 sancto,
2082 4617 2199 4663 tmn
2231 4627 2260 4665 a
2303 4619 2474 4665 matre
2503 4622 2555 4665 et
2595 4611 2821 4680 reliquis
2852 4610 3164 4664 hominibus
3196 4610 3414 4663 differre
3451 4609 3704 4662 dicimus.

455 4713 628 4778 Ipsius
649 4691 794 4761 enim
841 4714 1050 4759 natura:
1084 4719 1180 4771 per
1233 4702 1571 4774 ltypostasim
1629 4702 1975 4770 copulantur,
2005 4715 2062 4757 ut
2101 4720 2220 4774 qua:
2257 4719 2418 4758 unam
2449 4704 2694 4774 composi
2723 4718 2810 4758 am
2866 4702 3205 4772 hypostasim
3245 4691 3500 4766 habeant,
3549 4701 3708 4770 cujus

458 4804 665 4857 ratione
701 4811 810 4854 tutu
848 4817 874 4852 a
913 4797 1071 4851 Patre
1099 4806 1151 4850 et
1185 4793 1390 4865 Spiritu
1424 4803 1615 4848 sancto
1665 4801 1777 4846 tum
1811 4807 1842 4847 α
1873 4803 2044 4849 matre
2063 4804 2116 4850 et
2139 4796 2294 4850 nobis
2325 4795 2526 4850 differt.

809 4932 927 4990 Τοῦ
948 4933 1160 4989 αὑτοῦ.
1203 4930 1547 5000 Κεφάλαιον
1569 4931 1676 4993 ἔθ’.

533 5076 745 5144 Ὠσπερ
769 5073 825 5126 δὲ
850 5073 942 5126 ἐπὶ
975 5071 1077 5140 τῆς
1109 5071 1387 5142 θεότητος,
1433 5069 1566 5139 μίαν
1599 5067 1698 5140 μὲν
1722 5069 1885 5137 φύσιν
1911 5070 2038 5140 ὁμο-

459 5165 752 5236 λογοῦμεν,
783 5167 936 5235 τρεῖς
957 5165 1013 5217 δὲ
1043 5164 1373 5224 ὑποστάσεις
1395 5161 1516 5214 κατ’
1554 5159 1822 5230 ἀλήθειαν
1870 5162 2039 5225 οὔσας

465 5259 665 5326 φαμὲν,
703 5257 798 5310 καὶ
828 5257 1007 5309 πάντα
1038 5255 1136 5325 μὲν
1159 5259 1226 5308 τὰ
1247 5254 1457 5323 φυσικὰ
1484 5252 1580 5305 καὶ
1609 5251 1865 5322 οὕσιώδη,
1888 5253 2040 5306 ἁπλᾶ

465 5367 670 5418 φαμεν,
699 5351 798 5418 τὴν
826 5350 881 5402 δὲ
911 5349 1178 5418 διαφορὰν
1212 5347 1319 5399 τῶν
1366 5345 1723 5418 ὑποστάσεων
1767 5346 1824 5396 ἐν
1846 5347 2038 5413 μόναις

403 5473 406 5478 -
461 5422 584 5503 ταῖς
612 5441 791 5511 τρισὶν
830 5439 1081 5510 ἰδιότησι,
1111 5441 1178 5508 τῇ
1212 5436 1438 5506 ἀναιτίῳ
1470 5435 1564 5488 καὶ
1592 5439 1834 5506 πατρικῇ
1857 5439 1950 5488 καὶ
1972 5439 2037 5507 τῇ

463 5534 683 5601 αἱτιατῇ
713 5531 806 5584 καὶ
829 5532 1004 5601 υίῐκῇ,
1034 5531 1130 5582 καὶ
1187 5532 1254 5598 τῇ
1313 5527 1536 5594 αἰτιατῇ
1584 5527 1678 5577 καὶ
1729 5526 2035 5595 ἐκπορευτῇ

469 5622 917 5691 ἑπιγινώσκομεν
939 5639 951 5650 ·
990 5621 1415 5689 ἀνεκφοιτήτους
1452 5617 1505 5670 δὲ
1539 5615 1727 5680 αὑτὶς,
1766 5619 1859 5670 καὶ
1886 5617 2036 5669 ἀδια-

540 5811 594 5868 ⁸1
627 5814 756 5868 (Sor.
793 5828 852 5880 tt,
881 5812 930 5865 8.
957 5813 975 5840 ⁹
1019 5808 1175 5863 J-Jan.
1207 5824 1286 5876 tu,
1316 5808 1402 5864 15.

2650 4935 2918 5004 Ejusdem.
2949 4934 3080 5004 Cap.
3115 4920 3206 4989 69.

2207 5069 2568 5124 Personarum
2607 5069 2661 5123 in
2692 5068 2825 5136 Deo,
2865 5077 3182 5122 naturarum
3207 5069 3261 5122 in
3290 5067 3498 5123 Clu-isto
3531 5085 3713 5123 nume-

2138 5177 2250 5216 rus.
2286 5159 2422 5215 Unio
2455 5176 2730 5215 numerum
2762 5175 2864 5213 non
2895 5159 3054 5214 tollit.
3103 5189 3169 5200 —
3217 5161 3483 5215 thterum
3544 5158 3712 5213 veluti

2141 5271 2304 5312 unam
2340 5255 2393 5310 in
2440 5253 2735 5308 Divinitatc
2768 5262 3014 5308 naturam
3041 5252 3388 5312 confitemur,
3433 5258 3544 5304 tres
3605 5264 3711 5302 au-

2141 5353 2248 5400 tem
2279 5359 2541 5414 personas
2575 5357 2702 5398 vere
2728 5344 3057 5408 exsistentes
3100 5342 3372 5405 dicimus;
3440 5349 3602 5408 atque
3641 5354 3702 5392 ea

2143 5437 2360 5505 quidem
2389 5436 2572 5492 omnia
2606 5450 2728 5505 quae
2767 5434 3036 5490 naturalia
3092 5431 3520 5497 essentialiaque
3550 5436 3706 5494 sunt,

2137 5542 2260 5580 esse
2301 5526 2570 5594 simplicia
2631 5526 3076 5596 pronuntiamus,
3138 5535 3500 5591 personarum
3579 5531 3710 5572 vero

2137 5618 2433 5674 discrimen
2467 5617 2520 5672 in
2552 5617 2684 5674 solis
2754 5617 2929 5672 tribus
2978 5613 3424 5687 proprietatibus,
3490 5609 3700 5667 scilicet
