4082 6394
382 396 513 462 1051

1642 393 1958 452 Εἱέΐζίϊλι
1977 391 2029 446 ll
2069 390 2110 446 Z
2146 386 2433 446 GABENI

3510 384 3645 450 1052

378 540 526 609 quod
569 550 712 589 unus
744 535 867 589 sine
913 545 1084 586 causa
1129 530 1199 585 sit
1230 538 1286 582 et
1329 528 1511 590 Pater,
1565 527 1757 580 aitera
1788 536 1956 580 causa

2060 521 2287 581 στάτους
2317 519 2584 589 ἀλλήλων,
2639 517 2736 572 καὶ
2780 518 3098 588 ήνωμένας,
3138 521 3230 571 καὶ
3270 522 3328 572 ἐν
3379 520 3639 592 ἀλλήλαις

378 640 435 683 et
466 628 662 693 Filius,
703 626 846 679 alter
898 624 1027 677 item
1076 637 1107 675 a
1145 636 1311 674 causa
1366 628 1420 675 et
1475 617 1804 688 procedens.
1832 630 1958 670 esse

381 720 619 789 positum
653 716 1034 785 agnoscimus,
1068 720 1128 764 ut
1163 712 1239 765 ab
1261 711 1494 763 invicem
1527 722 1628 762 nec
1664 706 1956 766 excedere,

381 822 483 862 nec
513 806 758 875 disjungi
792 809 1036 874 queant;
1071 801 1325 870 quinimo
1353 800 1497 852 inter
1529 812 1589 851 se
1620 798 1789 849 unita:
1819 794 1955 859 sint,

381 898 615 964 aliaque
669 895 810 947 alias
864 893 1003 944 citra
1056 891 1444 945 confusionem
1496 889 1799 957 pervadant
1831 904 1845 940 :
1876 894 1957 949 ut,

381 984 629 1053 inquam,
695 996 792 1036 eas
848 982 1071 1049 quidem
1144 980 1296 1034 nulla
1365 979 1692 1032 confusione
1748 978 1957 1040 unitas,

381 1076 644 1144 quoniam
678 1082 793 1128 tres
844 1081 999 1134 sunt,
1040 1071 1259 1126 tametsi
1286 1072 1488 1135 uuitae;
1522 1084 1711 1124 verum
1748 1077 1804 1124 et
1828 1070 1961 1122 abs-

379 1180 487 1235 que
528 1164 874 1233 sejunctione
908 1162 1180 1217 discretas
1220 1163 1570 1233 (quanquam
1603 1161 1749 1214 enim
1808 1176 1962 1229 quae-

381 1257 516 1311 libet
549 1256 769 1308 illarum
803 1269 901 1323 per
946 1269 1007 1309 se
1042 1254 1323 1318 subsistit,
1367 1255 1483 1307 sive
1512 1254 1760 1320 perlecta
1785 1253 1961 1322 hypo-

382 1349 555 1407 stasis
582 1357 688 1412 est,
732 1363 1003 1417 suamque
1053 1349 1477 1417 proprietatem,
1524 1348 1630 1404 hoc
1681 1356 1767 1403 est
1816 1348 1965 1401 exsi-

383 1442 601 1495 stentia
646 1439 870 1493 modum
925 1439 1206 1509 disparem
1255 1441 1461 1505 habet;
1505 1449 1561 1493 at
1599 1441 1857 1495 essentiae
1880 1448 1965 1492 ta-

383 1545 531 1591 men,
560 1528 1010 1597 naturaliumque
1052 1529 1450 1599 proprietatum
1480 1530 1694 1585 ratione
1732 1528 1967 1598 conjun-

382 1630 610 1691 gnntur,
647 1629 702 1673 et
744 1635 812 1674 eo
846 1619 993 1688 quod
1025 1635 1056 1674 a
1099 1636 1334 1689 persona
1391 1622 1574 1675 Patris
1620 1636 1732 1675 non
1788 1621 1966 1676 divel-

386 1713 596 1776 luntur,
632 1725 732 1764 nec
770 1710 1065 1777 excedunt,
1100 1711 1312 1765 idcirco
1346 1712 1492 1767 Deus
1526 1726 1691 1775 unus,
1727 1720 1781 1765 et
1811 1719 1964 1778 sunt,

384 1810 440 1856 et
473 1801 769 1869 dicuntur)
800 1802 1113 1855 :consimili
1148 1802 1313 1856 modo
1344 1802 1400 1855 in
1432 1802 1620 1856 divina
1645 1810 1700 1856 et
1733 1816 1962 1867 arcana,

382 1906 723 1961 omnemque
759 1894 960 1946 mentis
1009 1896 1182 1946 aciem
1230 1901 1285 1947 et
1328 1903 1549 1961 captum
1592 1903 1965 1963 exsuperante

387 1982 484 2037 Dei
527 1981 692 2036 Verbi
745 1995 801 2036 et
834 1983 1049 2037 Domini
1102 1983 1278 2036 nostri
1326 1980 1458 2036 Jesu
1503 1982 1736 2047 Christi,
1802 1984 1967 2039 unius

388 2083 598 2127 sanctae
647 2073 937 2129 Trinitatis
987 2075 1301 2145 hypostasis
1366 2075 1777 2138 incarnatione,
1826 2076 1967 2130 duas

387 2163 608 2232 quidem
654 2174 903 2227 naturas,
961 2164 1206 2217 divinam
1268 2163 1483 2219 scilicet
1538 2171 1595 2218 et
1641 2163 1966 2229 humanam,

389 2270 497 2308 una
527 2254 789 2320 coivisse,
817 2263 870 2310 et
899 2260 1203 2310 secundum
1253 2254 1594 2326 hypostasim
1628 2256 1815 2311 unitas
1845 2270 1969 2311 esse

388 2346 719 2400 conﬁtemur
751 2385 768 2409 .
869 2354 930 2401 ut
985 2362 1091 2400 una
1143 2347 1459 2418 hypostasis
1505 2354 1561 2401 et
1610 2361 1847 2416 persona
1901 2364 1966 2402 ex

389 2438 604 2492 naturis
634 2438 851 2494 duabus
878 2440 1186 2508 composita
1419 2438 1567 2492 facta
1600 2439 1792 2493 fuerit.
1825 2439 1969 2493 Inte-

388 2541 516 2596 gras
552 2542 739 2597 porro,
772 2529 941 2584 etiam
972 2539 1094 2598 post
1135 2528 1470 2591 unitionem,
1519 2538 1746 2585 naturas
1778 2532 1969 2585 ambas

390 2609 448 2668 in
481 2630 589 2670 una
613 2616 921 2687 composita
944 2633 1205 2688 persona,
1243 2618 1351 2672 hoc
1383 2626 1469 2673 est
1500 2618 1555 2672 in
1581 2634 1690 2673 uno
1720 2620 1968 2677 Christo.

391 2722 602 2774 servari
633 2720 892 2786 dicimus,
925 2738 1134 2792 easque
1159 2738 1288 2779 vere
1316 2740 1439 2780 esse
1470 2740 1594 2779 cum
1628 2728 1972 2784 naturalibus

392 2810 641 2879 ipsarum
677 2814 1116 2881 preprietatibus
1146 2832 1159 2867 :
1192 2816 1322 2885 quia
1358 2815 1615 2870 nimirum
1647 2820 1787 2872 citra
1835 2835 1972 2873 con—

2058 612 2385 682 ἀσυγχύτως
2414 610 2833 681 περιχωρούσας
2882 611 3230 681 ἐπιστάμεθα
3249 628 3261 640 ·
3298 612 3393 665 καὶ
3421 615 3639 682 ἡνωμέ-

2059 721 2156 767 νας
2188 704 2287 774 μὲν
2316 692 2639 771 ἀσυγχύτως
2666 721 2679 735 ·
2717 706 2868 774 τρεῖς
2914 707 3025 776 γάρ
3068 708 3229 766 είσιν,
3275 708 3324 757 εί
3347 708 3441 759 καὶ
3467 707 3641 776 ἧνων-

2057 814 2151 850 ται
2174 812 2186 824 ·
2227 796 2612 866 διαιρουμένας
2646 797 2703 850 δὲ
2733 797 3093 861 ἀδιαστάτως.
3126 798 3189 851 Εἰ
3231 800 3339 868 γάρ
3372 800 3465 851 καὶ
3512 800 3641 852 ἑκά-

2061 905 2161 957 στη
2208 888 2329 941 καθ’
2389 888 2593 957 ἑαυτὴν
2642 889 2973 958 ὑφέστηκεν,
3029 891 3196 960 ἡγουν
3253 890 3438 942 τελεία
3486 892 3641 943 ἐστὶν

2062 980 2381 1044 ὑπόστασις,
2420 982 2515 1033 καὶ
2559 981 2657 1048 τὴν
2716 982 2926 1034 οἰκείαν
2978 981 3238 1052 ἰδιότητα,
3263 984 3381 1050 ἦτοι
3417 982 3509 1034 τὸν
3542 983 3641 1051 τῆς

2064 1073 2355 1143 ὑπάρξεως
2390 1075 2590 1143 τρόπον
2618 1074 2874 1143 διάφορον
2904 1074 3191 1143 κέκτηται,
3231 1074 3348 1127 ἀλλ’
3406 1076 3645 1144 ἧνωνται

2062 1168 2129 1235 τῇ
2161 1182 2219 1217 τε
2242 1167 2400 1235 οὑσίᾳ
2440 1168 2532 1218 καὶ
2578 1168 2689 1227 τοῖς
2725 1169 2975 1233 φυσικοῖς
3012 1165 3287 1235 ἰδιώμασι,
3338 1165 3436 1218 καὶ⁸
3463 1164 3542 1234 τῷ
3568 1166 3644 1235 μὴ

2064 1256 2390 1321 διίστασθαι,
2423 1257 2555 1325 μηδὲ
2572 1258 2832 1327 ὲκφοιτᾷν
2847 1258 2947 1326 τῆς
2974 1258 3246 1326 πατρικῆς
3269 1258 3644 1322 ὑποστάσεως,

2067 1349 2160 1400 καὶ
2192 1342 2269 1409 εἷς
2310 1350 2441 1412 Θεὸς
2474 1349 2581 1401 εἰσί
2602 1366 2685 1413 τε,
2712 1350 2806 1402 καὶ
2833 1348 3086 1415 λέγονται
3107 1350 3239 1402 ’θεὸν
3256 1348 3422 1401 αὑτὸν
3446 1351 3647 1417 τρόπον

2066 1442 2162 1491 καὶ
2187 1441 2282 1491 ἐπὶ
2308 1439 2407 1509 τῆς
2435 1439 2586 1502 θείας
2612 1439 2708 1491 καὶ
2734 1440 3073 1510 ἀπορρήτου,
3110 1441 3207 1491 καὶ
3263 1440 3444 1492 πάντα
3494 1440 3645 1502 νοῦν,

2067 1532 2162 1586 καὶ
2188 1532 2494 1602 κατάληψιν
2524 1533 2901 1602 ὑπερεχούσης
2923 1533 3258 1603 οίκονομίας,
3279 1532 3372 1585 τοῦ
3405 1534 3523 1595 ἐνὸς
3550 1534 3648 1601 τῆς

2065 1623 2229 1687 ἀγῐας
2262 1623 2494 1692 Τριάδος
2525 1620 2661 1675 Θεοῦ
2700 1621 2898 1690 Λόγου,
2946 1621 3155 1691 Κυρίου
3181 1639 3243 1674 τε
3272 1622 3430 1691 ἡμῶν
3473 1621 3649 1691 Ἰησοῦ

2067 1713 2330 1785 Χριστοῦ,
2356 1714 2449 1767 δύο
2485 1714 2585 1784 μὲν
2615 1712 2809 1781 φύσεις
2846 1712 3239 1784 ὁμολογοῦμεν,
3272 1713 3424 1767 θείαν
3466 1731 3526 1764 τε
3558 1714 3652 1765 καὶ

2066 1806 2413 1877 ἀνθρωπίνην
2445 1846 2460 1868 ,
2526 1804 2945 1874 συνεληλυθυίας
3029 1804 3324 1874 ἀλλήλαις,
3378 1805 3473 1857 καὶ
3524 1805 3651 1857 καθ’

1998 1878 2037 1931 Β
2069 1896 2368 1949 ὑπόστασιν
2403 1894 2720 1957 ἑνωθείσας,
2758 1894 2855 1964 μία
2890 1894 2949 1946 δὲ
2988 1895 3088 1964 τὴν
3124 1894 3424 1945 ὑπόστασιν
3448 1895 3513 1943 ἐκ
3545 1892 3653 1944 τῶν

2069 1988 2285 2060 φύσεων
2316 1986 2781 2040 ἀποτελεσθεῖσαν
2828 1986 3087 2039 σύνθετον
3108 2003 3122 2018 ·
3157 1985 3430 2050 σώζεσθαι
3458 1984 3514 2037 δέ
3543 2001 3650 2052 φα-

2072 2097 2172 2151 μεν
2226 2080 2327 2141 τάς
2375 2077 2470 2131 δύο
2522 2077 2735 2146 φύσεις,
2790 2079 2886 2131 καὶ
2930 2078 3071 2147 μετὰ
3121 2076 3223 2149 τὴν
3250 2072 3469 2140 ἕνωσιν,
3505 2076 3561 2127 ὲν
3584 2075 3652 2145 τῇ

2073 2173 2173 2242 μιᾷ
2208 2170 2450 2240 συνθέτῳ
2504 2170 2822 2235 ὑποστάσει,
2868 2170 3037 2239 ἡγουν
3070 2170 3128 2222 ἐν
3160 2165 3239 2238 τῷ
3273 2168 3355 2220 ἑνὶ
3408 2165 3653 2238 Χριστῷ,

2071 2265 2168 2316 καὶ
2197 2261 2319 2316 κατ’
2371 2261 2632 2330 ἀλήθειαν
2679 2260 2852 2323 αὑτὰς
2900 2256 3062 2323 εἶναι,
3097 2257 3279 2312 καὶτὰ
3307 2256 3515 2310 τούτων
3550 2274 3653 2323 φυο

2072 2353 2201 2405 σικά
2261 2351 2551 2420 ἰδιώματαο
2589 2351 2879 2420 ήνωμένας
2931 2350 3120 2420 μέντοι
3165 2349 3510 2416 ἀσυγχύτως,
3563 2345 3657 2398 καὶ

2059 2440 2417 2512 ἀδιαιρέτως
2455 2442 2827 2512 διαφερούσας
2883 2457 2980 2505 τε,
3070 2442 3167 2494 καὶ
3220 2440 3653 2511 ἀριθμουμένας.

2068 2537 2176 2589 Καὶ
2208 2534 2398 2603 ὥσπερ
2429 2534 2485 2585 αἱ
2534 2536 2681 2602 τρεῖς
2714 2532 3043 2595 ὑποστάσεις
3102 2534 3202 2602 τῆς
3235 2532 3396 2599 ἁγίας
3426 2530 3655 2601 Τριάδος

2077 2626 2398 2694 ἀσυγχύτως
2424 2640 2485 2677 τε
2507 2624 2770 2693 ῆνωνται,
2801 2623 2900 2675 καὶ
2940 2622 3266 2693 ἀδιαιρέτως
3432 2620 3658 2691 διῄρην-

2065 2742 2177 2781 ται.
2236 2724 2334 2776 καὶ
2378 2719 2766 2792 ἀριθμοῦνται,
2803 2723 2898 2775 καὶ
2939 2723 2969 2774 ὁ
3020 2722 3256 2793 ἀριθμὸς
3288 2722 3576 2791 διαίρεσιν,
3610 2718 3645 2789 ἢ

2062 2815 2415 2884 διάστασιν.ἢ
2450 2814 2829 2883 ἀλλοτρίωσιν,
2887 2814 2980 2866 καὶ
3039 2813 3306 2881 διατομὴν
3351 2816 3410 2866 ὲν
3453 2815 3645 2878 αὑταῖς

394 2901 671 2956 fusionem
715 2905 883 2957 unitze
936 2914 1091 2967 sunt,
1146 2914 1201 2957 et
1235 2920 1430 2959 rursus
1464 2907 1602 2960 citra
1637 2903 1966 2963 divisionem

2059 2910 2162 2963 οὑκ
2216 2907 2539 2978 ἐργάζεται·
2598 2905 2696 2958 ἕνα
2746 2904 2854 2976 γὰρ
2902 2905 3035 2958 Θεὸν
3074 2906 3509 2978 ἐπιγινωσκομεν
3553 2908 3647 2962 τὸν

391 2995 818 3064 distinguuntur
860 3002 916 3051 ct
968 3003 1352 3050 numerantur.
1404 2996 1469 3049 Et
1503 3000 1966 3067 quemadmodum

2062 2999 2308 3067 Πατέρα,
2342 3000 2438 3053 καὶ
2455 2998 2548 3051 τὸν
2577 2997 2726 3061 Υίὸν,
2761 2996 2856 3049 καὶ
2887 2995 2948 3048 τὸ
2976 2996 3205 3068 Πνεῦμα
3232 2998 3292 3051 τὸ
3325 2998 3481 3067 ἀγιον
3501 3017 3514 3031 ⁸
3554 3000 3646 3053 τὸν

391 3093 506 3141 tres
538 3100 741 3141 sanetae
767 3085 1058 3141 Trinitatis
1102 3103 1352 3156 persona:
1391 3088 1466 3141 ita
1494 3088 1615 3144 sine
1645 3090 1966 3148 confusione

2060 3092 2226 3145 αὑτὸν
2275 3091 2499 3162 τρόπον,
2555 3091 2649 3143 καὶ
2703 3088 2763 3140 αἱ
2805 3087 2899 3140 τοῦ
2945 3089 3189 3159 Χριστοῦ
3227 3090 3440 3161 φύσεις,
3475 3093 3521 3143 εί
3554 3092 3645 3145 καὶ

393 3179 562 3233 unita:
596 3188 752 3240 sunt,
792 3188 850 3232 ut
880 3192 1060 3233 tamen
1110 3182 1232 3235 sine
1278 3180 1558 3236 divisione
1617 3166 1966 3251 distingfian-

2059 3183 2321 3255 ἥνωνται,
2350 3182 2467 3237 ἀλλ’
2489 3181 2815 3251 ἀσυγχύτως
2842 3184 3114 3250 ἦνωνταιο
3159 3185 3255 3235 καὶ
3304 3184 3352 3235 εί
3386 3186 3443 3235 ὲν
3480 3182 3646 3254 ἀλλή-

392 3277 485 3320 tur
515 3278 569 3322 et
602 3280 963 3323 numerentur
990 3286 1006 3334 ;
1036 3272 1166 3338 quia
1218 3286 1417 3339 nmnpe
1458 3287 1724 3327 numerus
1756 3289 1857 3328 nec
1884 3273 1966 3328 di-

2059 3275 2177 3338 λαις
2206 3271 2632 3344 περιχωροῦσιν,
2660 3270 2798 3327 ἀλλά
2830 3273 2929 3343 τὴν
2955 3274 3035 3336 εἰς
3060 3273 3297 3343 ἀλλήλας
3324 3273 3533 3343 τροπήν
3562 3288 3642 3333 τε,

390 3358 686 3422 visionem,
726 3373 827 3412 nec
876 3359 1328 3426 disiunctionem,
1391 3375 1494 3415 nec
1554 3360 1967 3425 alienationem,

392 3463 497 3502 nec
529 3449 837 3502 sectionem
869 3449 921 3501 in
970 3449 1104 3518 ipsis
1143 3451 1275 3503 facit
1301 3452 1509 3519 (unum
1545 3453 1749 3521 quippe
1779 3451 1975 3517 Deum,

390 3537 632 3601 Patrem,
654 3549 706 3592 et
726 3539 951 3601 Filium,
985 3552 1039 3594 ct
1070 3540 1335 3609 Spiritum
1365 3550 1623 3595 sanctum
1657 3543 1967 3609 novimus):

392 3632 467 3685 ita
495 3647 716 3701 quoque
753 3632 958 3687 Christi
990 3643 1219 3695 naturae,
1247 3634 1502 3703 quamvis
1538 3636 1771 3689 invirem
1807 3638 1973 3689 unitas

391 3722 522 3786 sint,
590 3730 847 3774 caeterum
902 3724 1052 3773 nulla
1106 3726 1476 3790 conlusione,
1547 3737 1598 3778 et
1666 3726 1973 3794 quamlibet

390 3812 513 3866 alite
543 3810 682 3865 alias
728 3820 1034 3880 permeent,
1087 3828 1197 3867 non
1239 3823 1420 3869 tamen
1467 3817 1888 3870 conversionem
1917 3823 1969 3869 et

390 3903 919 3958 transmutationem
953 3904 1184 3957 alterius
1211 3906 1265 3957 in
1308 3907 1541 3960 alteram
1663 3905 1974 3961 admittunt.

392 3993 643 4064 Utraque
686 3994 834 4046 enitn
867 3995 1173 4048 naturalem
1216 3996 1611 4064 proprietatem
1663 4012 1818 4052 suam
1872 3997 1969 4050 im-

389 4095 596 4140 motam
652 4094 856 4138 tuetur.
912 4083 1055 4138 Hinc
1106 4101 1327 4153 quoque
1368 4088 1427 4138 lit
1470 4095 1530 4140 ut
1582 4096 1967 4151 numeremur,

390 4192 493 4233 nec
551 4187 733 4230 tamen
797 4190 1061 4229 numerus
1126 4176 1451 4230 divisionem
1510 4176 1759 4232 inducat.
1819 4176 1971 4232 Unus

392 4264 674 4335 siquidem
704 4262 965 4317 Christus
994 4274 1100 4330 est,
1145 4271 1257 4316 tam
1289 4264 1343 4317 in
1377 4265 1690 4329 divinitate,
1722 4280 1885 4334 quam
1919 4270 1972 4320 in

2058 3366 2154 3419 καὶ
2173 3362 2478 3435 μεταϐολὴν
2508 3362 2569 3414 οὑ
2606 3362 2943 3433 προσίενται.
2968 3362 3230 3414 Φυλάττει
3262 3363 3370 3432 γάρ
3408 3360 3647 3427 ἑκατέρα

2056 3456 2154 3529 τὴν
2187 3454 2389 3525 ἑαυτῆς
2416 3454 2653 3524 φυσικὴν
2691 3454 2934 3525 ἰδιότητα
2978 3452 3381 3523 ἀμετάϐλητον.
3424 3454 3515 3506 Διὸ
3552 3450 3647 3506 καὶ

2055 3546 2441 3618 ἀριθμοῦνται,
2496 3546 2589 3598 καὶ
2616 3548 2643 3599 ὀ
2687 3545 2920 3615 ἀριθμὸς
2977 3545 3077 3596 οὑκ
3112 3544 3323 3612 εἰσάγει
3354 3544 3641 3614 διαίρεσιν.

2056 3634 2151 3699 Εἷς
2178 3639 2287 3708 γάρ
2314 3640 2464 3691 ἐστιν
2492 3640 2519 3690 ό
2548 3637 2807 3707 Χριστὸς,
2841 3635 2899 3687 ἐν
2941 3652 3001 3686 τε
3030 3634 3249 3701 θεότητι
3280 3636 3375 3686 καὶ
3427 3630 3645 3702 ἀνθρω-

2055 3728 2252 3798 πόιητι
2281 3729 2519 3791 τέλειοςο
2571 3731 2599 3779 ὁ
2645 3729 2754 3798 γὰρ
2806 3725 3065 3797 ἀριθμὸς,
3127 3726 3187 3778 οὑ
3234 3725 3580 3793 διαιρέσεως,
3608 3725 3642 3795 ἧ

2053 3819 2300 3883 ἑνώσεως
2342 3820 2515 3882 αἴτιος
2565 3820 2832 3888 πέφυκεν,
2896 3817 3034 3871 ἀλλά
3070 3816 3168 3887 τῆς
3201 3817 3499 3885 ποσότητος
3536 3816 3645 3869 τῶν

2052 3910 2471 3981 ἀριθμουμένων
2492 3908 2849 3980 σημαντικδς,
2864 3908 2973 3960 εἴτε
2989 3905 3305 3976 ἡνωμένων,
3326 3905 3436 3958 εἴτε
3456 3905 3540 3973 ὁιῃ
3550 3923 3643 3975 ρη-

2054 4003 2263 4073 μένων·
2315 4002 2618 4072 ἡνωμένων
2663 4001 2783 4069 μὲν,
2827 3999 2902 4061 ὡς
2943 4000 3025 4052 ὅτι
3080 4000 3418 4067 πεντήκοντα
3463 3996 3643 4059 λίθους

2049 4091 2162 4163 εχει
2190 4095 2420 4163 δτοῖχος
2448 4088 2604 4154 οὗτος
2632 4107 2643 4120 ⁸
2687 4089 3036 4161 διῃρημένων
3089 4089 3168 4151 δὲ,
3203 4087 3278 4151 ὡς
3322 4089 3406 4141 ὅτι
3436 4090 3639 4157 πεντή-

2051 4197 2217 4233 κοντα
2244 4181 2385 4235 λίθοι
2417 4184 2625 4235 κεῖνται
2660 4182 2718 4233 ὲν
2749 4180 2827 4249 τῷ
2858 4178 3029 4248 πεδίῳ
3059 4178 3239 4247 τούτῳ
3258 4194 3272 4208 ⁸
3301 4178 3399 4230 καὶ
3426 4177 3642 4246 ἡνωμέ-

2048 4289 2157 4325 νων
2195 4273 2317 4343 μὲν,
2344 4275 2426 4326 ὅτι
2452 4272 2545 4325 δύο
2573 4272 2765 4342 φύσεις
2802 4271 2940 4345 εἰσὶν
2973 4273 3030 4323 ὲν
3060 4268 3136 4340 τῷ
3177 4269 3433 4339 ἄνθρακι,
3470 4266 3640 4336 πυρὸς

392 4356 743 4413 humanitate
819 4356 1123 4423 perfectus.
1195 4352 1384 4425 Neque
1429 4354 1575 4409 enim
1628 4356 1858 4410 numeri-
1909 4369 1966 4410 ea

2059 4368 2191 4436 λέγω
2219 4368 2315 4422 καὶ
2356 4367 2514 4432 ξύλου
2538 4384 2553 4398 ο
2600 4366 2955 4440 διῃρημένων
2984 4364 3065 4429 δὲ,
3113 4364 3196 4416 ὅτι
3256 4365 3289 4433 ἡ
3349 4362 3514 4431 φύσις
3546 4360 3641 4413 τοῦ

391 4457 596 4505 natura
647 4454 755 4509 est,
815 4456 877 4500 ut
924 4445 1252 4501 divisionem
1304 4454 1399 4500 aut
1449 4448 1710 4503 unionem
1758 4446 1966 4518 aﬂ'eratI

2059 4462 2225 4531 πυρδς
2244 4460 2410 4532 ἑτέρα
2429 4460 2567 4526 ἐστὶ,
2604 4461 2700 4511 καὶ
2730 4462 2762 4527 ἡ
2786 4457 2882 4510 τοῦ
2907 4457 3067 4524 ξύλου
3091 4456 3257 4527 ἑτέρα
3279 4472 3293 4485 ο
3327 4455 3490 4510 ἄλλου
3518 4454 3644 4525 τρό-

392 4542 488 4598 sed
543 4541 909 4610 quantitatem
965 4539 1237 4593 duntaxat
1274 4554 1469 4593 earum
1512 4553 1697 4592 rerum
1747 4554 1872 4608 qua:
1914 4539 1966 4593 in

2059 4569 2155 4604 που
2207 4549 2476 4614 ἐνοῦντος,
2528 4550 2623 4601 καὶ
2679 4546 3020 4619 διαιροῦντος
3068 4546 3240 4612 αὑτὰ,
3290 4545 3384 4598 καὶ
3434 4545 3495 4595 οὑ
3544 4541 3641 4595 τοῦ

391 4648 690 4690 numerum
723 4632 952 4694 cadunt,
995 4630 1289 4698 signiﬁcat,
1330 4628 1448 4683 sive
1487 4627 1594 4683 illa:
1632 4629 1802 4683 unitae
1836 4628 1966 4695 sint,

2059 4640 2308 4713 Ξιριθμοῦ.
2350 4639 2565 4712 Ὥσπερ
2582 4641 2763 4693 τοίνυν
2802 4638 3066 4692 ἀδύνατον
3092 4638 3189 4699 τὰς
3219 4638 3367 4707 τρεῖς
3398 4635 3637 4687 ὑποστα-

384 4726 503 4781 sive
530 4725 718 4779 divisa:
749 4741 762 4779 :
799 4723 965 4777 unita:
1001 4721 1248 4790 quidem,
1288 4728 1349 4774 ut
1384 4720 1531 4789 quod
1558 4721 1962 4791 quinquaginta

2059 4753 2162 4797 ςεις
2208 4732 2309 4803 τῆς
2371 4733 2648 4803 θεότητος.
2678 4735 2726 4785 εί
2775 4732 2872 4786 καὶ
2912 4730 3148 4801 ἦνωνται
3184 4728 3466 4799 ἀλλήλαις,
3509 4726 3639 4797 μίαν

388 4814 669 4884 lapidibus
719 4815 808 4868 hic
863 4814 1046 4882 paries
1100 4818 1356 4876 constet;
1403 4809 1597 4866 divisa:
1656 4821 1865 4875 autem,
1912 4819 1966 4864 ut

2059 4827 2358 4879 ὑπόστασιν
2394 4825 2572 4877 εἰπεῖν
2594 4824 2680 4877 διά
2708 4824 2768 4877 τὸ
2799 4824 2873 4894 μὴ
2896 4824 3163 4892 σύγχυσιν
3193 4822 3287 4874 καὶ
3327 4818 3639 4888 ἀφανισμὸν

385 4904 533 4975 quod
567 4903 975 4973 quinquaginta
1020 4900 1233 4969 lapides
1267 4900 1324 4953 in
1360 4915 1559 4969 campo
1602 4899 1865 4965 jaceant:
1907 4914 1966 4952 ac

2059 4917 2143 4985 τῆς
2176 4915 2286 4967 τῶν
2317 4915 2676 4968 ὑποστάσεων
2732 4915 3000 4985 διαφορᾶς
3043 4912 3386 4982 ἐργάσασθαι
3420 4912 3464 4975 ί,
3496 4909 3639 4961 οὑτω

385 5010 610 5056 rursum
660 4996 847 5057 unitaa,
904 5002 963 5047 ut
1008 4992 1153 5061 quod
1201 4992 1257 5044 in
1306 4993 1549 5044 carbone
1582 4991 1707 5045 dum
1759 5002 1966 5045 naturae

2059 5015 2141 5059 ιαί
2174 5007 2272 5068 τὰς
2294 5006 2389 5060 δύο
2416 5007 2609 5075 φύσεις
2641 5007 2735 5059 τοῦ
2768 5006 3024 5076 Χριστοῦ,
3049 5008 3149 5067 τὰς
3177 5004 3301 5059 καθ’
3337 5002 3638 5056 ὑπόστασιν

388 5088 525 5152 sint,
554 5087 698 5157 ignis
732 5084 997 5139 nimirum
1038 5095 1095 5139 et
1136 5085 1296 5154 ligni;
1339 5083 1595 5137 discreta:
1633 5098 1785 5149 vero,
1823 5083 1971 5152 quod
2046 5098 2352 5168 ἡνωμένας,
2385 5097 2646 5152 ἀδύνατον
2680 5096 2808 5168 μίαν
2835 5099 2996 5167 φύσιν
3020 5099 3219 5162 εἰπεῖν,
3251 5096 3339 5149 ἵνα
3382 5096 3459 5165 μὴ
3491 5095 3633 5161 ἀφα-

388 5179 494 5240 alia
522 5178 666 5248 ignis
688 5186 889 5229 natura
921 5176 1013 5241 sit,
1052 5176 1155 5229 alia
1206 5174 1379 5244 ligni;
1429 5174 1537 5229 alio
1569 5190 1765 5243 nempe
1808 5177 1966 5229 modo

2059 5190 2258 5255 νισμὸν,
2286 5190 2379 5242 καὶ
2418 5189 2702 5260 σύγχυσιν.
2751 5192 2845 5242 καὶ
2904 5189 3247 5259 ἁνυπαρξίαν
3292 5188 3390 5257 τῆς
3447 5184 3634 5240 αὑτῶν

388 5272 503 5327 Ιιιιιο
547 5268 842 5337 copulante
891 5275 946 5321 et
982 5268 1293 5327 dividente,
1329 5282 1439 5320 non
1486 5278 1671 5319 autem
1718 5281 1966 5321 munero.

2059 5284 2309 5351 5ιαφορᾶς
2341 5281 2729 5353 ὲργασώμεθυ..

382 5368 856 5444 Quemadmodum
916 5370 1085 5438 igitur
1142 5367 1261 5421 ﬁeri
1316 5366 1544 5437 nequit,
1600 5378 1657 5422 ut
1701 5376 1813 5422 tres
1888 5367 2188 5424 divinitatis
2249 5384 2551 5438 personas,
2622 5373 2838 5426 tametsi
2901 5370 3044 5425 inter
3101 5383 3159 5424 se
3218 5366 3423 5438 junctze
3488 5378 3639 5433 sunt,

390 5483 557 5521 unam
610 5477 898 5532 personam
940 5462 1213 5517 dicamus,
1248 5473 1312 5507 ne
1357 5458 1557 5524 alioqui
1619 5474 1974 5525 personarum
2031 5457 2324 5511 discrimen
2382 5457 2784 5512 confundamus
2811 5468 2864 5512 et
2902 5474 2933 5512 e
2977 5459 3154 5513 medio
3207 5459 3502 5516 tollamus,
3564 5454 3639 5509 i'a

381 5567 484 5607 nec
509 5551 627 5605 fieri
667 5558 869 5619 potest,
899 5556 956 5601 ut
982 5548 1117 5598 duas
1144 5544 1348 5598 Christi
1378 5552 1600 5597 naturas
1626 5548 1925 5598 secundum
1958 5546 2291 5615 hypostasim
2332 5548 2510 5599 unitas
2558 5562 2718 5600 unam
2779 5554 3032 5600 naturam
3096 5546 3346 5601 dii-amns
3372 5586 3387 5611 ,
3446 5559 3514 5600 ne
3559 5543 3643 5599 di-

380 5639 624 5694 scrimen
659 5653 849 5693 earum
883 5635 1140 5690 tollamus
1162 5643 1215 5687 et
1248 5630 1674 5700 eonlundamus,
1707 5642 1871 5703 atque
1900 5635 1966 5687 ad
1996 5635 2224 5688 nihilum
2260 5633 2594 5702 redigamus.

910 5726 1159 5796 Ejusdem
1190 5743 1303 5797 cap.
1337 5729 1428 5784 '12.

2424 5726 2533 5780 Τοῦ
2563 5725 2771 5780 αὑτοῦ.
2800 5725 3143 5794 Κεφάλαιον
3164 5723 3266 5780 σε.

454 5822 615 5879 Aliud
645 5824 796 5881 solvit
828 5835 1198 5894 argumentum
1248 5824 1444 5882 Severi.
1482 5854 1553 5866 —-
1578 5823 1734 5892 Quod
1759 5822 1805 5879 si
1831 5822 1957 5895 quis

2137 5817 2285 5873 Εἰδὲ
2323 5834 2403 5883 τις
2437 5820 2619 5888 ἐρωτᾷ
2682 5817 2812 5889 περὶ
2872 5818 2982 5872 τῶν
3011 5818 3105 5872 τοῦ
3153 5818 3362 5888 Κυρίου
3401 5814 3639 5889 φύσεων,
