4082 6392
406 352 545 418 1053

1337 350 1720 413 PANOPLIA
1759 347 2223 410 DOGMATICA.
2252 372 2324 386 -
2352 348 2501 410 TlT.
2545 349 2695 417 XVI.

3526 341 3668 409 ιτδι

402 470 453 523 ιι
508 467 618 523 ὑπὸ
663 465 727 522 τὸ
765 465 993 537 συνεχὲς
1048 468 1217 522 ποσὸν
1261 467 1562 537 ἀνάγονται
1588 506 1606 531 ,
1665 467 1701 540 ἢ
1756 467 1864 524 ὑπὸ
1923 467 1984 521 τδ

2087 466 2153 520 de
2204 466 2420 523 Domini
2476 469 2687 522 naturis
2731 474 3094 538 pertentetur,
3153 469 3221 523 ad
3274 466 3669 523 continuamne

400 553 799 623 διωρισμένον,
847 551 1089 623 ἱροῦμεν
1114 590 1130 617 ,
1181 551 1266 604 ὅτι
1310 554 1367 605 αί
1396 551 1492 605 τοῦ
1527 552 1735 623 Κυρίου
1767 555 1983 623 φὺσεις,

400 641 527 701 οὔτε
557 643 618 697 ἓν
642 642 805 714 σπῶμά
848 644 990 712 εἰσιν
1013 681 1029 707 ,
1061 640 1187 697 οὗτε
1224 642 1323 715 μία
1354 644 1680 712 ἐπιφάνεια,
1708 642 1834 696 οὔτε
1884 644 1985 715 μία

400 734 641 805 γραμμὴ
660 775 676 798 ,
706 735 769 788 οὐ
799 738 1026 805 χρόνος,
1051 735 1115 788 οὑ
1157 735 1358 799 τόπος,
1398 735 1489 790 ἵνα
1524 735 1631 789 ὑπὸ
1662 735 1725 789 τὸ
1757 735 1985 806 συνεχὲς

400 823 681 894 ἀναχθῶσι
719 825 931 879 ποσόν·
976 822 1158 880 ταῦτα
1199 826 1311 897 γάρ
1338 826 1447 880 εισι
1474 826 1542 880 τὰ
1582 824 1824 895 συνεχῶς
1859 825 1984 898 ἀρι-

398 913 710 987 θμοὺμενα.

485 1096 684 1151 Ἰστὲον
710 1098 769 1151 δὲ
797 1097 875 1161 ὡς
914 1099 945 1151 ὁ
983 1097 1245 1169 ἀριθμὸς,
1281 1097 1390 1151 τῶν
1427 1097 1798 1170 διαφερόντων
1825 1101 1979 1155 ἐστί’

328 1173 359 1269 ξ
397 1191 497 1247 καὶ
523 1189 792 1243 ἀδὺνατον
833 1189 1226 1260 ἀριθμεῖσθαι,
1270 1191 1342 1243 τὰ
1388 1191 1532 1244 κατὰ
1582 1192 1752 1261 μηδὲν
1795 1192 1981 1262 διαφέ-

347 1284 361 1300 ·’
401 1297 596 1349 ροντα·
632 1281 757 1335 καθ’
798 1280 828 1334 ὃ
859 1280 918 1335 δὲ
948 1280 1271 1353 διαφέρουσι
1296 1321 1310 1347 ,
1344 1282 1488 1336 κατά
1529 1281 1691 1336 τοῦτο
1731 1285 1828 1337 καὶ
1862 1285 1979 1355 ἀρι-

400 1372 669 1443 θμοῦνται
694 1389 712 1410 ο
752 1369 867 1427 οἷον
907 1376 937 1427 ὁ
974 1375 1180 1445 Πέτρος
1208 1374 1303 1428 καὶ
1330 1377 1358 1428 ὁ
1399 1373 1634 1439 Παῦλος,
1665 1376 1789 1430 καθ’
1821 1377 1849 1430 ὃ
1884 1380 1983 1448 μὲν

396 1466 657 1535 ἧνωνται.
687 1466 789 1519 οὐκ
828 1465 1212 1536 ἀριθμοῦνται.
1247 1466 1339 1535 Τῷ
1368 1466 1510 1536 λόγῳ
1543 1467 1651 1538 γὰρ
1673 1468 1768 1538 τῆς
1794 1469 1984 1531 οὐσίας

400 1556 710 1625 ἑνούμενοι,
759 1556 854 1609 δύο
893 1556 1083 1626 φύσεις
1130 1557 1192 1611 οὑ
1241 1556 1498 1611 δύνανται
1542 1559 1831 1627 λέγεσθαι·
1860 1558 1982 1612 καθ’

399 1647 701 1700 ὑπόστασιν
720 1647 778 1702 δὲ
805 1649 1191 1718 διαφέροντες,
1217 1647 1313 1702 δύο
1345 1649 1675 1711 ὑποστάσεις
1707 1649 1979 1718 λέγονται.

400 1737 568 1790 Ὥστε
594 1738 625 1789 ὀ
652 1737 887 1809 ἀριθμὸς
917 1736 1027 1790 τῶν
1051 1736 1419 1812 διαφερόντων
1443 1740 1583 1803 ἐστὶ,
1615 1741 1708 1793 καὶ
1731 1734 1775 1809 ᾧ
1795 1740 1982 1812 τρόπῳ

397 1827 715 1899 διαφέρουσι
764 1829 834 1882 τὰ
881 1811 1255 1901 διαφέροντα,
1302 1830 1477 1903 τούτῳ
1516 1830 1598 1903 τῷ
1643 1811 1839 1903 τρόπῳγ
1884 1832 1981 1884 καὶ
2012 1811 2054 1865 Β

396 1919 781 1991 ἀριθμοῦνται.
1559 1991 1567 1998 _

471 2010 750 2067 ΊΙνωνται
788 2012 890 2083 μὲν
919 2005 1015 2066 οὖν
1043 2014 1101 2067 αἱ
1133 2011 1230 2066 τοῦ
1260 2012 1470 2083 Κυρίου
1500 2013 1693 2082 φύσεις
1741 2015 1985 2085 ἀσυγχύ-

394 2121 507 2167 τως
540 2104 667 2156 καθ’
709 2103 1038 2167 ὑπόστασιν.
1067 2105 1357 2176 διῄρηνται
1384 2104 1442 2158 δὲ
1473 2105 1800 2175 ἀδιαιρέτως
1837 2107 1983 2178 λόγῳ

397 2197 491 2247 καὶ
516 2195 706 2266 τρόπῳ
727 2194 830 2264 τῆς
854 2195 1142 2265 διαφορᾶς.
1171 2196 1282 2249 Καὶ
1302 2189 1347 2264 ᾧ
1377 2198 1477 2266 μὲν
1507 2197 1695 2267 τρόπῳ
1718 2198 1981 2267 ἦνωνται,

393 2288 497 2339 οὐκ
535 2286 935 2358 ἀριθμοῦνται·
973 2287 1034 2341 οὐ
1071 2288 1183 2359 γὰρ
1220 2290 1346 2343 καθ’
1375 2289 1678 2343 ὑπόστασιν
1711 2290 1805 2344 δύο
1842 2288 1982 2345 εἷναί

396 2394 580 2448 φαμεν
607 2381 707 2443 τὰς
734 2379 926 2450 φύσεις
959 2380 1053 2434 τοῦ
1076 2380 1315 2452 Χριστοῦ
1342 2395 1358 2411 ⁸
1383 2375 1427 2449 ᾧ
1448 2382 1505 2435 δὲ
1528 2382 1715 2453 τρόπῳ
1742 2383 1982 2454 ἀδιαιρέ-

393 2487 507 2532 rm;
533 2470 841 2542 διῄρηνται,
865 2473 1262 2545 ἀριθμοῦνται·
1294 2472 1386 2526 δύο
1411 2473 1521 2542 γὰρ
1551 2475 1687 2527 εἰσὶν
1711 2476 1765 2526 ai
1792 2474 1983 2541 φύσεις

394 2561 492 2616 τοῦ
523 2562 783 2633 Χριστοῦ,
817 2563 963 2633 λόγῳ
1003 2566 1095 2617 καὶ
1125 2564 1313 2634 τρόπῳ
1350 2565 1449 2633 τῆς
1484 2565 1770 2634 διαφορᾶς.
1811 2564 1984 2619 ἹΙνω-

400 2653 567 2725 μέναι
595 2654 711 2725 γὰρ
750 2654 876 2708 καθ’
923 2655 1227 2709 ὑπόστασιν
1252 2695 1269 2717 ,
1323 2655 1421 2709 καὶ
1462 2656 1567 2726 τὴν
1622 2657 1680 2711 ὲν
1724 2656 1983 2727 ἀλλήλαις

399 2745 779 2817 περιχώρησιν
817 2745 1062 2818 ἔχουσαι,
1099 2747 1425 2817 ἀσυγχύτως
1475 2747 1733 2818 ἦνωνται,
1770 2748 1868 2819 τὴν
1901 2751 1983 2801 oi-

397 2832 555 2887 κείαν
602 2835 807 2905 ἑκάστη
869 2836 1110 2907 φυσικὴν
1158 2836 1426 2907 διαφορὰν
1472 2838 1839 2903 διασώζουσαι.
1892 2840 1984 2911 τῷ

395 2923 586 2995 τρόπῳ
632 2926 929 2997 τοιγαροῦν
978 2928 1079 2998 τῆς
1139 2929 1447 3000 διαφορᾶς,
1511 2930 1608 2982 καὶ
1660 2931 1806 3000 μόνῳ
1861 2931 1984 2998 ἀρι-

397 3012 747 3085 θμούμεναι,
807 3016 916 3071 ὑπὸ
965 3018 1030 3071 τὸ
1082 3018 1451 3091 διωρισμένον
1514 3019 1689 3075 ποσὸν-
1738 3021 1983 3093 ἀναχθή-

399 3121 604 3161 mat.

468 3376 570 3447 Εἷς
599 3381 781 3437 τοίνυν
820 3383 971 3438 ἐστὶν
1001 3384 1028 3436 tl
1059 3382 1319 3455 Χριστὸς,
1348 3382 1481 3448 Θεὸς
1515 3384 1726 3450 τέλειος
1751 3386 1848 3441 καὶ
1885 3387 1983 3442 ἀν-

396 3478 616 3548 θρωπος
654 3479 899 3543 τέλειος’
946 3479 1008 3532 ὃν
1061 3479 1480 3551 προσκυνοῦμεν
1527 3482 1627 3534 σὺν
1665 3482 1841 3552 Πατρὶ
1886 3483 1984 3536 καὶ

394 3572 719 3644 Πνεῦματι,
777 3577 881 3647 μιᾷ
934 3577 1307 3647 προσκυνήσει
1362 3575 1504 3644 μετὰ
1550 3576 1652 3646 τῆς
1704 3576 1980 3648 ἀχράντου

396 3666 606 3735 σαρκὸς
639 3665 847 3732 αὑτοῦ,
895 3668 998 3721 οὐκ
1043 3666 1463 3738 ἀπροσκύνητον
1517 3668 1618 3739 τὴν
1656 3668 1839 3738 σάρκα
1893 3669 1986 3722 λέ·

397 3774 590 3823 γοντες
619 3773 633 3786 ⁸
676 3762 1069 3829 προσκυνεῖται
1122 3758 1234 3829 γὰρ
1268 3760 1327 3812 ὲν
1370 3761 1436 3831 τῇ
1494 3760 1594 3830 μιᾷ
1648 3759 1745 3813 τοῦ
1803 3759 1982 3829 Λόγου

398 3850 727 3915 ὑποστάσει,
782 3852 906 3922 ἥτις
951 3852 1092 3921 αὐτῇ
1156 3852 1456 3916 ὑπόστασις
1524 3852 1782 3920 γέγονεν’
1825 3853 1888 3906 οὑ
1918 3855 1984 3925 τῇ

399 3942 575 3997 κτίσει
602 3943 984 4017 λατρεύοντες.
1018 3946 1094 3999 Οὐ
1127 3946 1237 4015 γὰρ
1269 3945 1344 4008 ὡς
1370 3944 1534 4016 ψιλὴν
1566 3944 1787 4018 σάρκαί
1825 3964 1987 4016 προσ·

399 4032 711 4104 κυνοῦμεν,
759 4033 877 4087 ἀλλ’
908 4035 984 4097 ὡς
1025 4034 1317 4105 ἡνωμένην
1358 4035 1609 4105 θεότητι,
1663 4035 1759 4090 καὶ
1802 4038 1883 4100 είς
1926 4037 1989 4089 ἓν

400 4124 695 4194 πρόσωπον
724 4126 819 4179 καὶ
849 4126 983 4197 μίαν
1016 4127 1323 4181 ὑπόστασιν
1351 4127 1446 4181 τοῦ
1475 4127 1612 4181 Θεοῦ
1646 4128 1845 4196 Λόγου,
1878 4128 1988 4185 τῶν

398 4214 499 4269 δύο
522 4217 687 4271 αὐτοῦ
712 4218 1071 4287 ἀναγομένων
1115 4220 1353 4288 φύσεων.
1400 4220 1630 4273 Δέδοικα
1657 4220 1752 4273 τοῦ
1783 4221 1988 4292 ἀνθρα-

399 4322 497 4372 ab;
524 4309 768 4381 ιψασθαι
793 4309 884 4365 διὰ
901 4310 964 4365 τὸ
987 4310 1066 4381 τῷ
1095 4311 1236 4380 ξύλῳ
1259 4312 1606 4381 συνημμένον
1636 4312 1767 4384 πῦρ.
1807 4315 1985 4385 Προσ-

400 4398 551 4454 κυνῶ
599 4400 696 4455 τοῦ
745 4401 987 4472 Χριστοῦ
1042 4401 1105 4454 τὸ
1143 4399 1599 4471 συναμφότερον,
1642 4402 1730 4454 Grai
1772 4402 1870 4474 τὴν
1919 4405 1984 4472 τῇ

2087 558 2480 626 quantitatem,
2529 573 2599 611 an
2650 556 2716 612 ad
2753 557 3055 611 discretam
3082 556 3415 621 referantur,
3447 555 3528 610 sic
3583 570 3670 610 rs-

2085 648 2484 716 sp'ondebimus
2509 665 2522 703 :
2558 647 2779 703 Domini
3009 656 3239 702 naturas
3268 661 3445 717 neque
3463 661 3670 714 corpus

2086 750 2257 791 unum
2311 753 2462 803 esse,
2511 752 2691 810 neque
2732 738 2933 792 lineam
2973 752 3165 804 unam,
3218 751 3398 806 neque
3424 742 3667 805 tempus,

2086 842 2269 898 neque
2302 827 2511 895 locum,
2541 837 2604 883 ut
2656 829 2723 883 ad
2753 828 3073 883 continuam
3105 826 3471 896 quantitatem
3501 825 3665 879 redu-

2082 926 2299 971 cantur.
2319 915 2444 973 Haec
2477 918 2627 974 enim
2669 926 2821 983 sunt,
2858 934 2977 987 quae
2994 917 3262 971 continue
3286 923 3495 986 quanta
3534 929 3669 968 cen-

2082 1014 2240 1061 sentu
2249 1022 2296 1061 Po

2153 1113 2451 1171 Sciendum
2474 1134 2639 1190 porro
2672 1130 2757 1175 est
2804 1136 2866 1175 ea
2897 1120 2951 1173 in
2980 1132 3276 1172 numerum
3328 1113 3527 1172 cadere
3545 1127 3668 1181 quae

2085 1205 2229 1259 inter
2258 1222 2316 1262 se
2337 1209 2750 1280 distinguuntur
2777 1252 2792 1278 ,
2828 1226 2930 1266 nec
2966 1207 3247 1263 numerari
3302 1222 3363 1260 ea
3394 1218 3557 1274 posse
3581 1204 3668 1257 in-

2082 1304 2166 1351 ter
2190 1312 2311 1366 qua:
2338 1298 2491 1354 nulla
2524 1300 2813 1356 distinctio
2853 1307 2938 1355 cst
2972 1316 2986 1353 :
3016 1298 3114 1353 sed
3149 1304 3427 1368 quatenus
3465 1292 3667 1347 distin-

2080 1400 2345 1459 guuntur,
2368 1400 2601 1447 eatenus
2623 1392 2934 1458 numerari;
2961 1407 3048 1447 ex.
3075 1406 3182 1462 gn,
3213 1387 3408 1443 Petrus
3440 1394 3495 1440 et
3520 1384 3665 1437 Pau-

2082 1480 2193 1546 lus,
2217 1496 2324 1553 qua
2358 1482 2576 1538 ratione
2610 1483 2749 1537 uniti
2771 1490 2923 1547 sunt,
2948 1497 3059 1536 non
3088 1488 3492 1558 numerantur;
3515 1489 3665 1537 nam,

2081 1589 2206 1628 cum
2272 1575 2576 1629 secundmn
2647 1576 2945 1631 essentiam
3001 1574 3356 1642 copulentur,
3399 1568 3508 1623 dici
3554 1580 3665 1620 non

2083 1674 2318 1735 possunt
2344 1666 2468 1721 dua:
2489 1676 2701 1722 natura:
2725 1687 2739 1723 :
2775 1679 2828 1723 at
2853 1681 3003 1730 vero,
3030 1680 3155 1722 cum
3183 1665 3397 1718 ratione
3421 1671 3670 1730 persona:

2081 1756 2486 1823 diﬂ'erunt,dua3
2506 1759 2731 1831 proinde
2749 1774 2993 1830 persona:
3013 1759 3293 1813 dicuntur.
3306 1753 3382 1809 Ex
3398 1766 3509 1823 quo
3524 1757 3670 1820 patet

2085 1864 2371 1903 numerum
2428 1850 2496 1906 iis
2523 1853 2839 1913 convenire,
2885 1865 3007 1920 quas
3039 1848 3183 1904 inter
3209 1861 3271 1902 se
3290 1844 3586 1907 differunt;
3615 1850 3671 1895 et

2084 1950 2354 2010 quatenus
2384 1941 2666 2007 differunt,
2714 1943 2981 1997 hactenus
3011 1954 3233 2011 quoque
3262 1952 3327 1992 ea
3360 1931 3665 1989 numerari.
3714 1976 3717 1979 λ

2158 2033 2293 2088 Duo:
2316 2033 2512 2089 Christi
2532 2043 2739 2088 natum
2763 2033 3031 2087 discretae.
3059 2063 3127 2074 —
3150 2029 3423 2097 Quocirca
3449 2024 3666 2080 Domini

2085 2133 2320 2189 naturae,
2397 2136 2665 2196 quantum
2702 2125 2770 2181 ad
2840 2140 3135 2196 personam
3186 2124 3406 2181 attinet.
3456 2118 3667 2186 absque

2082 2215 2414 2273 confusione
2467 2218 2635 2273 unita:
2687 2226 2816 2273 sunt
2845 2234 2859 2284 ;
2894 2225 3159 2286 quantum
3196 2220 3377 2269 autem
3412 2208 3479 2262 ad
3511 2207 3669 2261 dilic-

2085 2307 2276 2362 rentite
2326 2307 2624 2372 rationem,
2654 2308 2865 2376 absilue
2916 2304 3192 2360 divisione
3222 2301 3666 2371 distinguuntur.

2085 2399 2162 2453 Ac
2186 2399 2409 2468 quidem
2438 2415 2546 2467 qua
2577 2400 2792 2454 ratione
2822 2397 2989 2452 unita:
3020 2405 3174 2460 sunt,
3211 2394 3436 2448 minime
3467 2403 3667 2444 mune-

2085 2499 2281 2543 rantur
2337 2489 2550 2561 (neque
2601 2491 2749 2544 enim
2779 2490 2918 2544 duas
2967 2496 3231 2557 quantum
3263 2485 3327 2537 ad
3373 2495 3664 2551 perstinant

2086 2580 2329 2637 dicimus
2388 2597 2513 2639 csse
2550 2580 2775 2637 Christi
2814 2577 3113 2647 naturas),
3150 2590 3258 2646 qua
3292 2584 3472 2629 autem
3526 2570 3666 2623 citra

2085 2670 2413 2727 divisionem
2497 2671 2777 2727 distinctae
2841 2678 2973 2727 sunt
3010 2706 3026 2731 ,
3087 2672 3469 2721 numerantur.
3539 2658 3667 2711 Duze

2084 2763 2231 2817 enim
2259 2762 2470 2818 Christi
2527 2775 2738 2817 natura?
2768 2770 2923 2827 sunt,
2956 2757 3335 2815 distinctionis
3373 2755 3583 2807 ratione
3612 2759 3669 2805 et

2087 2854 2251 2908 modo
2293 2872 2307 2907 :
2342 2867 2470 2907 nam
2498 2853 2626 2923 quia
2681 2852 2897 2906 ratione
2942 2863 3191 2922 ρει-ξομε
3225 2846 3395 2900 unita:
3429 2850 3581 2906 sunt,
3613 2849 3669 2895 et

2086 2945 2319 3001 invicem
2352 2959 2413 2999 se
2445 2943 2771 3013 pervadunt,
2799 2943 2936 2996 citra
2965 2938 3343 2996 confusionem
3373 2934 3669 2991 uniuntur.

2088 3050 2245 3090 suam
2306 3036 2619 3091 naturalem
2691 3032 3064 3088 differentiam
3123 3027 3298 3082 amba:
3341 3025 3669 3080 retinentes.

2012 3133 2056 3193 C
2090 3127 2295 3195 Quare,
2341 3141 2469 3182 cum
2503 3125 2883 3182 distinctionis
2935 3122 3121 3188 modo,
3152 3121 3392 3189 ejusque
3424 3116 3542 3170 sola
3578 3129 3670 3166 ra-

2083 3217 2233 3272 tione
2262 3227 2650 3282 numerentur,
2691 3217 2759 3272 ad
2811 3215 3108 3273 discretam
3157 3209 3526 3283 quantitatem
3578 3219 3673 3259 re-

2084 3307 2365 3377 digeritur.

2161 3399 2437 3465 Quomodo
2459 3398 2661 3454 Christi
2691 3414 2818 3452 caro
2841 3393 3116 3451 adoretur.
3144 3416 3216 3432 —-
3337 3389 3677 3457 Quapropter

2081 3511 2223 3551 unus
2281 3501 2366 3549 est
2388 3491 2669 3555 Christus,
2724 3488 2869 3546 Deus
2908 3484 3210 3557 perfectus,
3259 3486 3315 3535 et
3345 3478 3511 3532 homo
3551 3487 3674 3545 per-

2078 3585 2277 3650 fectus,
2338 3583 2429 3638 cui
2483 3596 2648 3636 unam
2705 3578 3063 3645 eamdemque
3117 3569 3493 3628 adorationem
3545 3580 3672 3619 cum

2084 3678 2247 3732 Patre
2282 3682 2338 3729 et
2366 3674 2595 3743 Spiritu,
2624 3685 2736 3725 non
2761 3668 2989 3723 exclusa
3008 3663 3361 3720 immaculata
3396 3660 3518 3727 ejus
3547 3671 3674 3710 car-

2085 3786 2182 3835 ne,
2211 3766 2560 3822 adhibemus.
2590 3761 2780 3832 Neque
2799 3759 2948 3815 enim
3004 3752 3340 3811 adorandam
3391 3764 3516 3806 esse
3545 3762 3671 3801 car-

2088 3878 2215 3916 nem
2244 3860 2366 3931 ejus
2392 3870 2664 3926 negamus
2699 3873 2713 3908 :
2744 3851 2951 3923 quippe
3012 3862 3133 3919 quae
3171 3844 3440 3899 adoratur
3470 3840 3524 3893 in
3560 3853 3671 3891 una

2088 3951 2256 4007 Verbi
2286 3963 2547 4020 persona,
2575 3961 2698 4016 quae
2724 3942 2948 4016 quidem
2983 3939 3088 4011 ipsi
3146 3948 3383 4010 persona
3415 3942 3468 3987 et
3497 3934 3672 4001 hypo-

2088 4045 2255 4103 stasis
2288 4044 2431 4098 facta
2454 4051 2557 4099 est.
2591 4042 2707 4108 Qua
2734 4041 2793 4094 in
2821 4052 2879 4093 re
2903 4051 3013 4091 non
3046 4040 3317 4089 creaturae
3356 4027 3673 4091 servimus;

2090 4152 2200 4191 non
2248 4135 2396 4190 enim
2454 4133 2627 4195 illam,
2680 4146 2784 4185 ceu
2823 4127 3026 4181 nudam
3086 4137 3311 4177 carnem
3344 4119 3669 4178 adoramus,

2090 4229 2185 4285 sed
2222 4232 2369 4282 velut
2415 4223 2695 4279 divinitati
2759 4221 2971 4275 unitam
3000 4234 3015 4270 :
3048 4222 3103 4271 et
3139 4213 3271 4285 quia
3317 4210 3441 4266 dua:
3496 4206 3674 4277 ipsius

2087 4329 2295 4373 naturae
2324 4315 2391 4369 ad
2425 4330 2587 4369 unam
2618 4310 2715 4366 Dei
2747 4308 2912 4365 Verbi
2952 4317 3246 4377 personam
3306 4299 3671 4357 reducuntur,

2085 4421 2363 4476 unamque
2436 4402 2877 4461 subsistentiam.
2959 4396 3275 4453 Carbonem
3327 4400 3555 4476 tangere
3604 4386 3676 4439 ob

399 4487 567 4557 σαρκὶ
610 4489 902 4561 ἡνωμένην
957 4487 1212 4557 θεότητα.
1243 4485 1319 4539 Οὐ
1376 4485 1489 4555 γὰρ
1528 4487 1796 4552 τέταρτον
1836 4499 1980 4552 παρ-

2094 4475 2428 4562 ignemcum
2474 4490 2627 4561 ligno
2655 4488 3010 4557 coniunctum
3040 4497 3256 4537 vereor.
3290 4479 3491 4533 Amhas
3519 4475 3678 4531 Chri—

396 4581 656 4652 ιντίθημι
689 4582 991 4653 πρόσωπον
1019 4580 1077 4633 tv
1100 4582 1166 4651 τῇ
1198 4578 1414 4650 Τριάδιο
1461 4578 1537 4649 μὴ
1563 4577 1778 4647 γένοιτο
1806 4591 1821 4640 ;
1859 4571 1977 4628 ἀλλ’

395 4671 477 4726 ιν.
509 4674 805 4744 πρόσωπον
853 4672 1107 4743 ὁμολογῶ
1165 4671 1262 4727 τοῦ
1316 4671 1453 4725 Θεοῦ
1508 4670 1688 4737 Λόγου
1744 4667 1841 4722 καὶ
1876 4666 1979 4736 τῆς

400 4765 606 4835 σαρκὸς
630 4764 823 4821 αὐτοῦ.
881 4764 1055 4834 Τριὰς
1089 4764 1201 4833 γὰρ
1250 4761 1471 4829 ἔμεινεν
1527 4762 1560 4831 ἡ
1622 4758 1820 4831 Τριὰς,
1884 4756 1982 4811 καὶ

401 4857 549 4929 μετὰ
577 4859 679 4930 τὴν
704 4858 803 4913 τοῦ
833 4857 1012 4927 Λόγου
1046 4857 1354 4928 σάρκωσιν.

761 5081 873 5137 Τοῦ
904 5079 1115 5136 αὐτοῦ.
1151 5076 1499 5148 Κεφάλαιον
1530 5080 1652 5145 ac".

470 5224 583 5280 τὸν
600 5224 733 5277 Υίὸν
766 5222 863 5275 τοῦ
919 5218 1059 5273 Θεοῦ
1092 5218 1191 5271 σὺν
1247 5216 1325 5285 τῷ
1372 5215 1550 5284 "arpi.
1580 5215 1676 5269 καὶ
1730 5212 1811 5285 τῷ
1837 5212 1982 5283 ἁγίῳ

406 5318 688 5387 Πνεῦματι
750 5311 1197 5385 προσκυνοῦμεν*
1257 5306 1556 5374 ἀσώματον
1602 5306 1703 5391 μὲν
1730 5307 1838 5376 πρὸ
1866 5305 1969 5375 τῆς

404 5408 839 5478 ἀνθρωπήσεως,
864 5406 959 5459 καὶ
987 5402 1082 5458 νῦν
1104 5403 1198 5456 τὸν
1224 5400 1390 5455 αὐτὸν
1421 5398 1847 5470 σεσαρκωμένον
1885 5398 1982 5451 καὶ

402 5501 704 5571 γενόμενον
738 5497 1049 5565 ἄνθρωπον,
1086 5493 1228 5564 μετά
1258 5493 1355 5545 τοῦ
1392 5486 1535 5545 εἷναι
1569 5490 1728 5544 Θεόν.
1768 5488 1835 5542 Ἢ
1867 5490 1981 5542 toi-

402 5610 502 5646 νυν
534 5590 671 5659 σὰρξ
708 5588 901 5654 αὑτοῦ,
927 5589 1073 5641 κατά
1108 5588 1209 5656 μὲν
1259 5585 1361 5656 τὴν
1411 5582 1614 5652 ἑαυτῆς
1670 5580 1862 5650 φύσιν,
1912 5580 1982 5633 ἀν

400 5682 585 5754 διὲλῃς
614 5683 825 5752 ῑσχναῐς
840 5679 1107 5743 ἐπινοίαις
1123 5678 1193 5731 rb
1216 5677 1499 5747 ὁρώμενον
1532 5677 1595 5726 ἐκ
1633 5673 1733 5726 τοῦ
1756 5672 1984 5743 νοουμέ-

403 5793 523 5844 νου,
557 5775 975 5849 ἀπροσκύνητὸς
1008 5773 1183 5837 ἐστιν,
1227 5768 1303 5835 ὥς
1339 5766 1564 5839 κτιστήσ
1629 5766 1896 5821 ἐνωθείσα
1926 5766 1980 5819 δὲ

2086 4580 2158 4634 sti
2213 4587 2442 4635 naturas
2484 4577 2576 4631 'ob
2627 4575 2840 4630 unitam
2886 4571 3039 4628 carni
3091 4571 3435 4627 divinitatem
3473 4571 3667 4630 adoro.

2083 4668 2203 4726 Non
2234 4676 2489 4738 quartam
2524 4665 2780 4721 Trinitati
2828 4677 3120 4734 personam
3184 4663 3361 4718 infero
3394 4681 3407 4718 :
3469 4666 3614 4720 absit
3648 4669 3664 4723 l

2084 4762 2179 4818 sed
2214 4775 2374 4816 unam
2416 4759 2509 4814 Dei
2555 4757 2739 4821 Verbi,
2799 4757 3093 4826 carnisque
3134 4756 3310 4825 ipsius
3371 4772 3664 4827 personam

2084 4854 2371 4908 conﬁteor.
2398 4851 2640 4904 Trinitas
2668 4849 2870 4919 quippe
2888 4849 3057 4903 etiam
3090 4857 3214 4920 post
3240 4845 3405 4904 Verbi
3473 4850 3661 4903 incar-

2084 4945 2364 5001 nationem
2390 4943 2631 4998 Trinitas
2663 4941 2887 4997 mansit.

2613 5074 2893 5146 Ejusdem.
2918 5090 3040 5145 cap.
3074 5074 3165 5131 96.

2161 5219 2358 5275 Christi
2385 5232 2534 5282 caro,
2569 5215 2793 5271 utVerbi
2823 5230 2949 5268 caro
2983 5214 3292 5277 adoranda,
3319 5231 3423 5268 non
3456 5214 3665 5266 ratione

2084 5313 2190 5368 sui.
2210 5341 2279 5353 —
2299 5311 2390 5364 Dei
2413 5308 2610 5364 Filium
2637 5307 2798 5364 simul
2822 5321 2943 5361 cum
2974 5306 3131 5361 Patre
3145 5315 3196 5358 et
3230 5305 3436 5375 Spiritu
3476 5318 3665 5359 sancto

2084 5403 2407 5466 adoramus,
2459 5414 2693 5469 corpore
2739 5398 2956 5472 quidem
2995 5397 3198 5452 nudum
3245 5408 3532 5464 antequam
3567 5397 3667 5448 hn-

2086 5492 2403 5547 manitatem
2439 5490 2868 5559 assumpsisset,
2904 5503 3047 5542 nunc
3081 5495 3260 5540 autem
3297 5486 3549 5541 eumdem
3577 5488 3665 5541 in-

2086 5593 2372 5639 carnatum
2401 5582 2787 5650 hominemque
2814 5578 3046 5642 factum,
3073 5594 3196 5632 cum
3237 5594 3302 5633 eo
3339 5578 3481 5647 quod
3520 5579 3666 5636 Deus

2086 5685 2190 5731 est.
2218 5678 2295 5730 Ac
2330 5675 2556 5745 proinde
2587 5673 2760 5744 ipsius
2794 5685 2927 5725 caro
2953 5681 3146 5739 suapte
3189 5671 3408 5740 quidem
3447 5682 3665 5751 natura,

2089 5767 2138 5822 si
2206 5764 2391 5822 subtili
2442 5764 2678 5838 quadam
2732 5758 3170 5821 consideratione
3196 5758 3250 5815 id
3312 5758 3458 5837 quod
3529 5763 3668 5821 visi.
