4082 6456
370 391 509 457 1055
1532 428 1536 430 -
1591 394 1968 455 EUTIIYMII

2059 395 2333 457 [GABEN
2338 397 2366 455 Ι
3503 410 3637 473 1056

369 541 482 597 bile
521 550 625 608 est,
665 543 735 599 ab
788 559 851 599 eo
894 543 1038 614 quod
1089 543 1302 598 ratione
1327 551 1539 596 tantum
1603 541 1965 612 intelligitur,

2055 544 2122 616 τῷ
2155 543 2274 614 Θεῷ
2301 545 2483 614 Λόγῳ,
2524 545 2591 598 δι’
2619 544 2783 597 αὑτὸν
2814 547 2906 600 καὶ
2943 547 3002 599 ὲν
3030 544 3182 615 αὑτῷ
3214 549 3630 616 προσκυνεῖται.

373 635 698 690 distinxeris
717 679 730 702 ,
757 652 1102 707 nequaquam
1123 634 1402 690 adoranda
1430 641 1542 698 est,
1561 641 1749 704 utpote
1769 643 1968 698 creata,

2055 636 2255 706 Ὀνπερ
2303 634 2412 706 γὰρ
2457 635 2661 705 τρόπον
2705 638 2733 688 ὁ
2769 633 3024 704 βασιλεὺς
3072 638 3170 700 καὶ
3219 636 3424 708 γυμνὸς
3459 653 3632 706 προσ-

376 738 429 782 et
490 745 614 782 cum
667 728 777 783 Deo
831 730 1008 784 Verbo
1053 730 1206 783 unita
1273 728 1366 794 sil,
1415 736 1643 798 propter
1675 726 1853 796 ipsum
1923 737 1976 778 et

377 820 430 873 in
464 825 584 891 ipso
613 822 900 875 adoratur.
944 821 1424 888 Quemadmodum
1465 821 1611 875 enim
1647 835 1764 881 rex,
1794 830 1843 872 et
1873 833 1975 870 nu-

382 911 510 975 dus,
557 921 612 965 et
666 914 915 968 vestibus
974 914 1203 968 indutus
1261 913 1556 978 adorator;
1617 925 1682 965 ac
1732 924 1973 980 purpura

379 1002 604 1068 quidem
639 1004 784 1056 velut
810 1005 1044 1073 simplex
1086 1019 1328 1074 purpura
1367 1004 1616 1058 calcatur
1648 1013 1701 1056 et
1744 999 1974 1071 projici-

377 1098 498 1152 tur;
533 1099 831 1160 postquam
867 1103 1051 1148 autcm
1078 1097 1132 1148 in
1165 1095 1374 1165 regium
1406 1095 1786 1149 indumentum
1825 1091 1978 1148 adhi-

375 1178 492 1232 bita
523 1191 627 1245 est,
657 1191 772 1234 tum
799 1182 1010 1239 honore
1035 1196 1083 1240 et
1119 1187 1295 1256 gloria
1330 1185 1583 1250 allicitur,
1631 1201 1807 1256 eaque
1839 1200 1976 1238 con-

374 1271 587 1325 ditione
623 1283 735 1338 est,
787 1283 847 1326 ut
886 1276 978 1344 qui
1017 1291 1136 1328 eam
1194 1277 1455 1332 indecore
1491 1279 1765 1338 tractarit,
1803 1283 1978 1330 morte

375 1363 702 1433 plerumque
734 1368 1028 1421 multetur:
1058 1370 1203 1424 velut
1226 1373 1390 1424 etiam
1413 1371 1643 1442 simplex
1669 1373 1880 1442 lignum
1959 1412 1973 1437 ,

377 1469 486 1509 non
537 1456 619 1511 sic
693 1469 1070 1526 comparatum
1137 1469 1221 1515 est
1269 1471 1327 1514 ut
1377 1464 1524 1533 tangi
1583 1480 1692 1517 non
1752 1463 1974 1533 possit,

2046 727 2292 778 κυνεῖται
2329 726 2422 777 καὶ
2465 725 2845 794 ἐνδεδυμένος,
2892 727 2984 779 καὶ
3032 728 3065 797 ἡ
3098 727 3357 796 ἁλουργὶς
3378 766 3393 789 ,
3423 727 3500 791 ὡς
3533 729 3635 798 μὲν

2045 817 2175 886 ψιλὴ
2212 816 2492 886 ἁλουργὶς,
2525 818 2781 868 πατεῖται
2818 817 2913 870 καὶ
2945 818 3392 888 περιρῤίπτεται,
3424 818 3637 887 βασιλι-

2049 909 2144 962 κὸν
2171 909 2226 960 δὲ
2253 909 2523 977 γενομένη
2549 909 2779 974 ἔνδυμα,
2809 911 3044 978 τιμᾷται
3073 911 3167 961 καὶ
3193 909 3508 975 δοξάζεται,
3541 913 3639 965 καὶ

2049 999 2101 1052 εἴ
2129 1017 2214 1062 τις
2241 999 2413 1069 αὐτὴν
2440 999 2898 1070 παροικτρώσειε,
2943 1001 3197 1063 θάνατον,
3222 1002 3298 1065 ὡς
3340 1004 3408 1056 τὰ
3441 1004 3638 1067 πολλὰ,

2049 1090 2445 1160 κατακρίνεται
2472 1106 2484 1118 ·
2537 1091 2614 1152 ὡς
2645 1091 2838 1144 δὲλλκαὶ
2877 1091 3035 1156 ξύλον
3076 1092 3234 1161 ψιλὸν
3276 1094 3378 1147 οὐκ
3410 1097 3531 1149 ἐστι
3569 1100 3636 1165 τῇ

2050 1183 2161 1252 ἀφῇ
2198 1182 2521 1250 ἀπρόσιτον,
2575 1182 2708 1249 πυρὶ
2748 1183 2805 1234 δὲ
2854 1185 3268 1254 προσομιλῆσαν
3303 1187 3400 1239 καὶ
3430 1187 3642 1258 ἄνθραξ

2049 1274 2362 1342 γενόμενον,
2420 1275 2481 1326 οὑ
2525 1274 2591 1326 δι’
2621 1274 2802 1335 ἑαυτὸ,
2845 1274 2933 1326 διὰ
2959 1274 3017 1326 δὲ
3039 1276 3100 1327 τὸ
3129 1279 3474 1348 συνημμένον
3501 1279 3639 1350 πῦρ,

2051 1361 2348 1430 ἀπρόσιτον
2375 1362 2627 1430 γίνεται,
2667 1363 2760 1414 καὶ
2807 1363 2906 1432 οὑχ
2937 1365 2970 1433 ἡ
3004 1362 3099 1416 τοῦ
3130 1363 3288 1428 ξύλου
3325 1366 3494 1434 φύσις
3533 1370 3640 1421 ὑπο

2054 1456 2211 1524 άρχει
2235 1455 2552 1525 ἀπρόσιτος,
2579 1454 2695 1507 ἀλλ’
2726 1458 2754 1508 ὁ
2775 1455 3003 1525 ἄνθραξ,
3029 1458 3148 1527 ἤτοι
3174 1458 3234 1510 τὸ
3265 1477 3640 1528 πεπυρακτω-

378 1551 644 1598 eazlerum
676 1545 767 1600 ubi
794 1547 1019 1602 admoto
1048 1549 1171 1619 igne
1199 1553 1369 1604 carbo
1395 1552 1589 1617 evasit,
1617 1566 1726 1606 non
1755 1551 1968 1621 quidem

2057 1546 2222 1612 μένον
2281 1543 2482 1610 ξύλον,
2533 1543 2679 1597 οὕτω
2735 1545 2828 1596 καὶ
2882 1547 2912 1614 ἡ
2967 1545 3148 1616 σὰρξ,
3197 1549 3346 1609 κατὰ,
3383 1549 3485 1619 μὲν
3537 1551 3641 1621 τὴν

379 1644 575 1704 suapte
607 1637 676 1701 vi,
730 1639 828 1691 sed
866 1640 936 1692 ob
973 1640 1297 1704 adjunctum
1328 1643 1505 1712 ignem
1541 1683 1555 1704 ,
1611 1657 1710 1696 nec
1747 1642 1968 1712 propius

2055 1637 2255 1705 ἑαυτῆς
2281 1635 2443 1703 φύσιν
2467 1677 2482 1702 ,
2528 1637 2628 1688 οὑκ
2669 1635 2785 1688 ἔστι
2816 1640 3170 1710 προσκυνητὴ
3196 1680 3211 1703 ,
3251 1646 3642 1710 προσκυνεῖται

381 1727 674 1792 adiri,nec
721 1731 867 1799 tangi
895 1733 1119 1784 omnino
1173 1743 1521 1802 potest:non
1574 1734 1718 1801 quod
1765 1749 1827 1788 ea
1852 1734 1968 1802 ligni

2055 1727 2111 1781 δὲ
2143 1729 2202 1779 ὲν
2245 1727 2324 1795 τῷ
2361 1728 2772 1798 σεσαρκωμένῳ
2805 1728 2925 1799 Θεῷ
2962 1730 3156 1798 Λόγῳ,
3207 1733 3268 1784 οὑ
3309 1733 3378 1786 δι’
3415 1737 3641 1808 ἑαυτὴν,

381 1827 575 1872 natura
610 1822 703 1887 sit,
736 1830 785 1874 ut
823 1825 1130 1891 propiorem
1163 1826 1230 1880 ad
1269 1842 1328 1881 se
1359 1841 1645 1881 accessum
1673 1840 1784 1880 non
1821 1824 1968 1880 lerat.

2057 1812 2191 1864 am
2264 1811 2352 1864 διὰ
2429 1813 2519 1866 τὶν
2574 1815 2853 1891 ἡνωμένον
2920 1816 3059 1886 αὑτῇ
3143 1817 3264 1872 καθ’
3341 1822 3644 1880 ὑπόστασιν

381 1909 474 1963 sed
501 1911 642 1978 quod
669 1913 780 1980 jam
813 1915 979 1970 carbo
1005 1917 1094 1979 sit,
1149 1933 1246 1971 seu
1303 1918 1509 1986 lignum
1537 1933 1872 1973 accensum:
1914 1915 1968 1969 ac‘

2057 1903 2190 1956 Θεὸν
2253 1904 2462 1973 Λόγονο
2526 1907 2621 1958 καὶ
2671 1905 2730 1958 οὑ
2773 1923 2990 1975 φαμεν,
3032 1910 3115 1961 ὅτι
3169 1911 3347 1981 σάρκα
3405 1934 3646 1987 προσκυ-

382 2002 630 2055 emndem
677 2019 898 2074 quoque
943 2008 1161 2060 modum
1213 2025 1341 2062 caro
1395 2020 1591 2079 suapte
1633 2010 1853 2080 quidem
1890 2023 1968 2061 na.

2058 1995 2260 2064 νοῦμεν
2291 1994 2475 2066 ψιλὴν,
2508 1996 2646 2050 άλλά
2673 1998 2852 2068 σάρκα
2873 1999 3034 2066 Θεοῦ,
3070 2001 3188 2070 ἦτοι
3221 2011 3646 2078 σεσαρκωμένον

385 2101 508 2145 tnra
544 2109 889 2164 nequaquam
923 2106 1008 2150 est
1044 2099 1358 2152 adoranda:
1402 2102 1493 2154 sed
1527 2117 1651 2154 cum
1696 2101 1986 2153 inearnato
2058 2087 2214 2140 93’5"-

387 2177 565 2231 Verbo
596 2178 881 2240 adorator,
923 2175 1288 2244 non-quidem
1325 2187 1553 2242 propter
1579 2174 1841 2242 seipsam.
1878 2176 1972 2226 sed
2014 2185 2237 2242 prepler
2281 2175 2448 2228 Deum
2481 2176 2744 2244 Verbum,
2779 2177 2924 2248 quod
2977 2181 3279 2236 secundum
3309 2180 3645 2252 hypostasim

388 2274 490 2341 ipsi
529 2272 849 2340 copulatum
876 2279 982 2324 est.
1020 2271 1206 2338 Neque
1249 2271 1400 2323 enim
1431 2270 1664 2343 fatemur
1705 2270 1910 2322 nudam
1970 2267 2278 2336 simplicem
2333 2286 2556 2326 Carnem
2593 2275 2836 2338 adoi'ari.
2869 2290 3058 2330 verum
3087 2276 3180 2329 Dei
3234 2291 3486 2338 carnem,
3527 2280 3646 2333 sive

388 2367 561 2420 Deum
599 2367 965 2417 incarnatum.

910 2501 1187 2569 Ejusdem.
1229 2500 1364 2571 Cap.
1399 2502 1486 2556 73.

454 2640 717 2711 Quamvis
751 2640 898 2698 enim
938 2638 1083 2693 nulla
1129 2639 1201 2691 sit
1241 2647 1437 2692 natura
1501 2652 1623 2706 quae
1661 2634 1968 2690 subsisten-

385 2737 457 2790 tia
482 2743 693 2796 careat,
730 2745 831 2785 nec
860 2730 971 2784 ulla
999 2729 1302 2784 substantia
1353 2743 1472 2796 qua:
1499 2741 1742 2796 personae
1769 2739 1968 2795 expers

383 2830 615 2880 exsistat
670 2825 893 2893 (quippe
937 2838 1064 2876 cum
1102 2830 1158 2873 et
1191 2819 1496 2874 subSIautia
1549 2827 1605 2871 et
1656 2830 1851 2869 natura
1913 2815 1967 2869 in

385 2920 762 2974 subsistentiis
793 2917 1216 2971 eousiderentur
1269 2923 1325 2967 et
1377 2913 1626 2982 personis
1656 2916 1674 2976 )
1703 2951 1718 2970 .
1767 2922 1823 2964 at
1857 2926 1967 2964 non

385 3011 595 3065 idcirco
636 3023 856 3064 necesse
918 3018 978 3061 nt
1017 3017 1224 3060 naturae
1282 3006 1427 3067 illae,
1483 3020 1603 3073 qua:
1665 3003 1966 3058 secundum

385 3101 720 3172 hypostasim
789 3101 932 3153 inter
1003 3114 1061 3154 se
1131 3101 1294 3152 unita:
1358 3105 1535 3163 sunt,
1608 3111 1762 3150 suam
1852 3097 1964 3149 sin-

392 3310 556 3346 unam
597 3307 888 3360 personam
918 3290 1335 3350 convenientes,
1370 3282 1471 3342 nec.
1519 3285 1826 3342 substantia
1873 3299 1964 3336 ca-

390 3395 572 3445 reant,
613 3399 712 3437 nec
745 3399 940 3436 rursus
988 3386 1300 3450 separatam
1348 3393 1411 3433 ae
1443 3377 1721 3447 pr0priam
1775 3373 1960 3427 subsi-

390 3476 650 3529 stentiam
685 3474 944 3536 habeant,
980 3473 1074 3526 sed
1107 3471 1280 3525 amba:
1323 3485 1487 3524 unam
1520 3477 1574 3521 et
1746 3466 1956 3520 eadem.

389 3567 547 3630 Nam,
589 3581 712 3619 cum
745 3581 850 3618 una
875 3572 928 3618 et
963 3563 1152 3619 eadem
1189 3563 1354 3616 Verbi
1395 3573 1628 3630 persoaa
1676 3555 1958 3609 ambarum

391 3666 713 3710 naturarum
753 3669 988 3723 persona
1017 3654 1313 3718 exstiterit,
1349 3666 1447 3705 nec
1477 3649 1742 3702 utramvis
1767 3645 1958 3697 harum

389 3745 752 3801 subsistentia
780 3760 973 3798 carere
1007 3745 1160 3806 sinit,
1203 3759 1300 3798 nec
1327 3757 1525 3797 rursus
1553 3755 1647 3793 eas
1683 3738 1958 3792 diversam

389 3840 534 3892 inter
557 3852 616 3891 se
658 3836 1080 3891 subsistentiam
1140 3834 1342 3889 habere
1391 3831 1662 3893 concedit,
1705 3843 1805 3882 nec
1865 3827 1960 3881 de-

390 3945 536 3982 mum
573 3938 630 3982 ut
671 3943 817 3980 nune
862 3927 1050 3994 hujus,
1096 3941 1241 3979 nunc
1274 3927 1445 3987 illius,
1481 3937 1718 3994 persona
1748 3919 1842 3982 sit,
1866 3918 1960 3972 sed

390 4005 682 4088 utriusque
713 4035 928 4087 semper
967 4018 1104 4071 citra
1129 4018 1452 4071 divisionem
1485 4023 1539 4069 et
1556 4011 1959 4083 separationem

391 4110 711 4182 bypostasis
743 4110 1000 4163 exsistit:
1041 4109 1122 4163 sic
1159 4110 1416 4161 nimirum
1453 4117 1509 4161 ut
1547 4122 1656 4160 non
1695 4107 1747 4158 in
1777 4111 1963 4171 partes

390 4209 609 4256 secetur
639 4215 704 4254 ae
735 4199 1036 4260 dividatur,
1067 4199 1265 4268 suique
1297 4209 1504 4267 partem
1538 4197 1689 4257 huic,
1724 4201 1964 4264 partem-

390 4309 497 4361 que
529 4291 605 4345 illi
641 4291 869 4352 tribuat,
907 4290 1000 4342 sed
1038 4296 1152 4341 tota
1187 4289 1374 4356 hujus,
1405 4303 1469 4342 ac
1503 4297 1614 4340 tota
1649 4284 1797 4339 illius
1827 4282 1964 4336 indi-

2421 2518 2532 2573 Τοῦ
2583 2522 2789 2576 αὐτοῦ.
2823 2523 3170 2592 Κεφάλαιον
3207 2523 3315 2594 ον’.

2136 2650 2199 2703 El
2242 2651 2354 2722 γὰρ
2440 2653 2538 2706 καὶ
2614 2655 2688 2722 μή
2731 2657 2849 2707 ἐστι
2920 2655 3082 2722 φύσις
3151 2659 3549 2724 ἀνυπόστατος,
3616 2661 3650 2726 ἦ

2053 2743 2213 2797 οὖσῑα
2240 2742 2576 2814 ἀπρόσωπος
2595 2759 2609 2774 ο
2630 2743 2688 2794 ἐν
2716 2744 3050 2796 ὑποστάσεσι
3075 2742 3186 2813 γάρ
3207 2746 3302 2798 καὶ
3323 2748 3644 2817 προσώποις

2051 2834 2091 2904 ᾗ·
2117 2851 2176 2888 τε
2199 2834 2358 2887 οὐσία
2385 2835 2478 2887 καὶ
2507 2836 2540 2904 ἠ
2572 2834 2738 2902 φύσις
2768 2834 3058 2903 θεωρεῖται
3095 2849 3108 2862 ’
3139 2833 3255 2886 ἀλλ’
3287 2835 3389 2888 οὐκ
3422 2837 3639 2905 ἀνάγκη

2050 2925 2151 2987 τὰς
2203 2925 2461 2995 ἀλλήλαις
2515 2925 2812 2988 ὲνιυθείσας
2866 2925 3064 2992 φύσεις
3129 2925 3251 2977 καθ’
3301 2926 3638 2992 ὑπόστασιν,

2049 3018 2288 3087 ἑκάστην
2315 3017 2450 3070 ἰδίαν
2473 3016 2774 3086 κεκτῆσθαι
2801 3017 3117 3069 ὑπόστασιν·
3142 3016 3396 3070 δύνανται
3420 3018 3640 3088 γὰρεὶς

2012 3167 2025 3184 η
2055 3109 2184 3177 μιαν
2236 3109 2646 3178 συνδραμοῦσαι
2696 3108 2997 3161 ὑπόστασιν
3029 3148 3044 3172 ,
3083 3109 3221 3177 μήτε
3271 3109 3641 3163 ἀνυπόστατοι

391 3206 530 3274 gula:
565 3203 904 3274 hypostasint
940 3201 1199 3255 habeant.
1231 3197 1373 3252 Fieri
1417 3197 1562 3251 enim
1595 3203 1793 3265 potest,
1829 3202 1884 3246 ut
1906 3195 1960 3248 in
1988 3195 2026 3217 “

2053 3194 2214 3264 εἶναι,
2239 3202 2375 3269 μήτε
2407 3198 2720 3264 ἰδιάζουσαν
2744 3198 2952 3270 ἑκάστῃ
2979 3198 3124 3269 ἔχειν
3158 3200 3640 3262 ὑπόστασιν,ἀλλὰ

2057 3309 2186 3360 μιαν
2215 3292 2312 3344 καὶ
2366 3291 2465 3360 τὴν
2519 3292 2692 3361 αὐτὴν
2747 3292 3056 3361 ἀμφότεραι
3112 3289 3186 3344 Ἦ
3217 3292 3356 3362 αὑτὴ
3402 3293 3512 3363 γὰρ
3541 3293 3637 3345 τοῦ

2055 3381 2229 3449 Λόγου
2265 3381 2931 3453 ὑπόστασις,ὰμφοτέρων
2954 3383 3063 3436 τῶν
3090 3383 3308 3450 φύσεων
3341 3386 3638 3448 ὑπόστασις

2054 3473 2465 3543 χρηματίσασα,
2494 3473 2620 3526 οὔτε
2665 3474 3039 3527 ἀνυπόστατον
3086 3475 3268 3527 αὑτῶν
3327 3476 3457 3543 μίαν
3499 3474 3638 3530 εἶναι

2053 3567 2347 3634 συγχωρεῖ,
2379 3564 2502 3618 οὑιε
2538 3565 2644 3634 μὴν
2688 3566 3192 3634 ἑτεροῦποστάτους
3224 3567 3470 3636 ἀλλήλων
3494 3563 3637 3622 εἶναι

2053 3656 2411 3725 παραχωρεῖ,
2447 3656 2569 3708 οὐδὲ
2605 3653 2769 3726 [εἷναί
2820 3654 2840 3727 ]
2873 3673 3003 3709 ποτε
3061 3657 3160 3724 μὲν
3206 3658 3390 3722 τῆσδε,
3426 3659 3554 3710 ποτὲ
3580 3659 3638 3712 δὲ

2051 3745 2288 3816 ἐκείνης,
2316 3744 2432 3798 ἀλλ’
2462 3747 2549 3800 ἀεὶ
2602 3747 2934 3817 ἀμφοτέρων
2977 3748 3324 3817 ἀδιαιρέτως,
3356 3752 3451 3802 καὶ
3489 3751 3638 3819 ἀχω-

2055 3833 2253 3902 ρίστως
2321 3836 2557 3907 ὑπάρχει
2619 3837 2955 3899 ὑπόστασιςο
3009 3838 3072 3890 οὑ
3147 3838 3482 3909 μεριζομένη
3540 3841 3638 3892 καὶ

2054 3920 2432 3992 διαιρουμένη,
2478 3924 2572 3976 καὶ
2633 3924 2800 3993 μέρος
2855 3923 2952 3994 μὲν
2999 3924 3202 3994 ἑαυτῆς
3265 3925 3434 3996 τῇδε,
3473 3925 3639 3995 μέρος

2053 4011 2102 4064 δὲ
2135 4012 2258 4082 τῇδε
2307 4014 2658 4083 διανέμουσα,
2693 4014 2828 4066 ἀλλὰ
2877 4015 3024 4066 πᾶσα
3076 4013 3283 4084 ταύτης
3334 4015 3428 4068 καὶ
3484 4016 3639 4067 πᾶσα

2049 4102 2282 4172 ἐκείνης.
2317 4103 2541 4173 ἀμερῶς
2585 4104 2678 4156 καὶ
2701 4103 3003 4172 ὁλοσχερῶς
3030 4105 3370 4174 ὑπάρχουσα.
3403 4105 3475 4157 Οὑ
3525 4105 3638 4174 γὰρ

2052 4193 2434 4257 ἰδιοσυστάτως
2486 4194 2750 4266 ὑπέστηὴ
2785 4196 2877 4248 τοῦ
2906 4197 3039 4249 Θεοῦ
3078 4198 3251 4263 Λόγου
3300 4197 3438 4268 σὰρξ
3463 4237 3478 4261 ,
3512 4197 3636 4251 οὑδὲ

2051 4285 2213 4354 ἑτέρα
2260 4285 2557 4349 ὑπόστασις
2603 4288 2797 4355 γέγονε
2851 4289 2997 4356 παρὰ
3053 4288 3150 4359 τὴν
3201 4289 3294 4342 τοῦ
3349 4289 3486 4342 Θεοῦ
3525 4289 3633 4343 Λό-

390 4383 528 4444 vise,
561 4388 726 4448 atque
764 4379 820 4431 in
857 4387 1032 4431 totum
1063 4379 1156 4432 sit.
1189 4378 1378 4447 Neque
1430 4378 1576 4430 enim
1617 4385 1675 4430 ut
1731 4373 1962 4429 seorsim

2055 4390 2145 4443 γου
2196 4376 2516 4442 ὑπόστασιν,
2559 4377 2675 4430 ἀλλ’
2710 4380 2767 4430 ὲν
2821 4379 2956 4448 αὑτῇ
3006 4379 3312 4442 ὑποστάσει,
3345 4379 3637 4433 ἑνυπόστα-

393 4470 740 4527 subsisteret.
771 4466 864 4519 Dei
902 4465 1065 4520 Verbi
1093 4482 1219 4520 caro
1243 4467 1463 4519 condita
1503 4472 1607 4530 est,
1649 4471 1743 4516 aut
1773 4469 1965 4532 praeter

348 4571 349 4574 ‘
395 4560 488 4613 Dei
526 4557 688 4612 Verbi
746 4569 1036 4624 personam
1071 4557 1176 4608 alia
1222 4556 1362 4609 facta
1405 4554 1507 4608 fuit
1538 4567 1809 4624 persona:
1868 4549 1962 4605 sed

404 4667 526 4703 eum
573 4651 624 4702 in
661 4667 720 4704 ea
755 4651 1107 4711 subsisteret,
1138 4651 1281 4704 faeta
1314 4660 1392 4703 est
1442 4649 1625 4719 potius
1674 4647 1969 4699 ἐνυπόστα-

2049 4484 2140 4528 τος
2187 4468 2410 4537 μᾶλλον,
2444 4471 2538 4522 καὶ
2584 4471 2646 4522 οὑ
2703 4471 2826 4523 καθ’
2860 4470 3056 4541 ἑαυτὴν
3105 4470 3469 4535 ἰδιοσύστατος
3503 4471 3636 4522 ὑπό-

2054 4574 2240 4618 στασις
2295 4559 2507 4627 γέγονε.
2547 4560 2637 4618 Διὸ
2691 4560 2813 4612 οὑδὲ
2872 4561 3247 4623 ἀνυπόστατός
3293 4562 3441 4613 ἐστιν
3470 4600 3486 4623 ,
3516 4560 3638 4613 οὑδὲ

2053 4647 2246 4714 ἑτέραν
2285 4651 2341 4700 ὲν
2369 4653 2432 4720 τῇ
2465 4649 2654 4718 Τριάδι
2685 4651 3045 4720 παρεισφέρει
3077 4651 3396 4703 ὑπόστασιν.

383 4766 498 4820 τος,
537 4748 586 4802 id
613 4757 716 4813 est,
763 4747 815 4800 in
855 4747 963 4801 alio
984 4746 1264 4805 substans.
1314 4759 1477 4820 quam
1505 4742 1734 4797 seorsim
1772 4743 1824 4794 in
1855 4742 2033 4810 seipsa
2057 4741 2318 4796 substans
2353 4740 2681 4811 bypostasis.
2715 4741 3080 4809 Quamobrem
3117 4755 3219 4798 nec
3263 4753 3424 4820 caret
3463 4745 3647 4800 subsi-

384 4837 606 4900 stentia,
651 4850 749 4887 nec
791 4835 1016 4888 alteram
1049 4834 1100 4886 in
1138 4832 1404 4884 'l‘rinitate
1435 4845 1721 4899 perSOnam
1759 4828 1987 4880 inducit.

915 4971 1346 5039 Ejusdem..Cap.
1380 4970 1469 5021 74.

463 5106 647 5158 Divina
668 5107 881 5156 nomina
903 5107 1226 5158 communia.
1253 5131 1323 5143 —-
1349 5104 1484 5168 Qum
1540 5118 1666 5155 cum
1717 5103 1789 5154 ita
1829 5103 1963 5165 sint,

387 5199 740 5269 appendicem
792 5195 962 5258 illam,
1020 5212 1182 5256 quam
1240 5197 1433 5250 Petrus
1488 5195 1798 5264 Cuapheus,
1867 5209 1963 5248 seu

387 5291 562 5354 Fullo,
596 5287 844 5357 Trisagio
875 5277 1078 5357 hymno
1100 5287 1322 5355 adjecit,
1358 5286 1576 5353 impiam
1605 5302 1728 5339 esse
1761 5282 1964 5338 statui-

387 5402 528 5446 tuus,
566 5397 622 5436 ut
654 5399 773 5452 qua:
805 5395 1055 5451 quartam
1087 5381 1313 5434 inducat
1381 5395 1696 5449 personam.
1757 5394 1819 5432 ac
1875 5378 1967 5432 Dei

388 5466 608 5540 Filium,
645 5478 749 5528 vim
777 5475 921 5526 illam
954 5473 1210 5526 nimirum
1249 5473 1426 5524 Patris
1477 5487 1600 5526 vere
1662 5471 1965 5525 subsisten-

389 5577 518 5631 tem,
545 5567 777 5622 seorsim
802 5566 1055 5630 collocet,
1093 5574 1146 5618 et
1180 5565 1408 5619 seorsim
1468 5577 1659 5617 rursus
1689 5579 1833 5625 eum,
1871 5565 1963 5633 qui

388 5660 540 5711 cruci
570 5658 761 5711 afﬁxus
814 5667 918 5722 est,
946 5672 1008 5710 ac
1039 5657 1082 5711 si
1117 5655 1183 5710 ab
1210 5656 1302 5709 illo
1354 5656 1484 5724 [orti
1517 5655 1770 5709 diversus
1795 5663 1963 5720 esset,

387 5749 474 5802 vel
505 5747 823 5803 Trinitatem
867 5758 1111 5803 sanctam
1153 5750 1395 5816 passioni
1424 5748 1718 5803 obnoxiam
1774 5747 1964 5817 opine-

389 5849 502 5907 tur,
539 5837 864 5910 Patremque
893 5857 954 5897 ac
1011 5841 1276 5925 Spiritum
1341 5854 1590 5899 sanctum
1633 5843 1685 5896 in
1751 5857 1966 5896 crucem

2424 4967 2535 5022 Τοῦ
2557 4971 2766 5024 αὑτοῦ.
2800 4970 3163 5040 Κεφάλαιον.
3190 4971 3295 5028 οδ¹.

2157 5101 2444 5154 Ἐντεῦθεν
2485 5104 2581 5155 καὶ
2607 5105 2706 5172 τὴν
2741 5104 2801 5155 ἐν
2857 5103 2935 5173 τῷ
2990 5103 3276 5176 Τρισαγῖῳ
3325 5111 3648 5181 προσθήκην

2074 5196 2178 5249 ὑπὸ
2202 5194 2294 5249 τοῦ
2329 5197 2725 5266 ματαιόφρονος
2757 5199 2962 5268 Πέτρου
2989 5199 3084 5252 τοῦ
3117 5201 3385 5270 Κηφέως
3419 5219 3645 5274 γεγενη-

2077 5291 2268 5360 μένην,
2307 5288 2632 5360 βλάσφημον
2657 5291 2980 5361 ὁριζνὲμεθα,
3011 5291 3085 5354 ὡς
3117 5293 3379 5361 τέταρτον
3421 5313 3644 5365 παρεισ-

2073 5385 2207 5451 άγου
2221 5400 2315 5434 σαν
2364 5381 2683 5452 πρόσωπον,
2711 5385 2803 5436 καὶ
2835 5385 3115 5453 ἁναμέρος
3145 5388 3388 5440 τιθεῖσαν
3429 5388 3519 5440 τὸν
3557 5387 3647 5441 τοῦ

2071 5473 2205 5526 Θεοῦ
2243 5473 2394 5540 Υἱὺν,
2432 5473 2532 5542 τὴν
2586 5471 2681 5524 τοῦ
2718 5474 2928 5540 Harpe;
2980 5476 3349 5530 ἐνυπόστατον
3395 5477 3647 5547 δύναμιν,

2071 5569 2166 5620 καὶ
2187 5567 2463 5636 ἀναμέρος
2485 5566 2577 5619 τὸν
2596 5566 3016 5635 ἐσταυρωμένον
3039 5569 3113 5628 ὼ;
3141 5568 3305 5624 ἄλλον
3352 5570 3482 5622 ὄντα
3499 5571 3652 5640 παρὰ

2072 5661 2163 5713 τον
2205 5658 2479 5728 ἰσχυρὸν,
2503 5659 2533 5728 ἧ
2561 5658 2813 5727 παθητὴν
2837 5659 2937 5729 τὴν
2962 5660 3125 5728 ἁγίαν
3161 5662 3369 5730 Τριάδα
3400 5664 3653 5729 δοξάζου-

2079 5767 2200 5812 σαν,
2243 5753 2340 5802 καὶ
2378 5747 2798 5818 συσταυροῦσαν
2829 5751 2906 5818 τῷ
2943 5752 3053 5822 Υὶῴ
3086 5753 3177 5804 τὸν
3211 5755 3430 5823 Πατέρα
3455 5761 3547 5806 καὶ
3593 5753 3652 5805 τὸ

2091 5843 2319 5914 Πνεῦμα
2364 5843 2420 5896 τὸ
2457 5842 2634 5911 ἅγιον.
2679 5842 2893 5912 Ἄπαγε
2928 5845 3131 5917 ταύτην
3195 5849 3292 5917 τὴν
3328 5848 3651 5916 βλάσφημον
