4082 6458
447 319 586 385 1057

1440 326 1813 388 PANOPLIA
1856 326 2316 388 DOGMATICA.
2346 352 2415 362 —
2440 329 2584 391 ΤΙΤ.
2622 329 2767 392 XVI.

3568 340 3709 407 1.058

443 461 531 513 ml
551 460 976 530 παρέγγραπτον
1011 455 1301 526 φλυαρίαν.
1351 454 1543 525 Ἡμεῖς
1574 456 1681 526 γὰρ
1723 455 1785 508 τὸ
1806 495 1821 519 ,
1861 456 2026 526 ἅγιος

2146 469 2270 528 ngat.
2300 458 2496 514 Procul
2537 461 2608 513 sit
2636 460 2956 530 hlasphema
3006 464 3118 518 haec
3149 472 3203 519 et
3240 466 3549 521 adulterina
3594 485 3698 522 nu-

443 552 473 601 ό
509 548 673 611 Θεὸς,
707 547 800 599 ἐπὶ
832 544 924 598 τοῦ
971 545 1185 614 Πατρὺς
1244 543 1664 615 ὲκλαμϐἀνομεν
1690 587 1707 612 ,
1735 546 1834 598 οὐκ
1877 546 2027 616 αὕτῷ

442 637 588 709 μόνῳ
609 639 671 690 τὸ
713 636 811 706 τῆς
867 636 1122 706 θεότητος
1157 635 1507 707 ἀφορίζοντες
1540 636 1733 706 ὖνομα,
1759 635 1898 690 ἀλλὰ
1932 638 2028 690 καλ⁵

442 732 529 786 τὸν
566 731 696 785 Υἱὸν
724 728 855 783 Θεὸν
876 729 1079 792 εἰδότες
1097 769 1113 795 ,
1142 729 1240 782 καὶ
1271 729 1330 781 τὸ
1366 727 1594 799 Πνεῦμα
1621 728 1681 783 τὸ
1703 729 1858 798 ἆγιον
1881 746 1896 762 ·
1930 729 2027 784 καὶ

442 823 522 889 τδ,
553 824 719 893 ἅγιος
755 820 1149 891 ἰσχυρὸςγὲπὶ
1197 820 1290 873 τοῦ
1327 820 1457 873 Υἱοῦ
1494 821 1719 891 τίθεμεν
1744 863 1757 887 ,
1782 822 1883 875 οὕκ
1925 821 2029 876 ἀπ-

441 914 836 986 αμφιεννύντες
862 915 963 983 τῆς
999 910 1182 981 ἰσχύος
1212 911 1301 965 τὸν
1329 910 1552 982 Πατέρα
1587 913 1683 965 καὶ¹
1709 912 1770 965 τὸ
1801 911 2029 982 Πνεῦμα

441 1008 503 1061 τὸ
527 1007 717 1074 apon
752 1006 845 1058 καὶ
894 1004 974 1069 τὸ,
1005 1003 1171 1072 ἅγιος
1211 1003 1532 1069 ἀθάνατος,
1574 1005 1667 1057 ἐπὶ
1726 1002 1819 1056 τοῦ
1870 1003 2027 1071 ἁγίου

442 1098 763 1167 Πνεύματος
785 1098 1075 1166 τάττομεν,
1101 1096 1201 1148 οὐκ
1233 1095 1338 1160 ἔξω
1370 1097 1469 1165 τῆς
1511 1096 1815 1159 ἀθανασίας
1845 1096 2030 1149 τιθέν-

441 1210 531 1255 τες
560 1191 653 1243 τὸν
695 1190 915 1259 Πατέρα
948 1190 1051 1241 καὶ
1074 1188 1165 1240 τὸν
1214 1188 1365 1251 Υἱὸν,
1399 1188 1515 1241 ἁλλ’
1540 1190 1625 1256 ἐφ’
1657 1190 1897 1259 ἑκάστης
1921 1187 2030 1241 τῶν

442 1279 795 1333 ὕποστάσεων
822 1278 1003 1341 πάσας
1054 1277 1152 1339 τὰς
1200 1277 1506 1346 θεωνυμίας
1534 1279 1725 1340 ἁπλῶς
1768 1279 1863 1331 καὶ
1894 1279 2059 1341 ἀπο-ί

442 1370 618 1433 λύτως
642 1367 1103 1438 ἐκλαμϐάνοντες,
1141 1368 1237 1419 καὶ
1285 1368 1377 1420 τὸν
1408 1369 1551 1443 Οεῖον
1589 1368 1916 1421 ’Λπόστολον
1942 1369 2033 1420 ἐκ·

449 1461 780 1532 μιμούμενοι
811 1501 826 1526 ,
863 1459 1143 1529 φάσκοντα
1173 1475 1187 1489 ⁸
1242 1459 1415 1528 Ἡμῖν
1448 1460 1515 1514 δὲ
1558 1456 1646 1527 εἷς
1680 1461 1819 1524 Θεὸς
1851 1463 1882 1514 ό
1918 1457 2036 1512 Πά-

446 1552 578 1619 τὴρ,
708 1545 781 1605 οὗ
814 1550 888 1603 τὰ
909 1549 1125 1613 πάντα,
1152 1548 1250 1602 καὶ
1273 1549 1446 1617 ἡμεῖς
1478 1550 1549 1614 ἐξ
1583 1550 1769 1604 αὐτοῦ
1788 1566 1801 1578 ⁸
1826 1548 1924 1603 καὶ
1949 1541 2037 1613 εἷς

447 1645 664 1713 Κύριος
714 1640 951 1708 Ἰησοῦς
1000 1639 1277 1706 Χριστὸς,
1328 1640 1404 1693 δι’
1435 1636 1507 1696 οὗ
1557 1641 1630 1693 τὰ
1670 1640 1906 1703 πάντα,
1937 1641 2034 1695 καὶ

456 1733 625 1803 ἡμεῖς
654 1732 730 1785 δι’
750 1730 937 1799 αὑτοῦ
976 1745 990 1761 ⁸
1024 1730 1122 1783 καὶ
1172 1729 1241 1782 ἐν
1273 1732 1518 1800 Πνεῦμα
1562 1732 1762 1801 ἅγιον,
1793 1733 1861 1785 ἐν
1889 1726 1937 1798 ᾧ
1967 1731 2037 1784 τὰ

453 1824 650 1879 πάντα
678 1823 777 1877 καὶ
810 1822 982 1892 ἡμεῖς
1008 1821 1077 1874 ἐν
1105 1819 1263 1885 αὐτῷ
1281 1830 1342 1875 ω.
1378 1822 1452 1876 Οὕ
1504 1823 1610 1892 μὴν
1653 1821 1788 1874 ἀλλὰ
1816 1821 1909 1873 καὶ
1946 1820 2038 1873 τὸν

453 1915 716 1983 Θεολόγον
746 1912 1066 1983 Γρηγόριον,
1088 1909 1191 1965 ὧδέ
1241 1930 1316 1981 πη
1347 1911 1576 1978 λέγοντα
1599 1929 1610 1941 ·
1652 1911 1826 1980 Ἡμῖν
1856 1911 1923 1964 δὲ
1953 1908 2039 1978 εἷς

460 2006 603 2070 Θεὸς
634 2007 667 2058 ὁ
718 2002 938 2069 Πατὴρ,
973 2001 1041 2065 ἐξ
1071 1996 1143 2057 οὗ
1201 2001 1274 2055 τὰ
1312 2001 1508 2054 πάντα
1531 2040 1546 2065 ,
1577 2001 1674 2054 καὶ
1707 1996 1795 2066 εἷς
1826 2002 2039 2068 Κύριος

471 2096 710 2163 Ἰησοῦς
733 2092 1093 2162 Χριστὸς,δι’
1125 2087 1198 2147 οὗ
1231 2091 1304 2144 τὰ
1339 2092 1556 2157 πάντα,
1577 2090 1672 2147 καὶ
1702 2090 1769 2144 ἐν
1798 2089 2040 2157 Πνεῦμα

461 2188 651 2256 ἅγιον,
683 2187 752 2239 ἐν
771 2179 819 2252 ᾧ
849 2183 923 2237 τὰ
946 2183 1171 2246 πάντα,
1194 2180 1310 2247 τοῦ,
1340 2181 1408 2246 ἐξ
1434 2176 1529 2245 οὗ,
1562 2182 1675 2245 καὶ,
1701 2180 1772 2233 δι’
1795 2175 1890 2241 οὗ,
1922 2180 2036 2243 καὶ,

461 2272 619 2345 ἑνῷ,
664 2275 737 2346 μὴ
788 2275 980 2342 φύσεις
1024 2272 1360 2341 τεμνόντων·
1397 2270 1519 2323 οὐδὲ
1550 2269 1659 2340 γὰρ
1707 2272 1772 2324 ἂν
1818 2271 2041 2339 μετέπι-

465 2386 596 2420 πτον
627 2368 682 2419 αἱ
712 2364 1020 2436 προθέσεις,
1053 2364 1087 2433 ἢ
1112 2363 1166 2416 αἱ
1211 2362 1393 2427 τάξεις
1425 2360 1534 2413 τῶν
1571 2360 1881 2428 ὀνομάτωνο
1907 2360 2042 2414 ἀλλὰ

464 2456 981 2529 χαρακτηριζόντων
1009 2456 1136 2524 μιᾶς
1159 2453 1252 2506 καὶ
1274 2451 1585 2522 άσυγχύτου
1605 2451 1819 2519 φύσεως
1850 2452 2039 2521 ἰδιότη-

463 2568 560 2612 τας
582 2566 594 2578 ·
627 2547 722 2601 καὶ
747 2546 906 2604 τοῦτο
927 2545 1086 2615 δῆλον
1108 2544 1167 2609 ἐξ
1200 2537 1273 2598 ὧν
1305 2546 1383 2607 είς
1410 2544 1467 2595 ἓν
1501 2543 1824 2611 συνάγονται
1859 2543 2041 2609 πάλιν,

465 2642 512 2692 εἰ
551 2639 626 2708 τῷ
660 2639 735 2709 μὴ
763 2638 1055 2709 παρέργως
1084 2638 1257 2689 ἐκεῖνο
1295 2635 1731 2703 ἀναγινώσκεται
1772 2635 1923 2706 ποιρὰ
1966 2636 2044 2707 τῷ

465 2731 616 2799 αὐτῷ
653 2730 982 2799 Ἀποστόλῳ,
1016 2727 1079 2781 τὸ
1109 2770 1122 2793 ,
1147 2729 1215 2793 ἐξ
1265 2728 1451 2781 αὐτοῦ
1473 2769 1487 2789 ,
1516 2726 1611 2779 καὶ
1636 2727 1709 2779 δι’
1733 2727 1919 2781 αὐτοῦ
1953 2726 2045 2780 καὶ

466 2822 536 2875 ὲν
571 2820 731 2886 αἱ)τῷ
772 2819 843 2873 τὰ
881 2819 1106 2873 πάντα·
1143 2818 1301 2883 αὐτῷ
1348 2818 1495 2883 δόξα
1530 2821 1616 2884 εἰς
1653 2819 1793 2885 τοὺς
1826 2819 2045 2884 αἰῶνας

470 2910 589 2965 τῶν
623 2911 872 2967 αἰώνων.
905 2911 1100 2982 ’Λμήν.

544 3092 665 3145 Ὅτι
695 3091 803 3162 γάρ
836 3092 935 3145 οὐκ
970 3092 1046 3153 είς
1076 3090 1167 3142 τὸν
1190 3089 1319 3141 Υίδν
1353 3090 1508 3158 μόνον
1536 3089 1786 3142 λέλεκται
1822 3090 1879 3139 τὸ
1898 3106 2043 3158 τρισ-
2076 3140 2113 3162 μ

475 3183 650 3253 ἅγιον,
678 3182 791 3251 ἀλλ’
817 3184 896 3245 είς
920 3181 1019 3253 τὴν
1047 3181 1209 3248 ἁγίαν
1232 3181 1460 3251 Τριάδα,
1488 3181 1696 3250 μάρτυς
1724 3184 1751 3233 6
1791 3179 1932 3241 θεῖος
1957 3180 2049 3231 καὶ

476 3273 618 3343 ἱερὸς
654 3272 991 3335 Ἀθανάσιος,
1027 3270 1307 3333 Βασίλειός
1341 3287 1400 3322 τε
1427 3309 1441 3331 ,
1466 3269 1560 3322 καὶ
1606 3268 1928 3340 Γρηγόριος,
1956 3270 2050 3322 καὶ

473 3364 582 3426 πᾶς
608 3365 635 3415 ὁ
656 3363 775 3433 τῶν,
797 3361 1074 3432 θεοφόρων
1108 3362 1369 3432 Πατέρων
1400 3362 1586 3431 χορός’
1616 3362 1807 3433 ὅτιπερ
1836 3359 1923 3414 διὰ
1954 3363 2051 3430 τῆς

468 3456 700 3526 τρισσῆς
723 3453 1030 3523 ἁγιότητος,
1054 3452 1155 3513 τὰς
1182 3455 1333 3524 τρεῖς
1370 3452 1469 3521 τῆς
1495 3452 1596 3504 {me
1608 3452 1826 3521 ρουσίου
1854 3450 2050 3517 ,θεότη-

469 3559 562 3606 τος
617 3540 967 3603 ὑποστάσεις,
1002 3539 1074 3591 τὰ
1114 3539 1248 3607 ἅγια
1278 3538 1528 3609 Σεραφὶμ
1588 3541 1721 3609 ἡμῖν
1775 3541 2056 3612 ὕπεμφαί-

470 3645 642 3680 νουσι.
680 3627 778 3681 Διὰ
826 3628 883 3682 δὲ
938 3628 1038 3698 τῆς
1077 3631 1207 3698 μιᾶς
1256 3631 1598 3701 κυριότητος,
1649 3633 1748 3703 τὴν
1796 3634 1924 3704 μίαν
1957 3634 2057 3704 τῆς

471 3718 770 3788 Οεαρχικῆς
815 3719 1046 3789 Τριὰδος
1082 3721 1272 3774 οὐσίαν
1302 3738 1361 3774 τε
1410 3723 1502 3775 καὶ
1546 3722 1823 3792 βασιλείαν
1852 3726 2057 3795 γνωρί-

472 3810 647 3874 ζουσι.
682 3813 821 3882 Φησὶ
844 3812 974 3881 γοῦν
1008 3815 1034 3866 6
1064 3813 1325 3882 Θεολόγος
1348 3814 1647 3886 Γρηγόριος
1688 3823 1702 3839 ⁵
1773 3815 1929 3869 Οὕτω
1959 3816 2056 3886 μὲν

471 3899 564 3956 οὖν
594 3903 661 3954 τὰ
693 3904 859 3970 ’Ἅγια
907 3905 1017 3956 τῶν
1063 3905 1255 3971 ἁγίων,
1286 3904 1322 3959 ἁ
1356 3906 1451 3960 καὶ
1483 3909 1595 3968 τοῖς
1636 3905 1891 3976 Σεραφὶμ
1922 3924 2054 3974 συγ-

473 3994 845 4058 axium-erat,
884 3998 978 4047 καὶ⁴
1031 3996 1315 4062 δοξάζεται
1375 3998 1553 4068 τρισὶν
1607 3999 1901 4067 ἁγιασμοῖς
1931 4038 1945 4061 ,
1978 4001 2056 4063 εἰς

477 4086 609 4154 μίαν
646 4087 886 4139 συνιοῦσι
926 4088 1227 4158 κυριότητα
1261 4090 1356 4141 καὶ
1403 4090 1652 4161 θεότητα.
1695 4092 1760 4143 Ὃ
1793 4091 1885 4143 καὶ
1911 4090 2056 4163 ἄλλῳ

472 4177 579 4226 τινὶ
610 4176 718 4226 τῶν
749 4178 854 4247 πρὸ
887 4180 1041 4249 ἡμῶν
1074 4180 1512 4251 πεφιλοσόφηται
1548 4181 1816 4237 κάλλιστὰ
1858 4199 1919 4235 τε
1961 4183 2057 4236 καὶ

474 4263 810 4334 ὑψηλότατα.

552 4438 686 4491 Φασὶ
742 4440 797 4491 δὲ
854 4445 948 4494 καὶ
1003 4446 1051 4496 οἱ
1126 4452 1227 4513 τὴν
1286 4446 1746 4517 ὲκκλησιασττκὴν
1810 4445 2086 4517 ἱστορίαν·

465 4532 868 4599 συντάξαντες,
914 4537 997 4588 ὅτι
1054 4537 1433 4601 λιτανεύοντος
1495 4539 1590 4591 τοῦ
1641 4541 1698 4590 ὲν
1746 4540 2043 4593 Κωνσταν-

2158 4548 2386 4591 narrant
2447 4537 2839 4592 ecclesiasticae
2893 4535 3135 4587 historiae
3186 4535 3482 4601 scriptores
3521 4570 3535 4590 .

477 4625 784 4677 τινουπόλει
825 4627 982 4689 λαοῦ,
1030 4630 1118 4682 διά
1152 4648 1273 4683 τινα
1316 4629 1586 4699 θεήλατον
1638 4630 1895 4700 ἀπειλὴν,
1955 4630 2045 4681 ἐπὶ

464 4702 717 4775 Πρόκλου
755 4713 849 4765 τοῦ
903 4714 1342 4782 ἁρχιεπισκόπου
1399 4720 1775 4789 γεγενημένην
1804 4762 1819 4787 ,
1854 4723 2052 4794 συνέϐη

469 4795 782 4865 ἁρπαγῆναι
826 4799 1038 4852 παιδίον
1069 4802 1133 4855 ὲκ
1162 4804 1257 4855 τοῦ
1288 4802 1440 4867 λαοῦ,
1477 4808 1569 4859 καὶ
1607 4806 1749 4861 οὕτω
1778 4811 2053 4880 μυηθῆναι

462 4886 870 4958 ὑπ’ἀγγελικῆς
891 4908 1034 4954 τινος
1061 4892 1411 4957 διδασκαλίας
1431 4897 1522 4949 τὸν
1539 4899 1835 4967 Τρισὰγιον
1861 4900 2048 4970 ὕμνον,

471 4977 725 5043 τἈγιοςό
766 4979 931 5044 Θεὸς,
970 4980 1174 5050 ’Ἄγιος
1223 4986 1495 5053 ἰσχυρὸς,
1539 4992 1737 5056 Ἀγιος
1755 4990 2053 5057 ἀθάνατος

465 5067 731 5135 ἐλέησον
752 5071 934 5138 ἡμᾶς·
956 5074 1048 5126 καὶ
1069 5070 1220 5137 αὖθις
1244 5077 1671 5146 ἐπιστραφέντος
1696 5082 1789 5134 τοῦ
1811 5084 2046 5147 παιδίου,

468 5160 560 5210 καὶ
583 5159 642 5210 τὸ
664 5160 868 5230 μυηϐὲν
885 5164 1341 5231 ἀπαγγείλαντος,
1365 5162 1493 5236 ᾄσαι
1519 5170 1608 5221 τὸν
1633 5170 1800 5240 ὕμνον
1817 5175 1963 5228 ἅπαν
1991 5176 2052 5229 τὸ

466 5247 689 5317 πλῆθος,
738 5251 836 5303 καὶ
868 5251 1014 5304 οὕτω
1051 5256 1291 5309 κοπὰσαι
1322 5255 1420 5326 τὴν
1464 5258 1717 5330 ἀπειλήν.
1751 5263 1861 5316 Καὶ
1887 5264 1944 5317 ὲν
1983 5268 2048 5334 τῇ

464 5336 597 5405 ἁγίᾳ
619 5337 699 5400 δὲ,
729 5343 824 5393 καὶ
859 5343 1093 5414 μεγάλῃ,
1121 5346 1217 5398 καὶ
1266 5349 1621 5419 οἰκουμενικῇ
1652 5354 1888 5427 τετάρτῃ
1922 5372 2046 5406 συν-

463 5427 588 5495 όδῳ,
612 5430 771 5515 τῇῌὲν
796 5430 1099 5502 Χαλκηδόνι
1131 5436 1294 5504 φημὶ,
1324 5436 1496 5500 οὕτως
1520 5439 1829 5511 ὑμνηθῆναι
1851 5448 1878 5497 6
1897 5462 2051 5515 τρισ-

467 5515 620 5581 ἁγιος
654 5510 810 5582 οὗτος
842 5520 1010 5590 ὕμνος
1050 5526 1444 5604 παραδέδοται·
1479 5529 1620 5584 οὕτω
1654 5510 1765 5603 γὰρ
1809 5510 2050 5597 τοῖςνπε-

468 5605 800 5674 πραγμένοις
835 5616 863 5645 ιι
900 5609 999 5679 τῆς
1039 5614 1208 5684 αὐτῆς
1236 5615 1402 5680 ἁγίας
1444 5619 1663 5673 συνόδου
1693 5622 1998 5694 ἐμφέρεται
2033 5643 2048 5659 ο

550 5747 563 5778 ¹
612 5742 629 5797 l
662 5746 785 5802 Cor.
818 5763 930 5816 vm,
966 5750 1017 5804 5.
1099 5752 1118 5782 ³
1163 5749 1313 5809 Orat.
1347 5752 1435 5809 59.
1486 5754 1504 5785 ³
1541 5754 1696 5810 Rom.
1729 5772 1801 5824 τι,
1834 5755 1922 5812 56.

2126 550 2356 618 gacitas.
2389 546 2502 603 Nos
2550 550 2752 618 quippe
2788 549 2947 615 illud,
2982 563 3198 606 sanctus
3242 553 3383 607 Deus
3430 555 3497 608 de
3543 557 3702 611 Patre

2127 640 2466 709 accipimus:
2501 655 2607 695 non
2641 641 2787 710 quod
2823 642 2927 710 ipsi
2964 644 3065 697 soli
3103 644 3414 701 divinitatis
3449 649 3703 717 assigne-

2128 745 2249 784 mus
2277 745 2499 785 nomen.
2533 730 2667 783 Nam
2702 741 2755 784 et
2784 732 3009 798 Filium,
3041 741 3095 787 et
3138 733 3403 804 Spiritum
3445 749 3700 793 sanctum

2132 821 2297 875 Deum
2332 823 2702 892 agnoscimus.
2738 822 2923 877 Itidem
2957 824 3117 892 illud,
3150 837 3365 881 sanctus
3396 829 3576 895 fortis,
3609 829 3702 883 Fi-

2129 912 2203 965 lio
2229 914 2524 969 tribuimus
2554 932 2566 968 :
2598 931 2706 967 non
2738 916 2882 985 quod
2916 915 3129 971 Patrem
3166 926 3220 971 et
3263 916 3529 987 Spiritum
3576 937 3705 975 san--

2129 1008 2275 1053 ctum
2312 1001 2514 1056 virtute
2539 1002 2863 1071 spoliemus.
2894 1002 2971 1056 Ac
3009 1003 3245 1073 denique
3282 1007 3412 1059 illud
3437 1047 3451 1071 ,
3483 1018 3702 1061 sanctus

2131 1093 2487 1158 immortalis,
2544 1094 2772 1165 Spiritui
2817 1104 3010 1151 sancto
3059 1098 3427 1155 ascribimus:
3490 1117 3597 1154 non
3646 1112 3705 1155 ut

2134 1181 2346 1237 Patrem
2385 1192 2439 1239 et
2478 1182 2675 1238 Filium
2726 1185 2796 1240 ab
2854 1187 3270 1242 immortalitate
3321 1191 3700 1255 excludamus,

2134 1276 2226 1329 sed
2258 1283 2314 1328 ut
2338 1277 2393 1328 in
2424 1292 2753 1346 unaquaque
2786 1293 3017 1346 persona
3048 1279 3229 1332 omnia
3260 1281 3440 1333 divina
3480 1283 3703 1336 nomina

2135 1366 2462 1434 simpliciter
2499 1376 2551 1421 ct
2586 1368 2836 1422 absolute
2864 1385 3174 1436 sumamus,
3199 1372 3447 1425 divinum
3491 1375 3706 1427 scilicet

2135 1454 2456 1521 Apostolum
2495 1456 2796 1521 imitantes,
2818 1457 2979 1523 cujus
3012 1457 3123 1511 lure
3152 1459 3313 1511 verba
3338 1470 3501 1513 sunt:
3537 1459 3705 1513 Nobis

2137 1552 2310 1596 autem
2360 1561 2494 1597 unus
2529 1544 2664 1597 Deus
2713 1545 2892 1611 Pater,
2921 1561 2985 1599 ex
3032 1562 3132 1616 quo
3167 1552 3367 1611 omnia,
3426 1558 3474 1602 et
3515 1567 3607 1603 nos
3645 1564 3708 1603 ea:

2138 1637 2250 1704 ipso
2278 1654 2293 1703 ;
2324 1647 2371 1691 et
2406 1652 2540 1690 unus
2605 1636 2866 1692 Dominus
2901 1638 3059 1693 Jesus
3111 1639 3376 1707 Christus,
3420 1658 3509 1709 per
3558 1660 3707 1711 quem

2139 1728 2335 1791 omnia,
2377 1738 2425 1781 et
2467 1746 2560 1782 uos
2601 1745 2695 1796 per
2740 1730 2913 1797 ipsum
2939 1746 2958 1784 :
3079 1740 3128 1783 et
3302 1749 3434 1786 unus
3478 1732 3710 1800 Spiritus

2140 1828 2375 1879 sanctus,
2410 1818 2459 1870 iu
2487 1834 2588 1887 quo
2626 1821 2823 1881 omnia,
2870 1830 2919 1875 et
2973 1837 3071 1875 nos
3116 1823 3169 1875 iu
3233 1824 3346 1885 ipso
3398 1829 3432 1875 ⁸.
3470 1824 3714 1893 Itemque

2139 1907 2461 1976 Gregorium
2511 1912 2530 1940 ‘
2586 1911 2740 1965 illum
2799 1911 3136 1982 Thcologum
3170 1913 3235 1966 ad
3279 1914 3429 1968 hunc
3489 1917 3712 1969 modum

2140 1998 2489 2067 loquentem:
2516 2000 2684 2056 Nobis
2723 2015 2895 2056 autem
2927 2021 3062 2058 unus
3105 2006 3243 2059 Deus
3283 2007 3467 2069 Pater,
3517 2025 3580 2061 ex
3613 2027 3714 2078 quo

2142 2092 2352 2157 omnia;
2390 2102 2437 2147 el
2468 2110 2602 2147 unus
2636 2094 2888 2148 Dominus
2923 2094 3082 2149 Jesus
3120 2095 3384 2161 Christus,
3432 2117 3523 2169 per
3563 2119 3715 2171 quem

2142 2184 2429 2249 oumia;et
2460 2201 2596 2239 unus
2639 2184 2875 2253 Spiritus
2919 2197 3177 2255 sanctus,
3226 2190 3280 2242 in
3325 2208 3427 2260 quo
3496 2194 3714 2246 omnia:

2142 2273 2229 2327 his
2262 2276 2496 2338 voculis,
2529 2291 2593 2328 ex
2615 2293 2849 2346 quo,pcr
2881 2295 3056 2348 quem,
3090 2289 3143 2335 et
3170 2282 3225 2332 in
3263 2298 3386 2349 quo,
3423 2298 3529 2335 non
3566 2283 3715 2337 scin-

2143 2364 2402 2420 dentibus
2429 2376 2652 2422 naturas
2677 2367 2878 2437 (neque
2902 2370 3048 2423 enim
3070 2370 3274 2439 alioqui
3300 2372 3717 2439 praepositiones

2145 2454 2271 2521 ill-.e,
2309 2464 2403 2508 aut
2431 2458 2713 2512 nominum
2753 2458 2980 2514 ordines
3038 2476 3281 2528 unquam
3328 2463 3715 2530 mutarentur),

2145 2564 2332 2601 verum
2391 2549 2556 2603 unius
2603 2564 2667 2603 ac
2716 2550 3020 2605 inconfusaa
3079 2559 3287 2605 natura:
3351 2554 3718 2620 proprietates

2144 2639 2601 2708 exprimenlibus.
2626 2637 2794 2710 quue
2830 2642 3004 2710 liquet
3029 2658 3093 2695 ex
3124 2656 3189 2695 eo
3246 2646 3393 2711 quod
3428 2659 3621 2697 rursus
3664 2644 3716 2696 in

2145 2746 2314 2782 unum
2367 2731 2730 2801 colliguntur,
2780 2733 2825 2787 si
2872 2733 3035 2785 modo
3076 2733 3348 2801 quiSpiam
3395 2733 3528 2786 illud
3576 2736 3718 2803 apud

2144 2819 2467 2889 Apostolum
2527 2822 2672 2875 haud
2729 2824 3069 2892 negligenter
3129 2824 3308 2892 legat:
3348 2820 3428 2875 Ea;
3481 2826 3617 2887 ipso,
3670 2836 3719 2878 et

2146 2928 2236 2979 per
2264 2913 2458 2979 ipsum,
2499 2922 2547 2966 et
2582 2914 2634 2965 in
2661 2913 2773 2980 ipso
2806 2923 2926 2966 sunt
2958 2913 3284 2979 omnia,ipsi
3314 2913 3487 2982 gloria
3534 2914 3587 2968 in
3618 2933 3720 2968 stu-

2148 3000 2268 3052 cula
2293 3002 2630 3054 sweulorum.
2652 3004 2817 3055 Amen
2857 2999 2903 3053 ⁸.
3456 3024 3458 3027 ·
3635 2989 3669 3001 ρ

2220 3088 2353 3143 Nam
2382 3092 2526 3160 quod
2562 3106 2669 3144 non
2697 3091 2765 3145 de
2802 3090 2944 3145 Filio
2971 3090 3239 3144 duntaxat
3261 3126 3277 3151 ,
3369 3090 3461 3144 5rd
3494 3090 3558 3144 de
3601 3105 3727 3144 san-

2152 3189 2240 3236 cta
2287 3179 2559 3236 Trinitate
2598 3181 2779 3236 dictus
2813 3182 2884 3237 sit
2931 3190 3016 3237 ter
3058 3188 3285 3237 sanctus
3330 3181 3592 3252 hymnus,
3646 3188 3728 3235 te-

2152 3282 2369 3327 stantur
2395 3272 2617 3327 divinus
2657 3287 2928 3343 sacerque
2963 3272 3303 3328 Athanasius
3329 3314 3342 3337 ,
3375 3270 3641 3335 Basilius,
3675 3279 3729 3325 et

2152 3363 2471 3434 Gregorius,
2513 3378 2575 3419 ac
2602 3373 2752 3420 totus
2792 3364 3017 3419 Patrum
3048 3380 3076 3419 a
3103 3365 3216 3420 Deo
3254 3365 3559 3419 alllatorum
3591 3367 3728 3420 cho-

2156 3473 2250 3512 rus
2281 3474 2295 3521 ;
2332 3472 2528 3527 nempe
2555 3456 2697 3528 quod
2728 3466 2918 3513 sancta
2942 3458 3034 3511 illa
3069 3455 3360 3529 Seraphim
3392 3458 3726 3527 pnr_trinam

2161 3549 2533 3608 sanctitatem,
2570 3557 2680 3601 tres
2724 3548 3212 3616 supercsscntialis
3264 3545 3570 3600 divinitatis
3603 3560 3730 3613 pcr-

2160 3652 2327 3689 souas
2358 3637 2518 3691 nobis
2558 3635 2843 3701 indicent;
2897 3651 2994 3703 per
3040 3651 3202 3688 unam
3252 3646 3435 3689 autem
3474 3634 3730 3688 domina-

2160 3727 2387 3786 tionem.
2427 3741 2588 3779 unam
2619 3725 2819 3779 divina}
2849 3723 3140 3779 Trinitatis
3196 3725 3564 3779 substantiam
3588 3764 3601 3786 ,
3636 3723 3733 3775 im-

2159 3818 2476 3889 periumque
2505 3817 2804 3871 declarent.
2854 3818 2944 3870 Ait
2975 3814 3175 3887 quippe
3220 3816 3519 3885 Gregorius
3552 3813 3731 3865 Theo-

2159 3905 2314 3973 logus
2414 3923 2426 3959 :
2468 3904 2558 3959 Sic
2588 3919 2753 3974 Porro
2785 3903 2981 3957 Sancta
3016 3910 3353 3965 sanctorum,
3410 3916 3529 3970 quae
3564 3902 3728 3954 etiam

2158 4010 2186 4047 a
2209 3994 2494 4064 Seraphim
2518 3996 2878 4065 obteguntur,
2904 4011 2966 4049 ac
2994 3995 3171 4047 tribus
3194 3990 3731 4047 sanctiﬁcationibus

2157 4085 2526 4150 Celebrantur,
2568 4085 2633 4138 in‘
2651 4100 2815 4137 unam
2850 4085 3280 4137 dominationem
3318 4083 3728 4136 etdivinilatem

2158 4176 2529 4238 conveniunt;
2573 4173 2626 4227 id
2668 4174 2813 4242 quod
2858 4180 2908 4225 et
2940 4174 3083 4227 alius
3123 4173 3396 4241 quispiam
3460 4171 3727 4238 majorum

2158 4280 2474 4322 nosuorum
2525 4265 2901 4334 pulcherrime
2956 4279 3018 4317 ac
3067 4263 3463 4316 sublimissimo
3513 4260 3730 4315 edisse-

2158 4359 2291 4413 ruit.

2230 4447 2463 4518 Trisagii
2484 4450 2726 4512 traditio,
2747 4448 2841 4500 sub
2870 4446 3060 4499 Proclo
3090 4445 3351 4512 pontiﬁce.
3380 4473 3431 4485 σ-
3450 4442 3569 4497 Jam
3600 4455 3731 4495 vero

3604 4547 3669 4583 (‘ll
3678 4545 3729 4584 m

2158 4622 2314 4692 plebs
2345 4621 2986 4689 Constantinopolitana,
3016 4621 3210 4673 Proclo
3244 4619 3729 4686 archiepiscopum

2156 4721 2368 4779 agente,
2396 4710 2598 4762 minaci
2635 4709 2872 4777 quadam
2904 4709 3152 4760 immissa
3188 4706 3457 4759 divinitus
3508 4713 3732 4773 tempe-—

2156 4809 2298 4854 state
2336 4802 2663 4862 conterrita,
2712 4800 2943 4867 snpplcx
3008 4799 3116 4849 Dm
3166 4813 3357 4866 preces
3405 4797 3725 4859 adhiberet,

2156 4905 2383 4959 puerum
2415 4890 2708 4959 quemdam
2740 4906 2770 4943 e
2805 4890 2962 4959 plebe
2992 4892 3042 4941 in
3079 4890 3317 4941 sublime
3351 4895 3592 4956 raptum.
3628 4903 3729 4940 an-

2154 4989 2289 5059 gelis
2307 4989 2638 5059 quibusdam
2661 4988 2941 5058 magistris
2961 4987 3272 5055 Trisagium
3299 4988 3447 5041 hunc
3469 4991 3729 5058 hymnum

2153 5083 2455 5137 didicisse:
2508 5082 2741 5137 Sanctus
2777 5082 2942 5147 Deus,
2991 5082 3220 5136 Sanctus
3266 5083 3419 5151 fortis
3448 5124 3462 5147 ,
3499 5083 3729 5137 Sanctus

2152 5175 2497 5239 immortalis,
2530 5175 2779 5228 miserere
2798 5173 2973 5227 nobis.
3012 5172 3262 5243 Cumque
3299 5175 3422 5227 loco
3463 5187 3565 5227 suo
3595 5189 3731 5241 puer

2151 5268 2400 5323 redditus
2435 5268 2485 5321 id
2517 5267 2663 5335 quod
2691 5267 2998 5331 didicerat,
3059 5268 3364 5327 retulisset.
3427 5266 3729 5319 multitudi-

2152 5377 2275 5414 nem
2308 5361 2625 5415 universam
2653 5360 2915 5431 hymnum
2938 5360 3084 5413 hunc
3114 5360 3402 5418 cecinisse,
3426 5368 3590 5425 atque
3624 5357 3727 5410 hoc

2153 5466 2312 5523 pacto
2343 5455 2721 5509 imminentem
2754 5454 3121 5510 calamitatem
3155 5455 3452 5523 quievisse.
3489 5451 3632 5518 Quin
3672 5454 3725 5506 in

2153 5554 2350 5601 sancto
2381 5561 2718 5616 magnoque,
2746 5552 2801 5600 et
2829 5543 3128 5599 universali
3166 5553 3364 5613 quarto
3395 5542 3490 5596 illo
3538 5543 3727 5596 conci-

2151 5637 2245 5703 lio,
2297 5638 2443 5707 quod
2490 5637 2840 5695 Chalcedone
2887 5644 3138 5691 coactum
3188 5643 3295 5701 est,
3341 5633 3416 5689 ita
3468 5642 3726 5689 cantatus
