4082 6388
419 264 550 332 ιηδι

1374 261 1748 325 PANOPLIA
1785 260 2243 324 DOGMATICA.
2269 284 2338 299 —
2367 261 2518 321 TIT.
2560 261 2704 327 XVI.

3549 255 3688 318 1062

411 400 548 448 τας,
602 384 664 438 οὑ
726 383 813 437 διὰ
868 382 927 436 τὸ
957 381 1153 437 ταυτὸν
1201 385 1300 454 τῆς
1365 383 1660 446 οὑσιὼδους
1711 382 1984 451 ποιότητος

2105 387 2330 446 propter
2385 377 2808 431 similitudinem
2877 375 3333 436 individuorum,
3400 388 3524 443 quae
3582 376 3686 429 sub

409 476 588 547 ψυχῆς
660 492 721 529 τε
779 475 872 529 καὶ
923 476 1216 544 σώματος,
1286 475 1424 530 ἀλλά
1495 475 1585 528 διὶ
1639 474 1700 528 τὸ
1747 473 1996 541 ἀπαράλ-

413 569 606 623 λακτον
666 568 774 621 τῶν
845 568 952 621 ὑπὸ
1020 569 1081 621 τὸ
1135 561 1273 630 εἶδος
1331 567 1687 635 ἀναγομένων
1750 564 1994 633 ἀτόμων,

414 664 543 732 μίαν
598 661 691 713 καὶ
745 659 838 713 ἐπὶ
894 659 1132 729 Χριστοῦ
1195 659 1377 726 λέγειν
1426 657 1612 725 φύσιν,
1680 656 1809 712 ἔνθα
1857 653 1996 718 εἶδος

411 752 763 824 περιεκτικόν
818 752 1029 806 πολλῶν
1085 752 1438 805 ὑποστάσεων
1499 753 1600 803 οὑκ
1658 752 1825 805 ἐστιν.
1868 750 1994 802 Ἐτι

410 843 468 894 δὲ
553 843 702 894 πᾶσα
790 840 1038 902 σύνθεσις
1124 841 1186 892 ἐκ
1258 840 1368 892 τῶν
1442 841 1720 910 προσεχῶς
1803 856 1993 892 συντεο

410 936 612 987 θέντων
660 932 1036 988 συντεθεῖσθαι
1085 931 1325 997 λέγεται.
1371 933 1444 981 Πὺ
1501 933 1613 1002 γὰρ
1645 933 1875 1000 λέγομεν
1903 931 1994 983 τὸν

407 1021 556 1076 οἷκον
615 1027 677 1076 ὲκ
725 1024 827 1090 γῆς
893 1026 986 1076 καὶ
1044 1020 1259 1080 ὓδατος,
1295 1023 1387 1073 καὶ
1435 1021 1544 1074 τῶν
1594 1022 1770 1075 allow
1808 1038 1993 1073 συντε-

408 1117 640 1179 θεῖσθαι,
670 1116 785 1167 ἀλλ’
811 1117 871 1168 ὲκ
905 1116 1068 1167 λίθων
1099 1114 1192 1168 καὶ
1228 1113 1421 1176 ξύλων.
1461 1115 1615 1166 Ἐπεὶ
1658 1116 1868 1184 ἁνᾶγκη
1900 1116 1992 1165 καὶ

406 1209 498 1260 τὸν
531 1208 816 1275 ἄνθρωπον
847 1208 1025 1274 λέγειν
1065 1209 1127 1259 ὲκ
1179 1207 1342 1260 πέντε
1379 1206 1730 1277 τούλάχιστον
1767 1210 1989 1273 συγκεῖ-

408 1305 531 1352 σθαι
569 1301 804 1366 φύσεων,
837 1299 897 1350 ἐκ
951 1317 1009 1351 τε
1068 1300 1173 1352 τῶν
1221 1299 1508 1368 τεσσάρων
1559 1301 1842 1368 στοιχείων
1898 1301 1990 1350 κατ.

406 1392 504 1459 τῆς
533 1390 733 1460 ψυχῆς.
770 1391 927 1443 Οὕτω
959 1391 1050 1441 καὶ
1089 1391 1182 1442 ἐπὶ
1231 1387 1321 1441 τοῦ
1363 1390 1570 1459 Κυρίου
1607 1389 1764 1458 ἡμῶν
1815 1387 1990 1456 Ἰησοῦ

407 1483 642 1551 Χριστοῦ
677 1484 737 1534 οὑ
769 1484 836 1536 τὰ
867 1483 1004 1552 μέρη
1040 1483 1147 1535 τῶν
1179 1481 1361 1551 μερῶν
1388 1481 1719 1548 σκοποῦμεν,
1752 1479 1886 1531 ἀλλὰ
1924 1480 1991 1530 τὰ

407 1576 692 1646 προσεχῶς
741 1575 1098 1639 συντεθέντα,
1161 1573 1393 1642 θεότητά
1449 1590 1507 1626 τε
1569 1573 1664 1624 καὶ
1713 1571 1993 1640 ἀνθρωπό-

405 1685 565 1737 τητα.
599 1669 722 1719 Ἔτι
750 1667 805 1719 δὲ
841 1670 888 1718 εί
924 1665 1013 1718 δύο
1045 1667 1236 1733 φύσεις
1266 1664 1356 1717 τὸν
1387 1665 1673 1732 ἄνθρωπον
1712 1662 1987 1730 λέγοντες,

2101 483 2265 522 unam
2304 468 2543 536 speciem
2583 467 2946 529 reducuntur,
2994 481 3159 519 unam
3196 464 3251 518 in
3274 462 3496 516 homine
3523 469 3689 516 uatu-

2099 576 2214 614 ram
2262 559 2476 624 dicunt,
2513 575 2677 613 unam
2711 561 2838 612 item
2888 559 2943 612 in
2973 558 3195 610 Christo
3240 563 3494 608 naturam
3534 565 3687 604 asse—-

2097 659 2240 713 rant,
2275 651 2366 704 ubi
2406 667 2510 703 uua
2549 662 2741 703 natura
2775 650 2963 717 plures
3003 663 3108 700 non
3144 645 3531 713 complectitur
3554 656 3684 711 per-

2097 757 2278 796 sonas.
2339 741 2609 795 Prmterea
2668 739 2844 792 omnis
2909 736 3244 805 compositio
3299 749 3366 788 ex
3435 731 3686 802 proxime

2095 835 2558 903 componentibus
2608 833 2921 886 coniicitur.
2980 831 3167 898 Neque
3217 827 3367 883 enim
3421 825 3680 886 dicimus,

2094 923 2316 976 domum
2367 935 2433 974 ex
2475 931 2644 984 terra,
2692 929 2748 975 et
2798 936 2937 989 aqua
2967 960 2982 984 ,
3011 931 3064 973 et
3107 917 3340 987 reliquis
3393 914 3684 969 elementis

2094 1012 2374 1079 componi,
2399 1010 2495 1065 sed
2529 1026 2592 1063 ex
2627 1011 2902 1078 lapidibus
2930 1017 2987 1060 et
3010 1007 3190 1076 lignis.
3208 1003 3422 1072 Alioqui
3457 1012 3682 1054 necesse

2093 1107 2164 1158 sit
2186 1114 2240 1157 et
2277 1105 2556 1155 hominem
2581 1119 2642 1155 cx
2675 1103 2921 1170 quinque
2956 1100 3145 1152 saltem
3171 1096 3383 1150 naturis
3409 1091 3683 1159 composi-

2095 1207 2207 1248 tum
2269 1195 2562 1256 allirmare,
2627 1207 2825 1260 nempe
2884 1205 2952 1244 ex
2999 1197 3235 1258 quatuor
3281 1184 3571 1239 elementis
3624 1187 3684 1234 et

2092 1289 2292 1340 anima.
2331 1285 2420 1339 Sic
2452 1295 2508 1338 et
2561 1286 2615 1337 in
2666 1284 2898 1336 Domino
2939 1289 3129 1335 nostro
3157 1280 3284 1334 Jesu
3313 1275 3535 1330 Christo
3570 1287 3680 1325 non

2091 1391 2274 1449 partes
2341 1379 2622 1446 partium,
2674 1376 2768 1430 sed
2833 1391 2953 1443 quze
3013 1373 3261 1443 proxime
3319 1373 3680 1435 componunt,

2095 1485 2288 1537 nempe
2334 1468 2679 1520 divinitatem
2736 1475 2790 1519 et
2830 1463 3187 1518 bmauitatem
3241 1458 3678 1512 consideramus.

2090 1561 2170 1613 Ad
2199 1563 2311 1613 hzec
2338 1560 2384 1612 si
2419 1558 2558 1611 duas
2582 1559 2636 1610 in
2669 1557 2894 1609 homine
2924 1563 3148 1607 naturas
3185 1551 3437 1612 dicimus,
3474 1557 3587 1599 tres
3621 1545 3676 1596 iu

2090 1653 2311 1707 Christo
2336 1658 2558 1702 naturas
2586 1649 2770 1701 dicere
2793 1660 3075 1714 cogemur.
3101 1643 3167 1696 Et
3194 1657 3312 1700 vos,
3338 1640 3434 1708 qui
3462 1637 3682 1689 duabus

403 1733 555 1828 τρεῖς
583 1758 773 1825 φύσεις
803 1759 892 1810 ὲπὶ
928 1758 1020 1809 τοῦ
1075 1755 1311 1826 Χριστοῦ
1343 1755 1522 1823 λέγειν
1571 1754 1984 1822 ἀναγκασθησό-

2093 1760 2123 1796 e
2158 1743 2367 1795 naturis
2413 1741 2692 1794 hominem
2731 1749 2987 1793 constare
3019 1737 3239 1799 dicitis,
3263 1749 3330 1788 ex
3367 1733 3549 1785 tribus
3580 1744 3684 1783 na-

2096 1836 2230 1885 turis
2257 1831 2535 1884 Christum
2571 1829 2928 1882 constituitis.
2961 1825 3107 1878 Idem
3154 1825 3224 1877 de
3264 1821 3577 1876 actionibus
3602 1820 3683 1870 in-

405 1914 616 2011 γοντες,
650 1945 712 1995 ἐκ
750 1914 919 2010 τριῶν
949 1941 1166 2007 φύσεων
1211 1914 1301 1992 τὸν
1333 1938 1573 2008 Χριστὸν
1605 1914 1984 2004 δογματίζετε,

2094 1926 2378 1994 telligitur,
2411 1935 2637 1976 necesse
2661 1920 2808 1972 enim
2837 1927 2941 1978 est,
2980 1925 3040 1968 ut
3069 1914 3215 1968 actio
3244 1923 3452 1965 natura:
3482 1919 3676 1962 mutuo

403 2004 606 2104 όμοίως
641 2035 736 2088 καὶ
780 2004 902 2103 inp"
944 2004 1258 2102 ένεργειῶν.
1296 2004 1650 2096 Κατά>.).ηλον
1693 2027 1802 2094 γὰρ
1855 2027 1984 2078 ἀνά-

2093 2016 2437 2086 respondeat.
2468 2011 2758 2065 Hominem
2803 2021 2986 2062 autem
3028 2009 3164 2058 duas
3203 2005 3309 2058 dici
3342 2004 3544 2056 debere
3586 2017 3684 2053 ua-

403 2095 516 2196 γοιη
545 2095 608 2198 τῇ
642 2129 799 2196 φύσει
840 2095 938 2195 τὴν
971 2095 1254 2194 ἐνέργειαν
1304 2119 1464 2176 εἶναι.
1501 2095 1624 2174 Ὅτι
1675 2121 1731 2172 δὲ
1760 2120 1854 2173 δύο
1887 2121 1984 2189 φύ-

2093 2119 2244 2163 turas
2286 2107 2440 2160 testis
2475 2115 2561 2159 est
2602 2102 2904 2168 Gregorius
2924 2099 3260 2167 Theologus,
3295 2095 3367 2149 ita
3420 2097 3678 2162 loquens,

406 2188 548 2268 σεων
654 2188 954 2284 ’ἄνθρωπος
1011 2188 1231 2280 λέγεταί
1266 2229 1324 2265 τε
1376 2212 1470 2264 καὶ
1522 2210 1660 2278 ἐστι,
1698 2188 1909 2280 μάρτυς
1959 2211 1984 2263 ό

2090 2200 2196 2256 Sed
2229 2215 2354 2253 cum
2394 2198 2642 2266 duplices
2675 2199 2871 2256 simus,
2912 2194 3015 2247 hoc
3049 2201 3158 2253 est,
3189 2205 3250 2244 ex
3284 2188 3469 2243 anima
3515 2200 3683 2253 corpo

403 2305 666 2373 Θεοὶόγος
721 2279 1043 2374 Γρηγόριος,
1073 2279 1216 2357 οὕτω
1261 2302 1456 2370 λέγων,
1483 2279 1790 2355 Διττῶνδὲί
1815 2301 1984 2354 ὄντων

2094 2307 2263 2363 reque
2290 2302 2656 2354 constemus,
2693 2302 2758 2342 ex
2809 2294 3001 2340 natura
3047 2281 3313 2338 nimirum
3371 2279 3574 2334 visibili
3627 2286 3685 2332 et

409 1851 568 1919 μεθα,
601 1851 696 1903 καὶ
741 1851 899 1919 ὑμεῖς
951 1851 1013 1902 ὲκ
1061 1851 1152 1902 δύο
1199 1847 1418 1916 φύσεων
1449 1846 1540 1898 τὸν
1573 1845 1865 1915 ἄνθρωπον
1902 1845 1987 1896 λέ-

402 2396 584 2466 ήμῶν,
619 2398 680 2448 ὲκ
715 2396 893 2466 ψυχῆς
923 2396 1015 2446 καὶ
1050 2393 1325 2462 σώματος,
1361 2393 1456 2445 καὶ
1481 2393 1580 2459 τῆς
1615 2389 1713 2460 μὲν
1751 2391 1976 2457 ὁρατῆς,

401 2491 502 2557 τῆς
547 2489 602 2541 δὲ
648 2489 881 2556 ἀοράτου
920 2486 1158 2554 φύσεως,
1189 2484 1342 2555 διττὴ
1390 2486 1483 2537 καὶ
1517 2484 1550 2554 ἡ
1591 2481 1860 2553 κάθαρσις
1917 2482 1988 2534 δι’

403 2582 596 2644 ὕδατός
627 2598 686 2633 τε
715 2583 810 2634 καὶ
849 2579 1187 2648 Πνεὺματος.
1231 2597 1251 2630 ι

408 2694 521 2748 Τοῦ
553 2695 739 2748 αὑτοῦ
768 2693 918 2762 πρὸς
963 2692 1106 2758 τοὺς
1147 2692 1510 2761 ἐρωτῶντας,
1533 2692 1586 2747 εί
1625 2691 1736 2746 δύο
1767 2689 1988 2762 φύσεις

477 2765 809 2832 ἐγέννησεν
838 2766 875 2830 ἠ
911 2763 1049 2831 ἁγία
1077 2764 1387 2828 Θεοτόκος,
1419 2765 1518 2816 καί
1545 2765 1595 2817 εί
1624 2763 1732 2832 δύο
1765 2761 1986 2830 φύσεις

473 2831 866 2900 satiatam/oi}
891 2833 1239 2902 ἐκρέμαντο.
1283 2834 1511 2902 Κεφάλ.
1552 2831 1661 2900 ιιθ’.

473 2945 692 3009 Φύσεως
727 2947 826 3016 μὲν
855 2944 973 2999 ἔστι
1006 2946 1068 2999 τὸ
1097 2945 1362 3016 ἀγένητον
1395 2945 1491 2999 καὶ
1539 2945 1600 2999 τὸ
1629 2945 1858 3016 γτνητδν
1902 2944 1988 2999 διὰ

2093 2385 2378 2448 invisibili,
2414 2383 2620 2452 duplex
2671 2388 2756 2435 est
2805 2380 2934 2433 item
2966 2377 3308 2448 expurgatio,
3341 2388 3539 2444 nempe
3585 2386 3685 2442 per

2089 2493 2288 2547 aquam
2313 2487 2369 2532 et
2397 2477 2678 2546 spiritum.

2097 2684 2349 2755 Ejusdem
2389 2684 2457 2735 ad
2484 2701 2567 2736 eos
2596 2685 2686 2754 qui
2721 2691 2986 2755 quierunt,
3036 2689 3210 2733 utrum
3241 2683 3427 2755 sancta
3460 2669 3681 2755 DeiGef

2164 2755 2326 2807 nitrix
2360 2756 2491 2806 duas
2527 2748 2749 2807 naiuras
2773 2753 3031 2822 genuerit.
3052 2759 3099 2822 et
3127 2757 3307 2801 utrum
3334 2748 3452 2799 dua:
3470 2750 3680 2794 natura:

2160 2827 2217 2877 in
2247 2839 2403 2876 cruce
2439 2821 2805 2893 pependerint.
2851 2822 2984 2890 Cap.
3019 2821 3108 2875 99.

2162 2933 2416 2993 Factum.
2459 2942 2514 2986 ct
2560 2949 2667 2986 nou
2699 2933 2936 2997 factum,
2967 2932 3112 3002 quod
3145 2939 3413 2994 creatum,
3467 2928 3680 2984 increa-

403 3037 499 3091 τοῦ
532 3037 651 3099 ὲνδς
700 3056 728 3091 ν
762 3038 1132 3108 γραφόμενον,
1160 3037 1298 3105 ὅπερ
1327 3038 1482 3106 δηλοῖ
1507 3038 1567 3089 τὸ
1596 3038 1858 3091 ἄκτιστον
1890 3038 1984 3089 καὶ

2095 3035 2321 3094 tumque
2347 3025 2643 3094 significat,
2691 3025 2759 3079 ad
2797 3035 3047 3079 naturain
3101 3025 3359 3079 refertur.
3413 3021 3674 3076 Genitum

403 3128 620 3181 κτιστόν
641 3144 656 3159 ο
688 3127 750 3180 τδ
778 3128 837 3181 δὲ
883 3128 1176 3198 ἀγέννητον
1207 3131 1300 3180 καὶ
1333 3130 1592 3197 γεννητὸν
1632 3131 1693 3181 οὑ
1742 3130 1982 3198 φύσεως,

403 3218 517 3271 ἀλλ’
565 3218 937 3282 ὑποστάσεως,
972 3219 1092 3289 ἦτοι
1140 3219 1201 3272 τὸ
1255 3221 1328 3289 μὴ
1379 3222 1732 3291 γεννηθῆναι,
1781 3223 1876 3274 καὶ
1927 3221 1986 3274 τὸ

403 3306 756 3376 γεννηθῆναι,
789 3307 932 3377 ἅπερ
965 3307 1056 3360 διὰ
1083 3308 1190 3360 τῶν
1215 3308 1309 3362 δύο
1355 3326 1414 3361 νν
1445 3311 1763 3378 ἐκφέρεται.
1795 3309 1986 3363 Ἔστιν

402 3395 497 3453 οὖν
522 3400 656 3468 ἡμῖν
677 3399 796 3452 θεία
832 3402 994 3467 φύσις
1022 3400 1312 3468 ἀγένητος,
1347 3402 1466 3470 ἦτοι
1493 3403 1690 3455 ἀκτιστ
1725 3418 1774 3464 ς.
1800 3403 1987 3456 Πάντα

402 3491 460 3545 δὲ
490 3492 559 3545 τὰ
609 3492 747 3560 μετά
791 3491 895 3563 τὴν
947 3491 1102 3544 θείαν
1140 3491 1303 3559 φύσιν
1338 3493 1564 3561 γενητὰ,
1601 3493 1721 3561 ἢτοι
1765 3493 1982 3546 κτιστά.

403 3584 710 3654 Θεωρεῖται
742 3585 924 3637 τοίνυν
957 3584 1017 3636 εν
1048 3587 1111 3654 τῇ
1152 3585 1274 3656 θείᾳ
1320 3586 1415 3638 καὶ
1444 3584 1686 3655 ἀκτίστῳ
1719 3588 1880 3653 φύσει
1921 3585 1985 3638 τὸ

408 3679 508 3746 μὲν
539 3678 840 3746 ἀγέννητον
870 3679 929 3730 ἐν
962 3677 1040 3747 τῷ
1090 3678 1284 3744 Πατρὶ,
1319 3677 1381 3729 οὑ
1433 3677 1541 3748 γὰρ
1592 3677 1886 3746 ἐγεννήθη,
1919 3678 1982 3730 τὸ

404 3769 460 3822 δὲ
497 3770 756 3839 γεννητὸν
803 3770 864 3822 ἐν
906 3768 985 3838 τῷ
1025 3767 1162 3838 Υίῷ,
1191 3772 1256 3821 ὲκ
1282 3769 1496 3837 Πατρός
1536 3769 1647 3838 γὰρ
1681 3770 1868 3833 ἀῖδίως
1893 3787 1986 3838 γε-

405 3861 684 3928 γέννηται,
719 3861 779 3914 τὸ
812 3860 871 3914 δὲ
915 3860 1252 3930 ἑκπορευτὺν
1296 3860 1358 3912 ὲν
1386 3858 1464 3928 τῷ
1510 3859 1654 3929 ἀγίῳ
1681 3860 1983 3930 ηνεύματι.

417 3936 685 4008 Ἐκάστου
720 3953 776 4006 δὲ
802 3952 978 4014 εῐδους
1005 3951 1160 4016 ζώων
1191 3949 1258 4004 τὰ
1301 3952 1497 4021 πρῶτα
1543 3952 1840 4022 ἀγέννητοι,
1870 3953 1986 4005 ἀλλ’

405 4045 506 4098 οὑκ
547 4045 809 4114 ἀγένητα.
841 4043 1108 4111 Γεγόνασι
1158 4043 1267 4111 γὰρ
1321 4043 1430 4096 ὑπὸ
1485 4042 1580 4096 τοῦ
1623 4043 1982 4113 δημιουργοῦ,

405 4140 506 4192 οὑκ
558 4136 930 4208 ἐγενήθησαν
980 4135 1039 4188 δὲ
1087 4135 1147 4202 ἐξ
1198 4135 1419 4205 ὁμοίων.
1455 4138 1494 4190 Γ
1496 4137 1674 4200 ἐνεσις
1727 4136 1828 4205 μὲν
1875 4136 1986 4206 γὰρ

405 4230 636 4293 κτίσεώς
689 4233 842 4284 ἐστι’
884 4229 1135 4297 γέννησις
1164 4227 1221 4280 δὲ
1271 4229 1364 4281 ἐπὶ
1414 4230 1512 4297 μὲν
1537 4229 1674 4282 Θεοῦ
1705 4230 1770 4282 ὲκ
1820 4229 1982 4299 μόνου

407 4323 620 4392 nui:pr
650 4321 938 4390 όμοουσίου
970 4318 1102 4372 Υἱοῦ
1129 4318 1379 4387 πρόοδος,
1400 4320 1492 4371 ἐπὶ
1525 4319 1581 4372 δὲ
1609 4319 1717 4371 τῶν
1747 4322 1983 4389 κτισμά-

2091 3125 2274 3167 autem
2309 3123 2366 3168 et
2411 3115 2713 3184 ingenitum
2749 3133 2855 3168 uuu
2904 3116 2971 3169 ad
3005 3122 3281 3171 naturam.
3317 3114 3411 3167 sed
3451 3112 3518 3165 ad
3554 3126 3680 3180 per-

2089 3219 2302 3259 sonam.
2338 3205 2542 3260 Natura
2581 3207 2748 3276 igitur
2793 3207 2979 3262 divina
3023 3207 3266 3262 increata
3315 3214 3419 3258 est.
3478 3203 3675 3257 Omnia

2090 3312 2222 3351 vero
2258 3305 2382 3366 post
2415 3307 2672 3352 naturam
2702 3299 2943 3352 divinam
3005 3298 3144 3353 facta
3181 3307 3476 3367 creataque
3523 3305 3670 3350 sunt.

2089 3387 2278 3458 Itaque
2335 3391 2389 3444 in
2435 3398 2630 3443 natura
2675 3390 2859 3444 divina
2900 3400 3064 3460 atque
3089 3394 3332 3444 lncrcata
3370 3389 3674 3458 ingenitum

2088 3479 2312 3548 quidem
2342 3481 2396 3534 in
2430 3481 2588 3536 Patre
2628 3481 3034 3546 consideratur,
3081 3497 3260 3550 neque
3283 3483 3426 3535 enim
3453 3481 3673 3550 genitus

2087 3573 2193 3628 est,
2235 3565 2481 3633 genitum
2517 3576 2700 3619 autem
2760 3568 2812 3620 iu
2853 3567 3010 3630 Filio,
3068 3583 3136 3622 ex
3185 3569 3342 3622 Patre
3394 3569 3541 3622 enim
3603 3568 3674 3620 ab

2086 3657 2393 3709 aeternitate
2423 3659 2643 3725 genitus
2664 3665 2767 3710 cst.
2797 3656 3112 3712 Procedens
3139 3672 3269 3712 vero
3288 3659 3674 3712 consideratur

2090 3744 2146 3798 iu
2207 3745 2416 3814 Spiritu
2470 3758 2658 3800 sancto
2689 3787 2704 3800 .
2761 3748 3046 3816 Cujusque
3096 3749 3299 3816 speciei
3349 3749 3669 3804 animalium

2089 3836 2264 3905 prima
2312 3847 2570 3906 generata
2625 3853 2731 3890 non
2780 3848 2944 3896 sunt.
2999 3839 3066 3891 ab
3101 3841 3296 3907 opilice
3346 3842 3491 3893 enim
3527 3841 3671 3894 facta

2087 3942 2218 3986 sunt
2253 3929 2382 3996 Deo,
2426 3945 2534 3984 non
2562 3943 2745 3983 autem
2776 3946 2843 3984 ex
2881 3931 3157 3986 similibus
3200 3939 3486 4000 preguata.
3521 3931 3669 3986 Fieri

2087 4023 2234 4074 cnim
2273 4022 2340 4074 ad
2391 4037 2478 4076 res
2536 4022 2774 4090 pertinet
2820 4031 3153 4092 procreatas.
3183 4022 3340 4089 Gigui
3376 4032 3558 4077 autem
3599 4023 3668 4078 ad

2089 4111 2264 4166 Deum
2295 4112 2513 4177 Filium,
2549 4114 2642 4182 qui
2682 4129 2748 4168 ex
2799 4115 2915 4169 solo
2947 4115 3106 4169 Patre
3135 4115 3383 4186 ejusdem
3412 4118 3666 4170 essentia:

2087 4207 2302 4272 genitus
2354 4213 2460 4259 est.
2512 4204 2646 4272 Ipsa:
2677 4219 2808 4258 vero
2858 4221 2947 4260 res
2975 4216 3277 4276 procreatae
3323 4221 3391 4261 ex
3439 4207 3668 4276 conjun-

2088 4295 2269 4349 ctione
2324 4297 2492 4350 maris
2526 4305 2583 4350 et
2615 4295 2833 4351 feminae
2865 4309 3197 4367 generantur
3237 4314 3526 4368 personam
3570 4303 3668 4354 ha-

403 4431 511 4468 των
527 4385 575 4482 ,ἡ
614 4385 1004 4480 ὲκ-συναφείας
1047 4385 1278 4478 ἄρρενος
1325 4426 1384 4460 τε
1415 4409 1510 4461 καὶ
1537 4408 1757 4475 θηλείας
1786 4385 1950 4476 όμοου

2090 4385 2282 4440 bentes
2309 4387 2554 4456 ejusdem
2581 4391 2854 4443 essentia.
2879 4389 2956 4444 Ex
2982 4405 3091 4457 quo
3116 4390 3493 4462 intelligimus,
3517 4393 3665 4463 gigni

406 4505 521 4558 σίου
574 4502 928 4563 ὑποστάσεως
973 4499 1222 4569 πρόοδος.
1275 4497 1436 4552 Ὅθεν
1487 4499 1853 4566 γινώσκομεν,
1903 4499 1980 4562 ὡς

401 4596 502 4649 οὑκ
549 4595 666 4649 ἐστι
716 4594 933 4665 φύσεως
974 4593 1037 4645 τὸ
1090 4592 1409 4660 γεννᾶσθαι,
1449 4591 1565 4643 ἀλλ’
1603 4591 1979 4653 ὑποστάσεως.

403 4688 467 4741 Ei
500 4688 606 4754 γὰρ
657 4686 870 4753 φύσεως
919 4679 1012 4755 ἦν,
1043 4685 1144 4738 οὑκ
1194 4685 1260 4737 ἂν
1306 4685 1364 4735 ὲν
1411 4686 1477 4753 τῇ
1527 4685 1664 4753 αὑτῇ
1718 4685 1880 4750 φύσει
1918 4684 1980 4736 τὸ

401 4781 661 4848 γεννητὸν
694 4778 1005 4847 ἑθεωρεῖτο,
1045 4776 1140 4828 καὶ
1185 4775 1247 4827 τὺ
1273 4776 1589 4845 ἀγέννητον.
1639 4775 1978 4828 Ὑπόστασιν

399 4871 583 4923 τοίνυν
613 4871 905 4937 ἐγέννησεν
933 4870 966 4939 ή
995 4868 1126 4934 ἁγία
1159 4867 1445 4930 Θεοτόιιος,
1476 4870 1534 4920 ὲν
1561 4869 1684 4920 δυσὶ
1711 4867 1975 4937 γνωριζο-

403 4965 571 5032 μένην
598 4967 718 5034 ταίς
753 4962 971 5030 φύσεσι,
1022 4961 1240 5029 θεότητι
1277 4961 1375 5028 μὲν
1423 4961 1487 5012 ἐκ
1517 4960 1728 5029 Πατρδς
1784 4977 1980 5030 γεννης

399 5054 582 5107 θεῖσαν
618 5053 883 5122 ἀχρόνως,
912 5052 998 5104 ἐπ’
1047 5053 1292 5118 ἐσχάτων
1331 5050 1387 5103 δὲ
1411 5051 1520 5101 τῶν
1551 5050 1761 5119 χρόνων
1793 5049 1852 5114 ἑξ
1883 5051 1978 5101 αύ-

396 5149 495 5214 τῆς
528 5145 941 5214 σαρκωθεῖσαν,
979 5141 1075 5194 καὶ
1111 5143 1276 5209 σαρκὶ
1334 5141 1684 5210 τικτομένην.
1742 5140 1977 5207 Ὁμοίως

398 5238 494 5290 καὶ
541 5236 669 5305 περὶ
706 5234 806 5303 τῆς
847 5234 1203 5302 σταυρώσεω,
1234 5269 1250 5296 ,
1311 5232 1661 5293 ἀναστάσεως
1710 5248 1808 5294 τε,
1884 5233 1978 5283 καὶ

397 5327 738 5396 ἀναλήψεως.
806 5324 882 5378 Οὑ
951 5323 1163 5392 φύσεως
1235 5323 1342 5392 γὰρ
1400 5321 1575 5375 ταῦτά
1620 5325 1804 5386 ἐστιν,
1853 5321 1969 5374 ἀλλ’

395 5417 768 5477 ὑποστάσεως.
843 5413 1088 5465 Ἐπαθεν
1150 5407 1243 5465 οὑν
1312 5413 1340 5463 ό
1401 5408 1636 5480 Χριστὸς
1711 5409 1770 5459 ὲν
1854 5409 1975 5460 δυσὶ

396 5511 622 5578 φύσεσιν
651 5506 726 5561 ὢν
753 5507 820 5574 τῇ
857 5504 1076 5574 πιθητῇ
1116 5503 1298 5571 φύσει,
1330 5501 1426 5554 καὶ
1451 5498 1773 5569 ἐσταυρώθη
1806 5503 1971 5570 cupiti.

395 5603 488 5655 ἐπὶ
551 5599 645 5651 τοὺ
707 5594 943 5666 σταυροὺ
1003 5595 1388 5664 κρεμάμενος,
1443 5593 1541 5645 καὶ
1618 5591 1680 5642 ού
1737 5590 1971 5660 θεότητι,

408 5691 704 5763 Ἐγεννὴοη
727 5689 905 5742 τοίνυν
925 5689 952 5742 ὁ
973 5685 1106 5752 Θεὸς
1127 5688 1298 5756 Λόγος
1322 5682 1752 5756 ὲνανθρωπήσας
1778 5686 1971 5752 σαρκὶ,

2083 4492 2193 4530 non
2229 4477 2296 4530 ad
2340 4488 2616 4542 naturam,
2638 4479 2735 4534 sed
2774 4480 2838 4532 ad
2876 4495 3165 4549 personam
3198 4485 3496 4552 pertinere.
3528 4485 3664 4540 Nam

2084 4569 2129 4622 si
2165 4568 2231 4622 ad
2261 4579 2516 4622 naturam
2565 4569 2888 4638 pertineret,
2926 4571 2981 4625 in
3027 4571 3220 4625 eadem
3259 4583 3455 4626 natura
3512 4574 3667 4643 geni-

2084 4671 2198 4716 tum
2255 4671 2312 4716 et
2382 4662 2688 4732 ingenitum
2758 4678 2870 4717 non
2927 4664 3398 4718 consideraretur.
3463 4663 3664 4720 Sancta

2082 4753 2248 4822 igitur
2271 4752 2363 4807 Dei
2391 4753 2642 4807 Genitrix
2672 4766 2960 4823 personam
2983 4756 3171 4824 genuit
3207 4754 3422 4808 duabus
3454 4755 3507 4808 in
3557 4771 3657 4808 ua-

2081 4845 2217 4899 turis
2255 4845 2610 4910 declaratam,
2652 4860 2774 4914 quae
2825 4860 2890 4898 ex
2922 4846 3078 4899 Patre
3108 4845 3353 4914 quidem,
3386 4855 3653 4914 quantum

2081 4937 2147 4990 ad
2196 4936 2541 4990 divinitatem
2580 4939 2839 5006 pertinet,
2882 4936 3001 4992 siue
3029 4944 3275 5006 tempore
3310 4939 3489 5007 genita
3524 4949 3608 4993 est
3637 4954 3654 5005 ;

2081 5028 2135 5080 in
2163 5028 2426 5081 extremis
2452 5037 2634 5082 autem
2661 5027 3002 5098 temporibus
3031 5043 3097 5083 ex
3130 5028 3246 5098 ipsa
3279 5029 3499 5101 Virgine
3529 5045 3653 5085 car-

2080 5136 2205 5175 nem
2242 5119 2559 5187 assumpsit,
2594 5130 2650 5174 et
2683 5134 2850 5174 carne
2883 5132 3009 5175 nata
3033 5128 3139 5175 est.
3157 5121 3416 5192 Idemque
3449 5122 3656 5175 dicitur

2079 5213 2146 5267 de
2171 5211 2545 5277 cruciﬁxione,
2576 5221 2632 5266 et
2685 5213 3088 5267 resurrectione
3110 5251 3126 5279 ,
3164 5220 3222 5267 et
3256 5213 3654 5280 assumptione.

2078 5305 2204 5360 Haec
2233 5305 2378 5358 enim
2413 5319 2519 5357 non
2553 5305 2618 5358 ad
2652 5316 2902 5358 naturam
2935 5304 3271 5371 referuntur,
3303 5305 3396 5357 sed
3427 5306 3493 5355 ad
3525 5316 3654 5370 per-

2081 5411 2292 5450 sonam.
2325 5394 2580 5450 Christus
2610 5395 2778 5466 igitur
2811 5395 3026 5450 duahus
3055 5397 3108 5447 in
3139 5393 3352 5448 naturis
3384 5391 3657 5448 exsiStcus

2079 5505 2269 5560 passus
2302 5497 2383 5543 est
2409 5497 2605 5541 natura
2647 5487 2957 5556 patibili,et
3001 5485 3295 5540 cruciﬁxus
3351 5493 3456 5545 est,
3491 5495 3547 5538 et
3595 5487 3653 5540 in

2077 5598 2242 5638 cruce
2278 5581 2537 5651 pependit
2565 5595 2753 5644 carne,
2780 5595 2889 5633 non
2925 5587 3106 5632 autem
3128 5575 3432 5631 divinitate.
3465 5575 3658 5644 Itaque

2075 5679 2290 5750 genitus
2317 5686 2398 5731 est
2436 5677 2577 5733 Deus
2613 5677 2846 5733 Verbum
2885 5673 3161 5729 hominem
3202 5671 3435 5728 i‘uducns
3455 5685 3647 5728 earne.
