4082 6390
407 330 549 392 1065

1333 315 1720 378 PANOPLIA
1760 310 2228 372 DOGMATICA.
2267 334 2330 341 -·
2375 308 2520 366 ΤΙΤ.
2571 302 2728 362 XVI.

3530 294 3661 356 1065

397 465 526 499 ποτε
580 446 748 496 ὄντων
785 439 1124 508 πραγμάτων
1149 436 1280 506 πρὸς
1327 432 1732 500 ἀντιδιαστολὴν
1763 428 1869 480 τῶν
1893 427 1982 477 ἀν-

2091 438 2272 475 ριιτυιιι
2326 437 2442 488 qua:
2497 433 2600 473 non
2658 427 2808 478 sunt,
2857 412 3237 467 iliﬂcreutiam.
3303 410 3662 476 Quamobrem

393 541 714 608 υπάρκτων.
746 535 910 587 Ὅθεν
943 533 1034 584 ἐπὶ
1066 529 1157 583 τοῦ
1205 532 1442 598 Χριστοῦ
1487 523 1843 594 προσωπικὴν
1875 520 1972 586 μὲν

398 634 531 703 μίαν
558 628 858 683 ὑπόστασὶν
900 642 1102 693 φαμεν,
1167 618 1512 691 ὑπαρκτικάς
1540 617 1596 669 δὲ
1626 617 1718 668 καὶ
1746 614 1841 665 δύο
1883 611 1973 662 λέ-

395 701 514 792 γειν
547 724 649 775 οὐκ
681 720 981 780 ἀκίνδυνον,
1036 716 1123 767 ἴνα
1178 713 1252 784 μὴ
1315 712 1550 778 Θατέραν
1599 709 1708 760 τῶν
1734 708 1790 759 ὲν
1824 701 1972 770 αὐτῷ

395 819 612 887 φύσεων
639 817 986 882 ἀνύπαρκτον
1012 812 1278 879 εἴπωμεν.
1328 805 1705 876 ’Υπαρκτικὴν
1736 804 1833 874 μὲν
1864 802 1974 875 γὰρ

396 915 693 965 ὑπόστασιν
740 908 829 960 ἐπὶ
857 908 1036 973 πάσης
1069 903 1284 973 φύσεως
1319 903 1450 970 εὐρή
1465 917 1646 967 σομεν,
1690 914 1974 966 προσωπι-

395 1011 499 1077 κῆν
553 1008 608 1058 δὲ
641 1007 739 1058 οὐκ
795 1005 883 1056 ἐπὶ
919 1005 1118 1070 πάσης.
1174 999 1382 1058 ’Ἄλλως
1437 1014 1495 1048 τε
1535 999 1566 1064 ἡ
1607 995 1699 1045 τοῦ
1735 990 1974 1062 Χριστοῦ

395 1097 722 1170 προσωπικὴ
759 1098 1054 1155 ὑπόστασις
1087 1090 1410 1160 ἀμφοτέρων
1442 1087 1604 1141 αὑτοῦ
1625 1086 1735 1137 τῶν
1762 1084 1976 1152 φύσεων

395 1194 545 1245 ἐστιν
583 1191 905 1246 ὑπόστασις.
945 1184 1119 1252 Ἀπλῆ
1155 1182 1262 1248 γὰρ
1291 1179 1426 1233 οὖσα
1462 1179 1653 1246 γέγονε
1701 1176 1973 1230 σύνθετος.

395 1285 503 1336 Καὶ
535 1285 568 1350 ὴ
604 1282 701 1349 μὲν
733 1281 852 1332 θεῗα
876 1275 1040 1330 αὐτοῦ
1069 1275 1230 1344 φύσις
1266 1269 1688 1332 ἱδιοῦπόστατος,
1716 1268 1749 1336 ή
1789 1265 1845 1317 δὲ
1888 1267 1978 1317 ἀν-

397 1376 644 1445 Θρωπὶνη
679 1372 802 1425 οὔτε
835 1370 1227 1430 ἀνυπόστατος,
1259 1371 1382 1419 οὔτε
1413 1362 1834 1421 ὶδιοῦπόστατος,
1861 1355 1977 1410 ἀλλ’

397 1467 778 1530 ὲνυπόστατος,
807 1465 880 1525 ὡς
914 1466 971 1515 ὲν
1006 1463 1071 1532 τῇ
1100 1459 1220 1530 Θείᾳ
1255 1455 1570 1510 ὑποστάσει.

471 1729 830 1786 Διαῦάλλουσι
860 1727 956 1796 τὴν
993 1723 1173 1786 δυάδα,
1230 1723 1303 1784 ὡς
1331 1723 1554 1791 πρώτην
1583 1715 1748 1772 οὖσαν
1778 1719 1982 1788 διαίρε-

2080 515 2414 584 Ιιγρυειιιεῑηι
2476 528 2596 580 qua:
2647 524 2934 579 personam
2992 506 3286 571 signiﬁcet,
3340 518 3498 556 unam
3543 519 3666 556 esse

2075 606 2494 657 diriums:duas
2521 617 2668 663 vero,
2727 614 2848 667 quae
2890 597 3201 664 signiﬁcent
3260 594 3665 655 exsisteutiam,

2075 695 2234 748 etiam
2269 697 2586 753 concedere,
2621 705 2727 748 non
2789 703 2975 742 carere
3017 685 3258 754 periculo
3315 683 3668 752 afﬁrmamua,

2075 802 2180 854 quo
2218 795 2460 839 neutram
2495 786 2546 837 in
2578 785 2694 851 ipso
2724 792 2971 834 naturam
3031 793 3152 832 esse
3198 779 3316 830 sine
3347 777 3668 830 exsismnua

2077 881 2534 932 demonstremus.
2572 875 2916 930 Exsistentize
2940 873 3083 926 enim
3109 870 3467 941 hypostasim,
3495 873 3670 921 omni:

2079 971 2178 1023 bus
2204 970 2252 1022 in
2292 969 2452 1021 rebus
2485 967 2845 1036 reperiemus,
2917 977 3162 1032 persona
3209 976 3336 1015 vero
3408 963 3669 1030 hyposln-

2078 1061 2176 1113 sim
2220 1075 2325 1113 non
2347 1059 2397 1111 in
2430 1058 2703 1111 omnibus.
2728 1054 3096 1120 Quamobrem
3123 1052 3432 1120 hypostasis
3459 1051 3669 1104 Christi

2078 1166 2364 1220 personam
2393 1151 2729 1220 signiﬁcans,
2759 1148 3045 1215 utriusque
3082 1155 3298 1198 naturae
3367 1146 3538 1213 ipsius
3577 1156 3669 1197 est

2079 1241 2384 1312 hypostasis
2416 1257 2429 1304 ;
2467 1256 2589 1293 nam
2630 1255 2751 1293 cum
2791 1239 3019 1307 simplex
3050 1248 3216 1300 esset,
3241 1247 3324 1291 est
3358 1235 3496 1289 facta
3522 1253 3671 1290 eum-

2080 1337 2276 1404 positat
2311 1334 2388 1388 Ac
2418 1334 2598 1388 divina
2625 1333 2843 1398 quidem
2873 1333 2991 1398 ejus
3025 1341 3218 1383 natura
3270 1331 3544 1399 proprium
3569 1331 3668 1381 ha—

2082 1429 2171 1482 bet
2198 1427 2552 1497 hypostasim,
2575 1427 2808 1478 humana
2843 1441 2971 1479 vero
3008 1441 3177 1493 neque
3211 1424 3328 1478 sine
3392 1423 3671 1492 hypostasi

2083 1529 2183 1584 est,
2212 1533 2384 1588 neque
2411 1518 2682 1586 prOpriam
2718 1517 2876 1570 habet
2899 1517 3255 1586 hypostasim,
3319 1518 3409 1568 sed
3455 1515 3508 1567 in
3577 1515 3674 1582 by-

2083 1615 2288 1681 postasi
2325 1612 2510 1666 divina
2547 1611 2804 1664 nimirum
2837 1609 3104 1664 subsistit.

2154 1705 2310 1758 Falso
2332 1705 2644 1757 dualitatem
2672 1710 2951 1764 accusant,
2982 1711 3236 1769 tanquam
3267 1702 3440 1768 prima
3481 1699 3674 1752 divisio

399 1845 505 1891 σιν,
535 1825 693 1884 εὐθὺς
729 1821 868 1892 μετά
906 1818 1002 1889 τὴν
1036 1816 1235 1886 μονάδα
1269 1814 1762 1883 προσαπαντῶσαν,
1803 1811 1981 1861 καίτοι

2091 1800 2176 1859 sit,
2215 1813 2333 1864 qua:
2365 1797 2546 1850 statim
2574 1805 2695 1865 post
2726 1796 2986 1848 unitatem
3029 1803 3303 1855 occurrat,
3334 1808 3455 1846 cum
3496 1793 3674 1860 potius

399 1919 696 1986 συνάφειαν
723 1912 890 1966 οὖσαν
925 1910 1125 1980 μᾶλλον
1170 1907 1262 1960 δύο
1297 1905 1560 1975 μονάδων,
1594 1906 1686 1957 καὶ
1725 1902 1823 1972 τὴν
1856 1900 1983 1951 συλ-

395 2012 672 2082 ληπτικὴν
705 2007 905 2075 ἑαυτῆς
925 2004 1152 2072 δύναμιν
1178 2001 1342 2063 εὐθὺς
1370 1999 1748 2068 παριστῶσαν.
1776 1997 1849 2049 Οὐ
1874 1995 1983 2062 γὰρ

396 2105 662 2173 διαίρεσιν
691 2100 935 2170 μονάδων
968 2097 1058 2150 τὸν
1079 2094 1333 2164 ἀριθμὸν,
1367 2093 1502 2146 ἀλλὰ
1533 2089 1845 2142 τούναντίον
1881 2105 1985 2139 σω-

403 2200 556 2266 ρείαν
601 2194 844 2263 μονάδων
890 2193 936 2243 οἱ
969 2191 1097 2258 περὶ
1127 2189 1196 2241 τὰ
1228 2186 1456 2240 τοιαῦτα
1485 2185 1650 2237 δεινοὶ
1685 2183 1980 2252 ὡρίσαντο.

399 2291 464 2342 Εἰ
493 2288 588 2357 μὲν
611 2288 718 2356 γὰρ
748 2287 995 2347 εἴπωσιν,
1026 2282 1106 2333 ὅτι
1137 2284 1168 2350 ἡ
1196 2280 1303 2331 τῶν
1331 2278 1424 2331 δύο
1455 2279 1530 2338 ei;
1551 2276 1619 2328 τὰ
1643 2277 1698 2340 ἐξ
1731 2270 1804 2328 ὧν
1829 2291 1986 2327 συνε-

397 2380 531 2448 τέθη
557 2377 813 2436 ἀνάλυσις
840 2374 1042 2445 διαιρεῖ
1067 2374 1164 2440 τὴν
1195 2372 1409 2433 ἕνωσιν,
1458 2368 1568 2420 εἴτε
1597 2369 1717 2420 κατ’
1740 2367 1985 2418 ἐπίνοιαν

399 2476 511 2526 εἶτε
546 2471 667 2524 κατ’
705 2470 986 2537 ἐνέργειαν
1029 2467 1279 2533 γένηται,
1341 2461 1530 2516 εἰκότα
1583 2461 1714 2524 ῐσως
1766 2460 1982 2530 ἐροῦσιο

403 2566 642 2635 μένουσα
669 2563 725 2614 δὲ
761 2560 847 2630 ἐφ’
879 2560 1081 2623 ἑαυτῆς
1115 2560 1146 2627 ὴ
1199 2558 1332 2619 δυὰς
1362 2557 1461 2608 οὐκ
1495 2558 1609 2608 ἔστι
1658 2556 1821 2625 τομὴ,
1863 2555 1984 2607 οὐδὲ

403 2656 650 2725 μονάδων
675 2655 962 2724 διαίρεσις,
998 2654 1047 2703 εἰ
1078 2651 1152 2720 μὴ
1203 2651 1296 2703 καὶ
1331 2649 1530 2718 μᾶλλον
1581 2647 1773 2710 ἓνωσις
1805 2647 1985 2698 αὐτῶν

401 2753 498 2806 καὶ
529 2750 813 2817 συνάφεια.
863 2747 927 2798 Ἠ
968 2747 1078 2814 γάρ
1109 2761 1186 2797 τοι
1244 2743 1406 2812 φύσις
1450 2741 1544 2794 τοῦ
1576 2741 1809 2812 ἀριθμοῦ
1861 2739 1985 2792 καθ’

399 2844 602 2913 ἑαυτὴν
619 2842 745 2894 οὕτε
773 2840 1001 2906 διαιρεῖν
1035 2838 1300 2904 πέφυκεν,
1347 2834 1470 2888 οὔτε
1523 2837 1837 2895 συνάπτειν,
1869 2831 1983 2885 ἀλλ’

400 2936 726 3006 ἀμφοτέρων
764 2933 881 2986 ἐστὶ
908 2930 1128 2998 δεκτικὴ
1162 2929 1304 2980 κατὰ
1344 2928 1432 2980 τὸν
1483 2926 1643 2993 λόγον
1701 2924 1794 2977 τοῦ
1837 2943 1984 2996 χρω-

405 3032 588 3100 μένου.
625 3026 764 3080 Οῠτε
799 3029 908 3094 γὰρ
946 3026 1007 3075 τὸ
1039 3023 1238 3090 δίπηχυ
1281 3021 1436 3087 ξύλον
1477 3020 1670 3072 διεῖλεν
1697 3023 1724 3073 ὁ
1751 3019 1985 3089 ἀριθμὸς

400 3124 509 3178 τῶν
538 3124 631 3176 δύο
661 3123 904 3191 πήχεων,
943 3117 1061 3171 ἀλλ’
1088 3117 1238 3170 οὐδὲν
1262 3110 1423 3187 ἧττον
1451 3117 1542 3167 καὶ
1579 3114 1848 3184 μετρηθὲν
1872 3113 1985 3183 ἔχει
2013 3127 2057 3182 c

401 3219 465 3269 τὸ
504 3214 726 3285 συνεχές
747 3229 760 3244 ·
797 3212 922 3265 οὔτε
963 3212 1010 3263 oi
1038 3211 1170 3263 δέκα
1203 3209 1376 3278 μόδιοι
1409 3207 1502 3260 τοῦ
1550 3208 1697 3259 σίτου
1726 3206 1986 3277 διῃρέθη-

405 3327 531 3372 σαν,
563 3311 648 3363 ὅτι
696 3306 1110 3376 ὲμετρήθησαν.
1156 3303 1318 3356 Ἀλλά
1352 3303 1446 3356 καὶ
1473 3303 1500 3355 ὁ
1533 3302 1737 3373 Κύριος
1777 3302 1986 3356 δώδεκα.

404 3404 556 3472 ὥρας
600 3401 699 3469 τῆς
744 3399 961 3468 ἡμέρας
1012 3395 1183 3450 εἰπὼν
1233 3398 1292 3448 οὐ
1325 3395 1603 3464 διεμέρισε
1635 3396 1734 3466 τὴν
1782 3393 1986 3464 ταύτης

408 3497 714 3566 συνέχειαν.
771 3493 880 3544 Καὶ
923 3493 951 3545 ὁ
992 3490 1313 3551 Ἀπόστολος
1364 3489 1421 3542 δὲ
1481 3488 1744 3559 εἰρηκὼς,
1778 3487 1988 3540 Πολλὰ

399 3590 582 3659 μέλη,
607 3587 676 3640 ἓν
701 3585 769 3638 δὲ
805 3584 1000 3653 σῶμα,
1039 3585 1099 3635 οὐ
1135 3583 1346 3649 διέτεμε
1385 3583 1454 3636 τά
1479 3582 1636 3652 μέλη.
1673 3581 1781 3634 Καὶ
1822 3583 1850 3633 ὁ
1881 3582 1988 3650 φή-

406 3701 528 3751 σας,
560 3682 762 3736 Πάντα
782 3678 852 3732 τὰ
885 3677 1038 3734 ὀστᾶ
1057 3695 1177 3745 μου
1207 3675 1435 3744 ἐροῦσι.
1462 3676 1658 3745 Κύριε,
1689 3677 1991 3745 Κύριε,τι’ς

407 3775 611 3845 ὅμοιός
667 3789 807 3839 σοις
833 3772 892 3824 οὐ
925 3770 1088 3822 διεῖλε
1121 3769 1188 3822 τά
1229 3769 1364 3821 ὀστᾶ
1392 3768 1577 3822 αὑτοῦ.
1618 3769 1682 3822 El
1710 3769 1766 3822 δὲ
1794 3770 1851 3822 τὸ
1885 3769 1991 3823 δὼ-

406 3871 562 3932 δεκα,
595 3866 766 3920 καὶτὸ
799 3864 992 3927 πολλὰ,
1028 3863 1122 3917 καὶ
1160 3861 1221 3914 τὸ
1252 3861 1445 3926 πάντα,
1482 3862 1569 3914 ἴνα
1592 3861 1760 3915 τᾶλλα
1803 3862 1992 3931 παρῶ-ι

412 3977 533 4029 μεν,
577 3957 816 4027 ἀριθμοῦ
862 3954 1143 4026 προδήλως
1175 3953 1303 4006 ὄντα
1356 3954 1688 4023 σημαντικὰ,
1733 3953 1989 4024 οὐδεμίαν

410 4053 740 4120 πεποίηνται
772 4050 1076 4115 διαίρεσιν,
1116 4048 1198 4109 τίς
1229 4048 1261 4116 ή
1289 4046 1672 4115 ἀποκλήρωσις
1704 4045 1798 4098 τοῦ
1832 4048 1992 4115 μόνον

411 4147 502 4200 τὸν
521 4145 614 4198 δύο
641 4144 870 4214 ἀριθμὸν
907 4142 981 4204 ὼς
1025 4142 1356 4212 διαιρετικὸν
1397 4140 1801 4202 διαϐάλλεσθαι,
1837 4141 1993 4209 ἡμῶν

415 4239 652 4309 μάλιστα
695 4238 766 4298 ὡς
809 4237 910 4287 οὐκ
959 4237 1049 4286 ἐπὶ
1095 4235 1358 4303 διαιρέσει
1398 4234 1506 4285 τῶν
1549 4237 1606 4286 ὲν
1636 4232 1856 4302 Χριστῷ
1891 4232 1993 4300 φύ-

417 4348 554 4383 σεων
602 4328 792 4381 τοῦτον
823 4326 1231 4395 λαμϐανόντων,
1275 4324 1410 4377 ἀλλὰ
1446 4325 1582 4394 πρὸς
1612 4325 1780 4394 μόνην
1821 4327 1995 4392 δήλω..

418 4441 500 4475 σιν
521 4423 619 4492 τῆς
653 4423 856 4474 τούτων
883 4421 1164 4488 διαφορᾶς,
1202 4419 1295 4470 καὶ
1331 4419 1552 4482 ἔνδειξιν
1599 4422 1745 4488 σαφῆ
1772 4419 1866 4471 τοῦ
1904 4420 1996 4487 μέ·-
2027 4451 2068 4505 D

416 4534 529 4570 νειν
584 4516 754 4578 αὑτὰς
807 4517 1115 4583 ἀτρέπτους
1161 4515 1254 4566 καὶ
1316 4511 1656 4580 ἀσυγχύτους
1712 4511 1849 4579 μετά
1895 4511 1996 4580 τὴν

416 4610 696 4681 ἀκραιφνῆ
753 4610 844 4662 καὶ
888 4609 1192 4679 ἀδιαίρετον
1248 4607 1483 4672 ἒνωσιν;
1530 4608 1662 4659 ὅπου
1693 4623 1754 4673 γε
1789 4610 1879 4658 καὶ
1904 4607 1997 4659 ἐπὶ

415 4704 510 4758 τοῦ
550 4704 804 4771 σώματος
847 4704 997 4771 τρεῖς
1047 4701 1294 4768 λέγοντες
1323 4700 1633 4763 διαστάσεις
1667 4701 1727 4752 οὑ
1758 4699 1999 4752 διασπῶ-

421 4813 520 4866 μεν
548 4795 607 4848 τὸ
637 4795 796 4864 σῶμα
830 4793 909 4856 εἰς
943 4793 1068 4862 τρία
1107 4794 1391 4863 τμήματα.
1424 4795 1635 4862 Ὠσπερ
1656 4789 1750 4846 οὖν
1779 4795 1873 4845 ἐπὶ
1898 4795 1996 4864 τῆς

423 4889 552 4958 μιᾶς
578 4889 843 4957 Θεότητος
879 4887 912 4956 ή
951 4886 1109 4955 τριὰς
1136 4885 1244 4936 τῶν
1275 4885 1628 4938 ὑποστάσεων
1654 4886 1713 4937 οὑ
1732 4885 2001 4954 διαίρεσιν

418 4979 811 5048 ἁλλοτριοῦσαν
858 4981 954 5031 ἀπ’
999 4977 1248 5046 ἀλλήλων
1307 4978 1574 5046 εἰσήγαγε
1603 4996 1615 5008 '
1664 4977 2002 5046 διαιροῦνται

424 5076 519 5143 μὲν
569 5076 702 5145 γὰρ,
746 5073 862 5128 ἀλλ’
918 5073 1280 5134 ἀδιαστάτως,
1315 5071 1412 5124 καὶ
1443 5073 1680 5141 ἦνωνται
1732 5074 1854 5142 μὲν,
1886 5073 2001 5124 ἀλλ’

419 5165 742 5233 ἀσυγχύτως
765 5179 780 5195 ο
814 5165 871 5215 ὲν
898 5161 1158 5231 ἀλλήλαις
1193 5161 1303 5230 γὰρ
1324 5161 1580 5228 ἀφύρτως
1603 5160 1999 5230 περιχωροῦσι,

425 5258 747 5326 σωζομένων
776 5255 885 5309 τῶν
917 5255 1194 5323 ἰδιοτήτων
1223 5252 1461 5322 ἑκάστης
1487 5268 1501 5281 °
1542 5250 1715 5312 οὕτως
1762 5251 1872 5320 ἄρα
1908 5253 2001 5304 καὶ

425 5347 516 5395 ἐπὶ
542 5349 634 5397 τοῦ
658 5351 770 5411 ἑνὸς
802 5347 1042 5417 Χριστοῦ
1065 5349 1096 5417 ή
1119 5348 1249 5410 δυὰς
1265 5346 1374 5398 τῶν
1397 5345 1612 5413 φύσεων
1639 5346 1700 5397 οὑ
1719 5347 2002 5399 διάστασιν

427 5435 608 5488 αὐτῶν
636 5439 981 5496 ἀπετέλεσεν.

498 5531 562 5580 Δί
595 5529 686 5581 δύο
717 5530 906 5598 φύσεις
936 5531 1014 5598 εἷς
1040 5536 1145 5588 εἱσι
1177 5535 1434 5602 Χριστὸς,
1464 5533 1559 5585 καὶ
1600 5535 1626 5585 ὁ
1663 5529 1740 5595 εἷς
1771 5533 2003 5602 Χριστὸς

500 5745 514 5774 ¹
549 5743 704 5798 Joan.
741 5757 815 5805 x1,
844 5741 894 5795 9.
974 5743 993 5771 '
1035 5742 1053 5795 1
1083 5743 1204 5798 Cor.
1239 5759 1337 5808 xu,
1365 5745 1453 5798 Ἃ).

668 5837 938 5898 l‘unon.
986 5838 1099 5900 Gn.
1140 5838 1382 5900 CXXX.

1533 5746 1553 5776 ⁸
1587 5745 2041 5808 i‘sal.xxx1r.10.

2088 1889 2312 1942 duarum
2341 1888 2412 1942 sit
2446 1889 2709 1940 unitatum
2749 1886 3079 1954 conjunctio,
3108 1896 3162 1937 et
3206 1900 3361 1938 suam
3421 1899 3674 1950 compre-

2090 1979 2358 2033 hendeudi
2393 1981 2498 2033 vim
2530 1980 2711 2033 statim
2741 1979 3060 2033 constituat.
3093 1975 3364 2029 Numerus
3394 1975 3536 2028 enim
3565 1991 3670 2026 non

2087 2081 2169 2123 est
2196 2070 2462 2122 uuitatum
2495 2068 2716 2132 divisio,
2752 2070 2844 2121 sed
2884 2068 3060 2136 potius
3101 2067 3371 2125 cumulus.
3405 2076 3459 2118 ut
3490 2065 3578 2132 Qui
3621 2066 3669 2115 in

2087 2175 2148 2213 ea
2181 2158 2438 2213 facultate
2466 2170 2747 2228 praestant,
2785 2159 3166 2214 deﬁniverunt.
3197 2157 3351 2222 Quod
3398 2158 3440 2210 si
3497 2159 3672 2206 duali-

2087 2264 2140 2307 ta
2169 2253 2213 2306 is
2240 2255 2294 2307 in
2326 2269 2408 2316 ea,
2441 2269 2506 2306 ex
2531 2253 2726 2322 quibus
2747 2262 2981 2313 constat,
3017 2252 3400 2304 resolutionem
3435 2251 3673 2301 dividere

2087 2345 2522 2415 co--]unctionem
2550 2346 2811 2407 dixerint,
2845 2345 2958 2397 sive
2989 2343 3339 2412 cogitatione,
3358 2343 3470 2393 sive
3495 2342 3670 2409 rc-ipsa

2089 2437 2138 2491 id
2177 2437 2289 2500 ﬂat,
2324 2451 2450 2489 vere
2480 2434 2709 2489 fortasse
2735 2435 3043 2502 loquentur.
3081 2432 3480 2486 Dunlilassvcro
3516 2432 3565 2482 in
3613 2447 3672 2482 se

2090 2529 2200 2598 ipsa
2237 2542 2459 2580 manens
2489 2541 2600 2580 non
2635 2533 2717 2580 est
2745 2525 2932 2584 sectio.
2960 2539 3134 2593 neque
3160 2524 3423 2576 unitatum
3453 2521 3672 2584 divisio,

2088 2622 2180 2672 sed
2211 2619 2388 2686 potius
2420 2617 2661 2684 ipsarum
2694 2614 3006 2682 coniunctio
3029 2623 3084 2666 et
3145 2611 3436 2679 copulatio.
3493 2614 3676 2674 Quan-

2089 2726 2251 2779 quam
2282 2719 2476 2762 uatura
2503 2707 2710 2760 inltueri
2750 2724 2843 2774 per
2875 2722 2933 2760 se
3002 2720 3176 2774 neque
3238 2706 3446 2766 dividit,
3497 2719 3674 2766 neque

2087 2801 2384 2869 coniungit,
2417 2800 2507 2854 sed
2537 2807 2825 2866 utrumque
2857 2796 3084 2864 suscipit
3110 2810 3208 2864 pro
3239 2797 3452 2848 ratione
3508 2794 3671 2856 illus,

2087 2894 2260 2963 quieo
2295 2895 2482 2946 utitur.
2511 2889 2693 2959 Neque
2724 2891 2866 2943 enim
2907 2889 3195 2942 hieubitale
3254 2888 3455 2956 lignum
3527 2896 3676 2939 secat

2089 2995 2352 3035 numerus
2383 2982 2610 3034 duorum
2654 2979 2979 3042 cubitorum,
3031 2979 3126 3032 sed
3173 2978 3420 3046 quamvis
3469 2977 3678 3029 dimen-

2091 3087 2210 3125 sum
2238 3070 2668 3134 sit,c0nlinuam
2705 3078 2884 3122 tamen
2930 3082 3084 3122 suam
3149 3067 3348 3121 retinet
3399 3072 3570 3136 quant
3596 3075 3680 3116 in-

2093 3173 2222 3217 tem.
2250 3159 2360 3215 Nec
2388 3161 2573 3214 decem
2608 3160 2769 3213 modii
2803 3160 2966 3213 tritici
3000 3159 3156 3214 divisi
3195 3169 3339 3221 sunt,
3394 3168 3677 3226 proriterea

2091 3255 2235 3322 quod
2268 3253 2494 3308 dimensi
2524 3253 2649 3307 sint.
2681 3250 2786 3306 Sed
2814 3260 2866 3305 et
2898 3252 3156 3306 Dominus
3213 3266 3334 3304 cum
3389 3250 3676 3303 duodecim

2093 3362 2215 3400 esse
2249 3348 2454 3400 diceret
2485 3347 2647 3398 horas
2676 3345 2780 3396 diei
2815 3347 2832 3375 ¹
2862 3386 2876 3409 ,
2925 3361 3031 3397 non
3084 3343 3203 3412 ejus
3272 3344 3452 3396 divisit
3505 3345 3679 3394 couti-

2094 3455 2258 3493 nuam
2284 3439 2667 3507 quantitatem.
2700 3436 2766 3490 Et
2791 3455 2911 3490 cum
2942 3439 3230 3506 Apostolus
3269 3437 3494 3499 diceret,
3549 3435 3679 3488 Mul-

2093 3542 2147 3586 ta
2175 3531 2406 3584 membra
2430 3572 2445 3597 ,
2477 3546 2640 3583 unum
2673 3539 2846 3582 autent
2871 3547 3058 3597 corpus
3080 3531 3122 3594 ',
3154 3528 3392 3581 membra
3432 3545 3534 3580 nou
3568 3527 3680 3578 dis-

2094 3622 2286 3674 secuit.
2352 3619 2458 3672 Nec
2509 3619 2599 3685 qui
2652 3618 2787 3672 dixit
2834 3617 3076 3671 :Omuia
3125 3635 3248 3670 ossa
3294 3633 3407 3670 mea
3472 3618 3678 3682 dicem,

2098 3712 2341 3774 Domine,
2382 3709 2625 3774 Domine,
2669 3711 2786 3778 quis
2811 3710 3005 3763 similis
3037 3711 3130 3761 tibi
3158 3711 3178 3740 ³
3210 3710 3233 3762 Ἰ
3283 3711 3470 3764 divisit
3508 3725 3680 3764 mem-

2099 3807 2192 3858 bra
2227 3818 2346 3857 sua.
2390 3803 2544 3868 Quod
2595 3805 2636 3855 si
2690 3803 2838 3866 illud,
2881 3803 3178 3864 duodecim,
3237 3811 3290 3855 et
3351 3802 3499 3864 illud,
3546 3802 3684 3853 mul-

2101 3905 2177 3957 ta,
2222 3905 2276 3949 et
2308 3895 2460 3955 illud,
2516 3895 2713 3956 omnia,
2751 3904 2808 3948 ut
2848 3894 3050 3961 reliqua
3103 3905 3505 3962 praetereamus,
3556 3909 3680 3945 cum

2098 3987 2402 4056 significent
2477 4001 2786 4051 munerum,
2853 3988 3050 4039 nullam
3112 3997 3291 4039 tamen
3361 3987 3679 4039 divisionem

2099 4080 2357 4142 eliiriunt,
2382 4078 2503 4149 quis
2538 4079 2768 4132 duorum
2796 4095 3019 4132 munero
3054 4079 3152 4133 soi
3181 4080 3452 4149 singulare
3485 4093 3680 4131 munus

2102 4177 2201 4228 hoc
2235 4173 2454 4237 tribuat,
2491 4181 2548 4224 ut
2580 4171 2854 4225 dividendi
2891 4172 2991 4223 vim
3029 4171 3243 4233 haheat,
3277 4186 3395 4224 cum
3457 4186 3684 4236 praescr-

2100 4266 2196 4320 tim
2232 4282 2353 4318 eum
2385 4280 2481 4320 nos
2535 4266 2724 4319 nonin
2786 4264 3052 4319 divisione
3100 4263 3304 4318 Christi
3366 4275 3682 4316 naturarum

2101 4358 2480 4418 adhibeamus.
2550 4357 2644 4411 sed
2703 4367 2762 4410 ut
2817 4359 2986 4411 solam
3037 4358 3274 4428 ipsarum
3321 4357 3682 4411 differentiam

2103 4447 2301 4501 claram
2332 4446 2716 4514 signiﬁcemus,
2750 4457 2802 4502 et
2830 4449 3299 4512 ostendamus,eas
3325 4447 3444 4503 sine
3503 4457 3621 4501 mut
3642 4468 3686 4495 ι-

2102 4540 2245 4592 tione
2274 4535 2656 4592 etconfusione
2688 4547 2806 4606 post
2831 4554 3012 4593 veram
3041 4548 3093 4591 et
3117 4539 3499 4594 indivisibilem
3551 4555 3684 4594 con-

2095 4630 2432 4700 junctionem
2466 4631 2816 4697 permanere?
2843 4631 2972 4684 Nam
2996 4639 3048 4685 et
3086 4631 3139 4684 in
3169 4645 3396 4699 corpore
3429 4632 3548 4684 licet
3576 4641 3685 4684 tres

2105 4719 2471 4775 dimensiones
2501 4720 2765 4786 dicamus,
2797 4737 2903 4776 non
2943 4730 3122 4776 tamen
3157 4721 3331 4791 ipsum
3383 4738 3579 4791 corpus
3631 4726 3684 4777 in

2108 4821 2220 4864 tres
2287 4812 2560 4866 scctiones
2633 4811 2948 4868 dividimus.
3002 4814 3462 4879 Quemadmodum
3524 4815 3686 4884 igitur

2104 4918 2455 4970 personarum
2517 4902 2734 4956 trinitas
2774 4919 2879 4958 non
2912 4905 3151 4974 ipsarum
3221 4905 3545 4960 divisionem
3593 4923 3687 4959 ens

2104 4996 2496 5050 distrahentem
2567 4996 2619 5050 in
2672 4996 2966 5051 Divinitate
3034 4999 3214 5066 parit;
3280 4999 3688 5068 disringuuntur

2103 5088 2270 5150 cnim,
2303 5087 2396 5140 sed
2430 5086 2548 5140 sine
2593 5087 2950 5143 distractione
2977 5129 2990 5152 ,
3029 5099 3083 5144 et
3135 5090 3535 5161 coniunguntur
3567 5091 3686 5144 sine

2103 5179 2444 5241 confusione,
2485 5179 2624 5233 inter
2650 5195 2710 5234 se
2765 5181 2908 5234 enim
2933 5194 3240 5237 commeant
3282 5184 3402 5237 sine
3459 5183 3689 5235 commi—

2101 5270 2300 5334 stione,
2325 5273 2558 5325 servatis
2577 5272 2916 5341 singularum
2955 5275 3382 5343 prOprietatibus
3403 5293 3415 5328 :
3436 5275 3515 5328 sic
3538 5281 3590 5324 et
3630 5273 3684 5324 iu

2101 5363 2322 5417 Christo
2347 5372 2663 5418 naturarum
2693 5364 2927 5420 dualitas
2962 5379 3066 5420 non
3091 5367 3253 5419 ellicit
3283 5367 3520 5434 ipsarum
3571 5361 3686 5414 dis-

2104 5457 2442 5509 lractionem.

2180 5545 2304 5600 Duae
2333 5557 2540 5602 natura!
2558 5559 2682 5602 sunt
2714 5565 2850 5604 unus
2874 5549 3143 5609 Christus,
3181 5556 3233 5602 et
3265 5564 3403 5604 unus
3435 5545 3686 5599 Christus

3294 5842 3376 5909 34
