4082 6386
348 384 491 450 1073

984 497 1140 553 ΚΕΦ.
1176 499 1302 556 KZ'.

419 586 629 649 Κοινῶς
652 586 802 657 παρὰ
832 586 1049 641 πάντων
1088 590 1436 660 ὡμολόγηται
1463 593 1523 645 τὶ)
1548 612 1567 644 ι
1595 593 1912 662 ἄνθρωπος»

343 678 515 745 ὄνομα
532 678 631 747 τὴν
648 677 809 749 φύσιν
834 678 1050 750 δηλοῦν,
1077 681 1137 734 τὸ
1166 682 1222 735 δὲ
1254 700 1272 734 ι
1301 683 1512 746 Παῦλος
1538 704 1556 736 ι
1579 685 1608 753 ἦ
1635 704 1650 735 ι
1683 685 1913 753 Πέτρος»

344 770 445 837 τὴν
473 768 793 822 ὑπόστασιν.
837 770 996 823 Κατὰ
1039 772 1094 824 δὲ
1119 772 1211 825 τὸν
1244 776 1514 845 μακάριον
1544 776 1807 846 Κύριλλον
1860 775 1921 828 τὸ

353 879 373 910 ι
406 860 639 929 Χριστὸς
666 880 682 911 ι
716 861 886 929 ὄνομα
910 860 1034 914 οὔτε
1060 861 1290 933 δύναμιν
1333 865 1460 936 ὅρου
1500 864 1635 934 ἔχει,
1665 864 1787 918 οὔτε
1824 867 1922 936 τὴν

346 951 489 1013 τινος
529 950 720 1004 οὖσίαν
758 952 927 1020 δηλοῖ,
970 954 1045 1015 ὡς
1102 954 1413 1023 ἀνθρώπου,
1449 958 1544 1009 καὶ
1583 958 1777 1022 ἵππου,
1830 958 1923 1009 καὶ

349 1043 491 1111 βοδς,
545 1045 639 1095 καὶ
672 1044 899 1097 ἑκάστου
931 1044 1039 1097 τῶν
1073 1046 1177 1099 ὑπὸ
1217 1048 1277 1100 τὸ
1322 1048 1451 1101 ait-co
1486 1044 1645 1112 εἶδος.
1711 1051 1924 1103 Οὐκοῦν

347 1136 410 1187 οὐ
445 1136 643 1188 ταυτὸν
672 1135 957 1206 ἄνθρωπόν
1011 1154 1070 1191 τε
1105 1139 1502 1208 ἀπλῶςείπεῖν,
1537 1144 1632 1196 καὶ
1654 1143 1918 1214 Χριστόν.

348 1226 475 1289 Πῶς
498 1226 675 1280 τοίνυν
691 1227 751 1281 τὸ
765 1228 857 1282 τοῦ
886 1228 1177 1300 ἀνθρώπου
1202 1232 1557 1302 παράδειγμα
1580 1234 1679 1301 τῆς
1708 1234 1925 1303 φύσεως

348 1318 409 1372 ὃν
440 1319 740 1389 δηλωτικὸν
779 1322 1042 1392 μετάγετε
1074 1324 1167 1376 ἐπὶ
1199 1324 1260 1378 τὸ
1300 1326 1392 1379 τοῦ
1420 1326 1666 1396 Χριστοῦ
1712 1328 1927 1399 πρόσωο

352 1429 474 1475 πον,
502 1410 595 1465 τοῦ
625 1412 1017 1482 ὀνόματοςιτοῦ
1048 1414 1285 1485 Χριστοῦ
1301 1419 1471 1472 »κατὰ
1495 1418 1586 1473 τὸν
1605 1418 1929 1473 διδάσκαλον

352 1505 415 1556 οὐ
463 1502 625 1573 φύσιν
670 1505 980 1574 δηλοῦντος,
1012 1508 1131 1559 ἀλλ’
1160 1509 1458 1564 ύπᾶστασιν
1484 1527 1497 1575 ;
1538 1511 1599 1564 Et
1631 1511 1687 1563 δὲ
1721 1512 1927 1581 λέγητε

354 1597 521 1648 αὐτόν
545 1612 604 1648 τε
630 1596 724 1649 καὶ
752 1599 875 1659 τοὺς
905 1597 1096 1662 ἄλλους
1114 1600 1363 1670 Πατέρας
1392 1601 1697 1672 χρήσασθαι
1722 1601 1798 1671 τῷ
1829 1602 1925 1654 τοῦ

356 1685 648 1756 ἀνθρώπου
733 1689 1141 1758 παραδείγματι
1220 1693 1299 1755 εἰς
1356 1692 1449 1744 τὸν
1506 1692 1609 1763 τῆς
1683 1692 1927 1757 ἐνώσεως

359 1778 541 1846 λόγον,
580 1779 643 1832 οὒ
674 1780 766 1833 τίιν
792 1781 980 1846 ἁπλῶς
1022 1782 1333 1853 ἄνθρωπον,
1365 1784 1502 1839 ἀλλὰ
1539 1786 1632 1839 τὸν
1668 1786 1790 1840 τινὰ
1822 1805 1928 1839 πα·-

359 1870 819 1939 ρλλαμϐάνουσιν.
865 1874 1193 1938 ’Υπόστασις
1244 1875 1301 1929 δὲ
1321 1872 1494 1940 οὗτος.
1561 1879 1928 1950 Ἐπιστησατε

355 1963 435 2025 δὲ,
487 1963 568 2016 ὅτι
615 1966 710 2017 καὶ
737 1966 795 2017 ὲν
827 1966 977 2020 δυσὶν
1005 1968 1167 2021 αὐτὸν
1199 1972 1310 2031 τοῖς
1333 1970 1591 2040 χιμάροις
1642 1971 1933 2041 διαγράφει

354 2057 435 2123 τῷ
480 2056 644 2127 λόγῳ.
683 2059 894 2127 Ὥσπερ
947 2058 1038 2113 οὖν
1084 2062 1199 2113 ἐκεῖ
1250 2062 1308 2113 οὐ
1357 2062 1491 2133 πρὸς
1532 2064 1629 2127 τὰς
1686 2065 1927 2117 ὑποστά-

358 2164 475 2208 σεις
533 2148 640 2200 τῶν
694 2152 949 2220 χιμάρων
1020 2153 1177 2222 φέρει
1248 2153 1308 2205 τὸ
1370 2155 1745 2225 παράδειγμα,
1793 2156 1930 2209 ἀλλὰ

357 2237 498 2306 πρὸς
540 2236 599 2289 τὸ
628 2238 882 2309 διάφορον
915 2240 1005 2293 τοῦ
1036 2258 1095 2293 τε
1116 2241 1315 2305 ζῶντος
1359 2245 1451 2295 καὶ
1480 2244 1572 2296 τοῦ
1628 2245 1929 2315 τεθυμένου

356 2331 459 2396 τὴν
492 2330 769 2400 ἀναφορὰν
790 2330 901 2401 ἔχει
938 2346 952 2362 ⁸
982 2330 1126 2385 οὕτω
1175 2335 1268 2386 καὶ
1298 2334 1536 2389 ἐνταῦθα
1579 2337 1640 2389 ού
1674 2338 1808 2407 πρὸς
1839 2336 1935 2408 τὴν

357 2420 640 2489 ἀναίρεσιν
708 2422 816 2474 τῶν
868 2423 1127 2492 φύσεων,
1178 2424 1311 2478 ἀλλὰ
1368 2426 1503 2496 πρδς
1548 2428 1646 2496 τὴν
1700 2427 1930 2495 ἑνότητα

358 2513 457 2563 τοῦ
501 2513 817 2582 προσώπου,
846 2517 877 2584 ἠ
919 2514 1014 2568 τοῦ
1050 2517 1192 2578 τινος
1246 2517 1537 2586 ἀνθρώπου
1564 2517 1729 2571 εἰκὼν
1756 2537 1935 2589 παρα-

359 2602 724 2671 λαμϐάνεται.
770 2604 891 2658 Ὀτι
916 2605 972 2658 δὲ
1002 2607 1095 2659 καὶ
1121 2608 1147 2659 ὁ
1188 2608 1273 2670 τὶς
1301 2608 1587 2678 ἄνθρωπος
1622 2611 1770 2679 παρὰ
1826 2613 1938 2673 τοῖς

361 2697 547 2758 αὐτοῖς
579 2697 856 2768 Πατράσιν
885 2701 948 2751 ὲκ
972 2698 1087 2765 δύο,
1128 2702 1223 2752 και
1255 2700 1349 2753 δύο
1386 2701 1576 2770 φύσεις
1604 2702 1742 2769 ἐστὶ,
1802 2703 1940 2755 καθὸ

361 2785 513 2855 ψυχὴ
584 2786 677 2839 κα)⁸
729 2787 908 2859 σῶμα,
951 2789 1015 2840 ὲκ
1044 2788 1153 2841 τῶν
1205 2791 1716 2861 συγγεγραμμένω)
1757 2793 1943 2855 αὐτοῖς

363 2878 695 2948 πολλαχόθεν
726 2877 842 2931 ἔστι
875 2879 1238 2936 πιστώσαθαι.

368 2997 499 3051 Ἔτι
522 2996 696 3069 ᾲκατὰ
724 2996 1193 3069 Μονοςρίυσιζῶν,
1233 2997 1632 3069 Ἀναστασίου
1666 3000 1944 3069 μοναχοῦ

442 3066 549 3119 τοῦ
584 3068 865 3139 Σιναζτου
914 3068 984 3120 ἐκ
1014 3067 1126 3134 τῆς
1153 3068 1376 3131 ,βίϐλου
1422 3068 1530 3137 τῆς
1563 3066 1949 3139 καλουμένης

444 3154 475 3187 ε·
507 3136 783 3207 Ὀδηγοῦ,
817 3156 836 3189 ι

440 3251 678 3322 Σευῆρος
702 3253 730 3304 ὁ
776 3252 1106 3321 Ἀντιοχείας
1131 3254 1341 3306 ἐκεῖθεν
1358 3254 1627 3325 διωχθεὶς,
1673 3250 1839 3326 ἦλθεν
1868 3257 1947 3318 εἰς

380 3345 813 3416 Ἀλεξάνδρειαν,
837 3347 929 3398 καὶ
957 3345 1138 3415 βίϐλον
1174 3347 1429 3410 συνέταξε
1472 3347 1656 3417 πάσης
1699 3349 1946 3418 βλασφη-

371 3438 499 3507 μίας
533 3438 763 3508 μεστὴν,
798 3436 1252 3507 κατατρέχουσαν
1280 3439 1379 3508 μὲν
1409 3438 1509 3507 τῆς
1540 3439 1596 3490 ὲν
1638 3437 1947 3509 Χαλκηδόνι

367 3533 409 3584 δ’
438 3530 680 3592 συνόδου,
734 3529 1071 3582 συνιστῶσαν
1128 3528 1187 3581 δὲ
1218 3529 1279 3581 τὸ
1316 3528 1494 3598 δόγμα
1528 3530 1589 3581 τὸ
1619 3530 1779 3598 λέγον
1819 3530 1949 3601 μίαν

369 3621 537 3691 φύσιν
556 3620 808 3689 γενέσθαι
833 3622 973 3691 μετὰ
990 3619 1088 3690 τὴν
1109 3621 1307 3674 ἕνωσιν
1352 3620 1443 3673 τὴν
1466 3619 1725 3691 Χριστὸν,
1760 3621 1951 3690 ἥντινα

371 3714 556 3784 βίϐλον
587 3713 860 3784 Φιλαλήθη
924 3713 1055 3783 παρ’
1090 3713 1258 3767 αὑτοῦ
1318 3712 1614 3782 κληθεῖσαν
1672 3713 1814 3783 ὑπὲρ
1881 3713 1951 3767 τὰ

373 3805 684 3874 Εὐαγγέλια
734 3805 939 3873 τιμῶσι
990 3805 1132 3858 κατὰ
1180 3820 1240 3856 τε
1273 3804 1473 3874 Συρίαν
1537 3806 1632 3857 καὶ
1672 3804 1951 3873 Δίγυπτον

368 3898 693 3968 Σευηριανοι
728 3898 822 3950 καὶ
860 3896 1196 3959 ’1ακω6ἰται,
1246 3897 1343 3949 καὶ
1399 3897 1450 3949 οἱ
1502 3896 1609 3950 ἀπὸ
1666 3895 1949 3966 Εὑτυχοῦς

370 3991 467 4042 καὶ
534 3988 859 4058 Διοσκόρου,
901 3989 997 4040 καὶ
1030 3987 1314 4041 Θεοδοσίου
1362 3989 1458 4041 καὶ
1488 3988 1799 4059 Τιμοθέου,
1855 3989 1953 4042 καὶ

370 4082 483 4134 τῶν
525 4082 729 4134 λοιπῶν
779 4081 1195 4148 Μονοφυσιτῶν.
1230 4081 1307 4133 Οὐ
1349 4080 1617 4149 πρότερον
1643 4079 1735 4133 οὗν
1768 4080 1951 4133 διαλεο

373 4175 532 4227 κτέον
554 4176 666 4236 τοῖς
686 4172 833 4226 τοιού
844 4190 951 4236 τοις
979 4173 1405 4242 Μονοφυσίταις,
1431 4175 1561 4245 πρὶν
1582 4172 1649 4228 ἂν
1677 4173 1958 4245 διορίσων-

371 4285 487 4331 ται,
525 4266 578 4319 τί
614 4269 732 4319 ὶστι
765 4264 951 4335 φύσις,
990 4266 1085 4319 καὶ
1108 4267 1163 4319 τί
1191 4267 1370 4331 οὐσία,
1403 4268 1497 4319 καὶ
1524 4266 1577 4320 τί
1629 4266 1950 4335 πρόσωπον,

375 4365 470 4415 καὶ
500 4362 551 4414 τί
578 4362 895 4423 ὑπόστασις.
948 4359 1167 4431 Ἐπειδὴ
1197 4360 1303 4431 γὰρ
1331 4359 1388 4413 ἓν
1415 4360 1707 4431 πρόσωπον
1751 4362 1778 4413 ὁ
1818 4361 1956 4430 Χρι-

376 4456 499 4518 στδς
524 4454 612 4508 διὰ
636 4454 734 4523 τὴν
787 4452 918 4523 μίαν
948 4453 1276 4515 ὑπόστασιν,
1312 4452 1440 4521 μίαν
1465 4454 1631 4520 φύσιν
1682 4452 1847 4505 αὑτὸν
1874 4446 1955 4504 εί·-

1297 391 1675 455 ΡΛΝΟΡΙ.ΪΑ
1720 392 2181 454 DOGMATICA.
2220 419 2286 429 -
2325 394 2475 455 'I'l'l‘.
2512 390 2647 452 XVI

1975 3178 2021 3239 C

3475 380 3617 447 1671

2592 498 2752 554 CAP.
2814 496 3028 552 XXVII.

2092 592 2379 646 Communi
2411 605 2597 645 omnes
2627 605 2893 643 consensu
2926 588 3191 651 fatentur,
3259 599 3451 638 nomen
3483 582 3617 643 hoc.

2023 684 2198 746 homo,
2235 696 2482 737 naturam
2508 681 2840 750 significare,
2868 678 3069 732 Paulus
3105 688 3313 740 autem,
3362 683 3454 727 aut
3517 670 3615 725 Pe-

2026 786 2160 838 trus,
2190 789 2495 842 personam.
2530 774 2597 825 At
2631 787 2824 826 nomen
2862 771 2981 834 hoc,
3016 768 3280 832 Christus,
3320 776 3377 819 ut
3417 767 3612 819 beatus

2025 866 2259 937 Cyrillus
2300 867 2477 925 docet,
2516 879 2616 917 nec
2648 864 2755 917 vim
2801 863 2964 916 habet
2994 860 3348 922 deﬁnitionis,
3383 872 3483 911 nec
3517 856 3614 907 ali—

2025 961 2182 1027 cujus
2202 960 2441 1013 declarat
2498 959 2811 1013 essentiam.
2865 967 2921 1008 ιιι
2976 954 3231 1016 hominis,
3291 960 3382 1003 aut
3436 947 3611 1007 bovis,

2026 1051 2285 1119 autequi,
2320 1060 2411 1105 aut
2469 1050 2741 1119 cujusque
2793 1063 2983 1101 eorum
3040 1061 3160 1115 quoe
3222 1044 3321 1096 sub
3366 1041 3617 1095 eamdem

2027 1139 2264 1207 speciem
2327 1139 2551 1193 cadunt.
2614 1138 2803 1205 Itaque
2844 1152 2948 1188 non
3009 1135 3146 1188 idem
3203 1141 3287 1186 est
3336 1130 3610 1186 hominem

2027 1230 2347 1299 simpliciter
2373 1231 2574 1293 dicere,
2636 1239 2690 1284 et
2750 1229 3051 1282 Christum.
3110 1222 3393 1293 Quomodo
3449 1222 3617 1290 igitur

2029 1323 2270 1377 hominis
2328 1322 2659 1392 exemplum,
2719 1336 2831 1391 quo
2881 1329 3073 1374 natura
3125 1318 3485 1388 signiﬁcatur,
3544 1314 3657 1364 ad.

2025 1415 2228 1471 Clu-isti
2257 1429 2541 1486 personam
2573 1416 2761 1471 referri
2796 1423 3004 1484 potest,
3056 1426 3179 1468 cum
3232 1425 3426 1465 nomen
3486 1409 3614 1473 hor,

2031 1508 2296 1573 Christus,
2330 1524 2393 1563 ex
2436 1508 2782 1578 prmeeptoris
2817 1507 3059 1561 doctrina
3094 1521 3199 1559 non
3234 1512 3481 1557 naturam
3528 1501 3616 1552 in-

2031 1605 2193 1670 dicet,
2230 1606 2321 1659 sed
2347 1604 2671 1674 personam?
2703 1602 2857 1669 Quod
2909 1601 2953 1655 si
3012 1598 3261 1653 dixeritis
3309 1607 3363 1649 et
3418 1597 3629 1663 ipsum,

2032 1710 2087 1754 et
2127 1698 2265 1753 alios
2327 1696 2519 1750 Patres
2565 1696 2630 1749 ad
2686 1692 3083 1761 coniunctionis
3127 1691 3389 1743 rationem
3442 1685 3615 1753 expli-

2034 1794 2260 1845 candam
2294 1788 2527 1842 hominis
2555 1786 2862 1855 exemplum
2896 1784 3175 1844 adhibere,
3231 1781 3621 1849 restiondemus

2038 1896 2132 1937 eos
2169 1895 2273 1934 non
2302 1879 2623 1948 simpliciter
2652 1879 2921 1932 hominem
2957 1876 3220 1944 accipere,
3252 1874 3343 1926 sed
3380 1870 3617 1938 aliquem

2040 1972 2355 2033 hominem;
2390 1969 2587 2040 aliquis
2650 1978 2828 2021 autem
2883 1976 2937 2020 et
2971 1966 3269 2035 singularis
3324 1963 3485 2017 homo
3537 1969 3623 2012 est

2038 2076 2289 2130 persona.
2317 2062 2386 2115 At
2413 2061 2642 2115 duorum
2675 2060 2839 2113 etiam
2875 2060 3150 2113 hircorum
3185 2057 3356 2123 ipsum
3414 2052 3621 2105 descri-

2036 2152 2114 2207 bit
2144 2152 2408 2221 exemplo.
2452 2150 2811 2217 Quamobrem
2840 2159 2898 2203 ut
2924 2164 2986 2204 eo
3018 2149 3135 2202 loco
3160 2161 3417 2210 personas
3444 2146 3621 2195 hirm-

2040 2260 2159 2298 rum
2201 2243 2505 2313 exemplum
2530 2258 2634 2297 non
2673 2242 2913 2311 reSpicit,
2939 2242 3031 2296 sed
3062 2240 3311 2301 viventis,
3340 2248 3393 2292 et
3424 2238 3620 2291 immo-

2040 2335 2131 2390 lati
2169 2334 2578 2401 diﬂ‘erentiam;
2618 2334 2875 2390 sicetiam
2897 2335 2995 2387 hoc
3022 2332 3139 2387 loco
3163 2332 3394 2386 sumitur
3450 2328 3621 2382 alicu-

2035 2428 2125 2498 lus
2156 2429 2390 2484 hominis
2418 2426 2735 2491 similitudo,
2760 2443 2862 2481 non
2897 2436 2955 2480 ut
2985 2426 3244 2481 tollantur
3269 2435 3491 2482 naturzn.
3526 2424 3621 2476 sed

2044 2530 2101 2573 ut
2127 2535 2368 2588 personae
2398 2520 2579 2574 unitas
2630 2518 2969 2572 ostendatur.
3006 2519 3157 2583 Quod
3205 2526 3382 2569 autem
3423 2514 3622 2581 aliquis

2043 2628 2140 2667 seu
2160 2611 2449 2682 singularis
2466 2612 2627 2666 homo
2644 2626 2711 2665 ex
2728 2608 2950 2664 Patrum
2976 2609 3242 2663 sententia
3259 2609 3463 2662 duabus
3480 2624 3508 2659 e
3532 2625 3628 2660 na-

2050 2704 2187 2759 turis
2208 2712 2441 2771 constet,
2460 2703 2600 2757 etsit
2623 2702 2740 2757 dum
2770 2713 2999 2765 naturae,
3021 2710 3286 2770 quatenus
3335 2710 3415 2754 est
3445 2701 3625 2753 anima

2047 2804 2102 2852 et
2136 2812 2357 2866 corpus,
2380 2811 2443 2850 ex
2465 2810 2653 2851 eorum
2690 2795 2913 2865 scriptis
2949 2793 3133 2849 multis
3164 2793 3217 2846 in
3247 2792 3379 2846 locis
3405 2794 3629 2861 intelligi

2050 2899 2250 2960 potest.

2049 3004 2181 3060 Item
2218 3004 2463 3057 adversus
2488 3019 2573 3056 eos
2596 3004 2684 3073 qui
2712 3020 2871 3056 unam
2894 3004 2949 3056 in
2977 3001 3185 3056 Christo
3206 3011 3456 3073 naturam
3480 3017 3627 3054 asso-

2128 3082 2271 3135 runt,
2322 3075 2595 3127 Anastasii
2646 3073 2887 3126 monachi
2942 3073 3188 3137 Sinaita',
3235 3087 3299 3125 ex
3339 3072 3493 3136 libro,
3539 3073 3629 3141 qui

2132 3162 2151 3196 ι
2199 3143 2305 3198 Via:
2333 3146 2442 3196 dua:
2466 3161 2484 3193 ι
2520 3145 2846 3197 inscribitur.

2120 3258 2352 3313 Severus
2420 3259 2707 3328 episcolms
2762 3258 3104 3322 Antiochiae,
3169 3257 3293 3313 inde
3374 3257 3631 3325 expulsus

2048 3332 2428 3403 Alexandriam
2464 3347 2631 3410 venit,
2662 3355 2716 3401 et
2747 3346 2940 3400 librum
2971 3349 3274 3416 conposuit
3301 3347 3444 3400 omni
3471 3361 3628 3400 exsc-

2050 3440 2290 3493 cratione
2320 3437 2557 3507 plenum,
2590 3452 2697 3507 quo
2728 3437 3153 3492 Chalcedoneusi
3190 3438 3421 3492 concilio
3442 3438 3633 3491 adver-

2055 3544 2229 3598 satur,
2299 3534 2601 3601 dogmaque
2662 3532 2966 3595 constituit,
3017 3545 3124 3600 quo
3176 3529 3453 3585 Christum
3514 3541 3633 3600 post

2054 3621 2492 3689 conjunctionem
2526 3634 2685 3672 unam
2712 3633 2830 3673 esse
2852 3628 3103 3673 naturam
3156 3616 3356 3672 factum
3413 3622 3630 3673 asserit.

2051 3710 2207 3766 Hunc
2235 3712 2322 3765 ille
2372 3711 2570 3764 librum
2629 3708 2966 3763 Philam/ten
3026 3710 3318 3779 inscripsit,
3369 3726 3528 3781 quem
3578 3713 3629 3764 in

2054 3803 2211 3874 Syria
2271 3811 2325 3857 et
2360 3803 2409 3855 in
2439 3801 2671 3872 Egypto
2704 3801 3001 3867 Severiaui,
3033 3811 3085 3856 et
3118 3801 3396 3866 Jacobitze,
3430 3813 3484 3856 et
3539 3807 3630 3872 qui

2052 3895 2119 3949 ab
2153 3893 2388 3964 Eutyche
2416 3903 2469 3948 et
2516 3892 2791 3957 Dioscoro,
2846 3902 2900 3947 et
2954 3893 3278 3961 Theodosio,
3336 3905 3390 3948 et
3446 3894 3630 3949 Timo-

2057 3987 2181 4040 theo
2240 3985 2473 4039 instituti
2532 3999 2679 4051 sunt,
2736 3995 2789 4039 et
2839 3985 3035 4055 reliqui
3086 4000 3251 4039 unam
3308 3986 3361 4039 in
3415 3984 3635 4039 Christo

2056 4090 2303 4134 naturam
2354 4090 2675 4142 asserentes,
2727 4077 3029 4148 Evangeliis
3096 4087 3453 4145 anteponunt.
3516 4077 3631 4131 Non

2053 4182 2137 4229 est
2204 4182 2382 4226 autem
2437 4188 2560 4227 cum
2616 4172 2736 4226 istis
2792 4173 2943 4240 prius
2995 4170 3403 4239 disputandum,
3472 4185 3631 4237 quam

2055 4264 2184 4334 quid
2218 4277 2431 4328 natura,
2462 4264 2878 4332 quid-essentia,
2904 4262 3029 4330 quid
3056 4262 3387 4331 hypostasis,
3418 4272 3469 4315 et
3504 4261 3638 4330 quid

2058 4369 2288 4425 persona
2323 4357 2414 4421 sit,
2443 4356 2775 4411 deﬁnieriut.
2805 4355 2943 4408 Nam
2969 4354 3096 4424 quia
3126 4354 3375 4409 Christus
3410 4362 3495 4408 est
3530 4368 3636 4407 una

2060 4462 2310 4515 persona,
2349 4447 2447 4515 ipsi
2477 4463 2574 4517 pro
2616 4462 2725 4501 una
2772 4460 3001 4515 persona
3044 4460 3204 4500 unam
3238 4457 3487 4499 naturam
3556 4444 3638 4498 di-

374 4564 460 4599 ναι
491 4546 730 4613 λέγουσι,
772 4545 963 4598 ταυτὸν
997 4541 1133 4597 εἶναι
1162 4544 1454 4614 πρόσωπον
1477 4545 1569 4596 καὶ
1600 4541 1765 4611 φύσιν
1787 4543 1941 4595 διενι-

2057 4549 2208 4602 cunt,
2245 4540 2491 4608 idemque
2530 4553 2820 4607 personam
2844 4546 2896 4592 et
2960 4548 3210 4592 naturatn
3258 4552 3379 4591 esse
3432 4538 3636 4591 consti-

375 4638 654 4705 στάμενοι.
717 4637 1143 4706 Ἐρωτάσθωσαν
1193 4633 1310 4701 οὖν,
1372 4634 1741 4696 ἀποθανόντος
1807 4634 1954 4697 τινος

375 4730 688 4800 ἀνθρώπου,
724 4731 884 4797 φύσις
908 4729 1204 4793 ἀπέθανεν,
1237 4730 1277 4799 ἢν
1304 4730 1595 4800 πρόσωπον
1626 4745 1640 4794 ;
1682 4728 1825 4781 Ἀλλ’
1852 4728 1952 4781 οὐκ

377 4823 442 4875 ἄν
486 4838 615 4875 ποτε
647 4821 808 4890 φύσιν
839 4819 1066 4877 εἴποιεν.
1117 4821 1187 4875 Οὐ
1249 4822 1447 4873 ταυτὸν
1494 4820 1601 4889 ἄρα
1647 4819 1809 4887 φύσις
1855 4820 1954 4873 καὶ

376 4917 685 4989 πρόσωπον.
731 4915 840 4967 Καὶ⁸
869 4915 1196 4980 πάλιν,ὲπεὶ
1241 4914 1412 4966 πολλὰ
1453 4914 1546 4967 καὶ
1607 4914 1955 4984 ἀναρίθμητα

380 5010 653 5080 πρόσωπα
698 5006 1028 5077 ἀνθρώπων,
1083 5006 1280 5059 πολλαὶ
1325 5007 1419 5059 καὶ
1449 5007 1807 5077 ἀναρίθμητοι
1850 5006 1954 5074 φύ-

378 5119 490 5165 σεις
570 5099 872 5169 ἀνθρώπων
935 5098 1149 5167 ρηθεῖεν
1200 5097 1308 5164 av;
1355 5097 1517 5151 am
1551 5097 1656 5167 μὴν
1690 5099 1787 5167 μία
1834 5098 1960 5151 τού-

378 5213 486 5249 των
538 5195 570 5262 ἠ
637 5194 819 5261 φύσις.
900 5192 1059 5243 Ὥστε
1116 5190 1175 5243 ού
1241 5191 1437 5243 ταυτὸν
1512 5191 1805 5260 πρόσωπον
1863 5191 1959 5246 καὶ

382 5286 562 5353 φύσις.

986 5372 1102 5441 Τῆς
1147 5372 1363 5442 αὐτῆς.

454 5469 620 5521 Φασὶν
673 5468 720 5519 oi
795 5464 1165 5533 Μονοφυσῖται
1227 5464 1319 5517 τὸν
1381 5465 1554 5533 μέγαν
1642 5465 1962 5519 Ἀθανάσιον

382 5561 592 5631 γράψαι
648 5560 784 5629 πρὸς
844 5558 1099 5611 Ἰοὸιανὸν
1152 5558 1243 5610 τὸν
1293 5556 1538 5626 βασιλέα,
1594 5559 1675 5611 ὃτι
1713 5560 1741 5610 ὁ
1787 5560 1961 5625 Λόγος

387 5654 525 5723 σὰρξ
565 5652 800 5720 ἐγένετο,
831 5650 920 5704 ἴνα
945 5652 1037 5704 καὶ
1074 5652 1106 5721 ὴ
1139 5649 1274 5721 σὰρξ
1300 5651 1523 5719 γένηται
1552 5652 1747 5717 Λόγος.
1815 5650 1961 5720 Πρὸς

386 5744 479 5807 οὓς
518 5743 913 5811 ἀντιλέγομεν,
966 5742 1047 5795 ὅτι
1079 5740 1294 5811 πρῶτον
1349 5740 1450 5810 μὲν
1506 5740 1726 5811 ἄδηλον,
1762 5743 1811 5794 εί
1864 5739 1961 5792 τοῦ

391 5837 627 5909 μεγάλου
684 5835 1005 5891 Ἀθανασίου
1040 5835 1185 5886 ἐστὶν
1227 5833 1368 5906 αὕτη
1410 5836 1441 5905 ἡ
1477 5837 1652 5905 φωνὴ,
1691 5834 1961 5904 πολλαχοῦ

2065 4639 2237 4684 tuunt.
2277 4630 2557 4695 Qumratur
2586 4630 2752 4699 igitur
2771 4630 2837 4683 ab
2870 4629 3017 4698 ipsis,
3043 4643 3164 4683 cum
3189 4629 3416 4683 moritur
3444 4630 3640 4697 aliquis

2068 4721 2249 4786 homo,
2272 4731 2449 4775 utrum
2482 4730 2671 4775 natura
2696 4721 2976 4785 moriatur,
2999 4735 3067 4775 an
3101 4735 3350 4789 persona.
3380 4719 3634 4774 Naturam

2064 4812 2277 4882 quidem
2306 4811 2441 4864 mori
2468 4825 2572 4866 non
2632 4810 3054 4881 reSpondebunt.
3115 4809 3229 4865 Non
3283 4809 3445 4878 igitur
3500 4809 3639 4863 idem

2066 4914 2148 4960 est
2189 4914 2378 4957 natura
2418 4912 2470 4957 et
2500 4915 2753 4971 persona.
2797 4901 3064 4957 Praeterea
3118 4918 3242 4959 cum
3306 4902 3487 4957 multa}
3532 4904 3643 4957 sint

2070 5008 2230 5069 atque
2251 4996 2386 5051 adeo
2412 4993 2841 5050 innumerabiles
2878 4996 3156 5051 hominum
3180 5010 3447 5066 personae,
3504 4995 3642 5047 Inni-

2070 5101 2224 5145 tasne
2248 5089 2376 5143 item
2399 5097 2559 5157 atque
2614 5085 3037 5141 innumerabiles
3091 5096 3312 5142 naturas
3364 5086 3641 5142 hominum

2070 5176 2297 5230 dicent?
2321 5177 2481 5245 Atqui
2522 5190 2624 5230 una
2647 5184 2729 5228 est
2760 5174 3039 5231 hominum
3073 5184 3290 5232 natura.
3334 5176 3454 5232 Non
3515 5189 3645 5245 ergo

2070 5269 2208 5324 idem
2238 5277 2321 5322 est
2347 5281 2573 5337 persona
2600 5274 2654 5321 et
2673 5276 2887 5321 natura.

2722 5356 2995 5425 Ejusdem.

2142 5454 2242 5520 Qui
2272 5467 2435 5508 unam
2482 5452 2533 5505 in
2565 5450 2785 5505 Christo
2818 5462 3069 5505 naturam
3125 5465 3243 5503 esse
3290 5448 3644 5514 contendunt,

2072 5548 2428 5602 Athanasium
2461 5546 2527 5597 ad
2580 5542 2863 5597 Jovianum
2930 5542 3307 5607 imperatorem
3360 5536 3645 5604 scripsisse

2073 5646 2261 5700 dicunt
2320 5640 2550 5695 Verbum
2604 5625 2952 5689 factumesse
3007 5644 3250 5695 carnem,
3306 5638 3365 5684 ut
3409 5638 3463 5683 et
3518 5645 3646 5683 caro

2076 5741 2227 5801 fieret
2250 5736 2506 5792 Verbum.
2534 5730 2959 5801 Respondemus,
2986 5726 3217 5794 primum
3247 5740 3351 5779 non
3372 5736 3651 5793 constare,

2078 5848 2144 5886 an
2179 5832 2289 5884 haec
2320 5826 2480 5882 verba
2508 5825 2615 5878 sint
2642 5818 2947 5883 Athanasii,
2976 5830 3095 5870 cum
3126 5814 3308 5869 multis
3334 5814 3387 5868 in
3416 5812 3669 5868 Μοῖσαι-ο
