4082 6392
357 348 494 413 1077

1276 346 1651 409 PANOE‘LIA
1707 347 2163 411 DOGMATICA.
2204 380 2261 386 -
2313 357 2464 415 TlT.
2510 354 2662 416 ΧΠ.

3474 354 3609 417 1078

358 479 457 532 σης
487 462 584 530 τῆς
615 457 963 527 ἀνθρωπίνης
1005 458 1221 525 φύσεως
1254 460 1359 511 ὑπὸ
1391 462 1488 527 τῆς
1517 460 1686 523 θείας,
1731 460 1846 523 πῶς
1872 463 1928 513 ὲν

2062 480 2157 517 ura
2183 482 2207 519 a
2251 468 2413 523 livina
2446 471 2607 526 fuerit
2634 472 2912 543 absorpta,
2949 492 3045 530 cur
3073 474 3125 529 in
3153 486 3314 528 cruce
3373 475 3615 542 pendens

353 557 455 624 μὲν
491 553 567 624 τῷ
600 549 823 619 σταυρῷ
853 551 1202 621 κρεμάμενος
1251 554 1352 604 οὐκ
1398 549 1546 622 εἶχεν
1600 549 1756 615 εἶδος,
1812 552 1931 605 οὐδὲ

355 648 574 707 κάλλος,
623 645 757 697 ἐνδὲ
793 642 869 713 τῷ
909 645 1065 713 ταφῳ
1115 646 1372 715 κείμενος
1420 649 1520 699 οὐκ
1572 642 1686 716 εἶχε
1728 646 1930 716 ψυχὴν,

355 742 433 801 εἰς
463 739 553 790 τὸν
587 738 723 810 ᾅδην
776 737 831 789 δὲ
866 739 1139 790 κατελθὼν
1207 740 1307 791 οὐκ
1364 736 1477 808 εἷχε
1526 742 1723 809 σῶμας
1761 742 1852 793 καὶ
1905 742 1933 793 ὁ

361 833 458 901 μὲν
480 834 651 899 τάφος
686 829 850 882 αὑτοῦ
899 831 1057 899 σῶμα
1092 831 1251 899 μόνον
1312 828 1629 895 ὑπεδέξατο,
1666 831 1847 901 ψυχὴν
1877 832 1934 884 δὲ

362 922 529 992 μόνην
556 925 583 975 ὁ
628 922 784 994 ᾅδης,
824 920 947 973 οὔτε
1006 924 1097 973 τοῦ
1163 923 1413 993 σώματος
1458 925 1517 974 τὸ
1550 923 1759 986 ὑλικὸν,
1829 923 1927 976 καὶ

356 1014 572 1082 ὁρατὸν,
628 1017 717 1064 καί
769 1017 940 1067 ἁπτὸν
984 1015 1404 1078 ἀποϐάλλοντος,
1458 1014 1580 1067 οὔτε
1609 1015 1710 1083 τῆς
1752 1014 1934 1084 ψυχῆς

356 1104 426 1153 τὰ
480 1103 769 1172 ἰδιώματα,
828 1106 875 1156 εὶ
933 1104 1027 1159 καὶ
1080 1105 1414 1176 ἀμφοτέροις
1475 1108 1507 1157 ἢ
1572 1106 1765 1178 θεύτης
1811 1123 1936 1159 συν-

360 1207 454 1260 ην.

957 1284 1071 1352 Τῆς
1129 1284 1340 1352 αὐτῆς.

437 1372 613 1445 Εἴπερ
642 1378 674 1446 ἡ
707 1377 867 1443 φύσις
916 1377 1007 1430 τοῦ
1064 1379 1303 1449 Χριστοῦ
1358 1377 1493 1448 μόνη
1529 1379 1723 1448 Θεότηε
1765 1380 1935 1443 ἐστὶν,

362 1466 438 1529 ὡς
472 1467 629 1534 ὑμεῖς
660 1485 817 1534 φατε,
844 1469 963 1531 πῶς
986 1472 1015 1521 ὁ
1034 1468 1291 1538 Χριστὸς,
1325 1470 1353 1522 ὁ
1388 1471 1667 1539 πανταχοῦ
1694 1470 1771 1523 ὣν
1794 1471 1938 1523 κατὰ

364 1556 463 1625 τὴν
494 1561 592 1625 τῆς
634 1557 887 1629 θεότητος
922 1562 1088 1614 αὑτοῦ
1131 1561 1313 1630 φύσιν,
1339 1557 1461 1614 εἶπε
1500 1565 1635 1630 πρδς
1686 1562 1810 1624 τοὺς
1837 1580 1942 1632 μα-

364 1648 552 1717 θητὰς,
572 1648 833 1718 Λάζιρος
855 1654 1135 1715 ἀπέθανε,
1162 1653 1256 1706 καὶ
1291 1654 1497 1721 χαίρω.
1530 1654 1621 1707 ὅτι
1647 1655 1757 1706 οὐκ
1777 1653 1942 1721 ἤμην

364 1739 493 1811 ἐκεῖ
512 1756 532 1803 ;
582 1744 701 1804 Πῶς
735 1744 793 1795 δὲ
836 1746 928 1797 καὶ
952 1747 978 1798 ὁ
1009 1744 1241 1813 ἄγγελος
1282 1744 1436 1812 ἔλεγε
1463 1746 1715 1812 περὶτοῦ
1752 1744 1940 1815 σώμα-

366 1845 455 1893 τος
486 1831 676 1894 αὐτοῦ,
712 1834 794 1885 ὅτι
835 1832 1079 1901 Ἠγέρθη
1117 1848 1130 1862 ’
1162 1835 1275 1886 οὐκ
1312 1833 1485 1887 ἐστιν
1509 1827 1625 1885 ὦδε
1676 1848 1695 1895 ;

372 1910 375 1911 ν
971 1924 1081 1991 Τῆς
1138 1923 1347 1990 αὐτῆς.

448 2018 550 2070 Διὰ
609 2018 788 2079 τοῦτο,
843 2017 1048 2086 φασὶν,
1096 2017 1156 2069 οὺ
1210 2016 1443 2085 λέγομεν
1497 2016 1590 2067 δύο
1648 2015 1842 2083 φύσεις
1890 2016 1948 2067 ἐν

369 2113 617 2182 Χριστῷ,
649 2111 783 2163 διότι
848 2111 1047 2175 πάντα,
1084 2111 1182 2162 ὅσα
1226 2109 1291 2163 ἂν
1323 2110 1381 2161 ἐν
1432 2108 1651 2178 Χριστῷ
1679 2108 1947 2177 ὁμολογή-

373 2222 573 2273 σωμεν,
608 2204 788 2258 ταῦτα
812 2205 907 2257 ἐπὶ
941 2206 1128 2272 πάσης
1158 2206 1256 2273 τῆς
1308 2202 1470 2270 ἁγίας
1506 2202 1739 2269 Τριάδος
1777 2203 1947 2269 ἀναγο

373 2300 526 2350 καῖον
553 2299 688 2366 ἡμῖν
716 2296 1018 2367 ὁμολογεῖν.
1051 2296 1114 2347 Τί
1153 2296 1230 2360 δέ;
1263 2296 1360 2365 οὐχ
1384 2296 1697 2364 ὁμολογεῖτε
1728 2296 1785 2347 ὲν
1812 2295 1952 2365 Χρι-

374 2389 488 2459 στῷ
542 2390 840 2459 σάρκωσιν,
870 2390 966 2443 καὶ
995 2389 1273 2458 γέννησιν,
1310 2390 1403 2441 καὶ
1427 2390 1525 2441 ὅσα
1549 2389 1647 2455 τῆς
1686 2387 1835 2450 θείας
1861 2390 1950 2441 ὲν-

373 2481 783 2550 ανΘρωπήσεως
812 2497 828 2544 ;
864 2481 1065 2533 Λοιπὸν
1106 2481 1200 2534 ἐπὶ
1234 2479 1414 2551 πάσης
1457 2481 1554 2548 τῆς
1587 2479 1750 2548 ἁγίας
1781 2480 1951 2550 Τριά-

375 2572 465 2633 Eo;
492 2573 585 2624 καὶ
607 2570 780 2625 ταῦτα
805 2572 1136 2639 ὁμολογεῖτε.

990 2775 1105 2842 Τῆς
1148 2776 1360 2844 αὐτῆς.

464 2867 989 2940 Ἐὰνὲρωτὴσωμεν
1039 2868 1261 2931 αὐτοὺς,
1317 2865 1461 2920 κατὰ
1519 2865 1683 2920 ποίαν
1736 2867 1959 2936 φύσινδ

384 2960 621 3030 Χριστὸς
695 2960 763 3012 τὰ
825 2944 1271 3029 ἀνθρωποπρεπῆ
1351 2959 1575 3028 ῥήματα
1635 2960 1958 3029 ἐφθέγγετο,

387 3053 680 3120 φεύγοντες
726 3053 901 3106 εἰπεῖν
954 3050 1115 3120 φύσιν
1168 3050 1230 3103 τὸ
1276 3051 1617 3120 ἀνθρώπινον
1660 3053 1757 3105 τοῦ
1818 3054 1959 3123 Χρι-

2038 560 2342 613 ttOnhabuit
2380 564 2634 628 Speciem,
2674 581 2773 619 nec
2804 566 3101 621 decorem?
3135 565 3311 618 Curin
3363 564 3614 631 sepulcro

2031 651 2218 720 jacens
2251 670 2352 707 non
2374 646 2558 708 hab'uit
2588 658 2871 712 animam?
2902 658 3010 712 Cttr
3032 659 3099 713 ad
3130 658 3334 712 inferos
3374 658 3613 710 descen-

2035 746 2166 798 deus
2200 764 2300 800 non
2357 748 2541 801 habuit
2608 751 2853 815 corpus?
2913 751 2991 804 Ac
3036 750 3345 817 scpulcrnm
3401 748 3619 817 quidem

2037 838 2201 905 ipsius
2234 840 2404 892 solum
2431 842 2918 909 corpussnscepit,
2990 838 3145 894 inferi
3212 850 3390 892 autem
3446 838 3617 893 solam

2037 930 2268 981 animam
2293 970 2308 994 ,
2349 944 2474 984 cum
2502 945 2599 984 nec
2627 945 2822 999 Corpus
2859 930 3138 984 materiam
3173 928 3453 996 abjecerit,
3521 940 3622 979 nec

2038 1023 2517 1091 qualitatem.quae
2548 1022 2694 1076 cerni
2736 1022 2987 1095 tangique
3016 1029 3216 1089 posset,
3281 1034 3378 1073 nec
3440 1018 3623 1071 anima

2039 1113 2394 1180 proprietates
2417 1114 2607 1168 animae
2627 1114 3101 1184 deposuerit,licet
3128 1113 3516 1181 ctungutrisque
3543 1113 3626 1165 div

2037 1204 2235 1258 vinitas
2268 1208 2435 1259 esset;

2691 1295 2963 1361 Ejusdem.

2111 1384 2167 1439 Si
2199 1386 2399 1439 Christi
2431 1397 2616 1440 natura
2650 1389 2784 1450 sola,
2847 1399 2901 1439 ιιι
2962 1378 3159 1448 dicitis.
3219 1387 3475 1441 divinitas
3521 1397 3626 1448 est,

2042 1479 2308 1546 quomodo
2338 1478 2607 1543 Christus,
2635 1480 2723 1544 qui
2758 1480 3060 1534 divinitatis
3098 1495 3206 1533 sua:
3264 1488 3454 1534 natura
3507 1480 3630 1532 ubi-

2044 1580 2149 1633 que
2174 1577 2275 1628 est,
2310 1566 2447 1620 dixit
2497 1569 2562 1619 ad
2609 1569 2898 1637 discipulos
2946 1584 3120 1622 suos:
3187 1567 3428 1621 Lazarus
3487 1586 3632 1623 mor-

2046 1668 2167 1711 tuus
2196 1668 2293 1718 est,
2324 1669 2370 1711 et
2391 1659 2614 1728 gaudeo,
2640 1662 2778 1730 quod
2819 1677 2922 1713 non
2956 1676 3103 1713 eram
3143 1662 3214 1712 ibi
3240 1660 3255 1691 ⁸
3287 1659 3309 1711 ?
3355 1659 3635 1725 Quomodo

2046 1749 2344 1817 etaugelus
2371 1750 2436 1803 de
2466 1765 2689 1819 corpore
2747 1752 2934 1819 ipsius,
2991 1750 3261 1814 Surrexit,
3296 1750 3492 1813 inquit,
3532 1768 3635 1804 non

2046 1850 2121 1895 est
2144 1840 2228 1893 hic
2253 1843 2272 1872 ²
2300 1841 2323 1894 Ἰ

2700 1931 2976 1999 Ejusdem.

2120 2029 2410 2099 Propterea
2435 2027 2570 2081 duas
2599 2042 2702 2079 non
2729 2026 2977 2088 dicimus,
3006 2025 3275 2094 inquiunt,
3311 2025 3362 2078 in
3420 2024 3638 2079 Christo

2050 2130 2295 2183 naturas,
2324 2118 2577 2189 quoniam
2639 2132 2760 2186 quae
2789 2118 3114 2171 conﬁtemur
3172 2118 3227 2171 in
3278 2116 3515 2177 Christo,
3574 2129 3637 2167 ea

2054 2215 2207 2271 nobis
2256 2215 2436 2268 omnia
2493 2210 2870 2264 necessarium
2938 2219 3020 2264 est
3094 2209 3149 2263 in
3203 2218 3308 2262 tota
3376 2207 3641 2261 Trinitate

2050 2314 2236 2365 Sancta
2256 2302 2857 2369 conﬁteri.Quid?non
2911 2300 3242 2355 conﬁtemini
3306 2299 3360 2352 in
3422 2297 3641 2353 Christo

2054 2397 2232 2451 carnis
2261 2394 2656 2464 susceptionem
2686 2401 2739 2446 et
2755 2401 2931 2446 ortum
2957 2430 2974 2457 ,
3008 2401 3058 2446 et
3081 2390 3339 2460 quidquid
3367 2391 3432 2443 de
3461 2388 3640 2441 divina

2056 2488 2228 2557 ipsius
2276 2486 2626 2541 humanitatis
2675 2486 3023 2553 susceptione
3069 2482 3304 2537 dicitur?
3351 2481 3639 2547 Reliquum

2057 2579 2224 2649 igitur
2252 2588 2356 2644 est,
2391 2587 2449 2632 ut
2479 2578 2593 2632 lucc
2638 2575 2696 2630 in
2747 2582 2856 2629 tota
2907 2586 3094 2630 sancta
3142 2570 3410 2625 Trinitatc
3468 2567 3643 2622 conti-

2060 2670 2305 2727 teamini.

2696 2758 2976 2828 Ejusdem.

2134 2858 2189 2913 Si
2224 2870 2530 2927 quaeramus
2584 2868 2649 2907 ex
2691 2852 2846 2921 ipsis,
2887 2864 2992 2919 qua
3023 2856 3216 2903 natura
3243 2845 3499 2902 Christus
3525 2859 3648 2897 ver-

2061 2956 2127 3006 ba
2168 2948 2372 3004 homini
2405 2944 2757 3016 congruentia
2794 2941 3012 3006 dixerit,
3070 2954 3135 2993 ne
3185 2947 3434 2991 naturam
3468 2938 3645 2989 nomi-

2063 3052 2191 3099 nent
2227 3043 2302 3105 id,
2333 3039 2476 3109 quod
2512 3045 2592 3094 est
2629 3037 2920 3090 humanum
2962 3033 3016 3088 in
3072 3031 3313 3093 Christo,
3343 3044 3407 3086 eo
3460 3028 3647 3084 confu-

393 3119 539 3210 στού,
580 3145 851 3213 λέγουσιν,
888 3119 976 3197 ὅτι
1010 3144 1153 3197 κατὰ
1207 3144 1303 3212 τὴν
1330 3144 1746 3216 ἀνθρωπὸτητα,
1821 3119 1960 3199 κατὰ

2067 3135 2241 3205 ginnt,
2276 3144 2333 3185 ut
2362 3132 2565 3196 dicant,
2602 3127 2961 3189 humanitate,
2996 3124 3386 3192 assumptione,
3408 3136 3470 3176 eo
3504 3119 3645 3188 quot

390 3238 449 3287 τδ
473 3237 828 3306 πρόσλημμα,
873 3236 1012 3289 κατὰ
1059 3237 1118 3288 τὸ
1147 3237 1450 3306 ὁρώμενον,
1499 3239 1643 3291 κατὰ
1681 3237 1741 3289 τὸ
1773 3237 1956 3307 σῶμα,

389 3330 533 3382 κατὰ
549 3330 650 3399 τὴν
680 3328 885 3400 σάρκα,
916 3330 1010 3381 καὶ
1050 3328 1103 3381 εἴ
1130 3346 1182 3381 τι
1212 3328 1473 3383 τοιοῦτον.
1514 3330 1579 3381 Ei
1605 3330 1660 3381 δὲ
1680 3347 1965 3400 προσερω-

388 3426 625 3492 τήσομεν
645 3438 660 3451 “
675 3423 828 3475 Διατί
854 3422 1081 3491 φεύγετε
1099 3424 1157 3475 τὸ
1173 3423 1355 3489 λέγειν
1380 3421 1542 3490 φύσιν
1572 3424 1664 3477 ἐπὶ
1681 3422 1775 3475 τοῦ
1796 3440 1966 3493 προσ-

388 3515 696 3583 λήμματος,
746 3514 1157 3583 ἀποκρίνονται,
1205 3515 1288 3565 ὅτι
1326 3514 1443 3565 Ἵνα
1475 3514 1550 3582 μὴ
1606 3513 1701 3567 δύο
1770 3513 1963 3582 φύσεις

391 3606 486 3657 ἐπὶ
536 3604 630 3657 τοῦ
673 3604 912 3676 Χριστοῦ
976 3603 1486 3674 συνομολογοῦντες,
1555 3604 1649 3657 δύο
1693 3604 1965 3673 πρόσωπα

390 3695 643 3763 λέγοντες
694 3696 1030 3764 εὐρεθῶμεν.
1063 3698 1138 3750 Οὐ
1200 3697 1306 3768 γάρ
1343 3699 1457 3749 ἐστι
1498 3698 1660 3765 φύσις
1708 3699 1967 3765 ἀπροσω-

395 3802 519 3848 πος.
570 3788 768 3849 πάντες
803 3787 859 3841 δὲ
891 3788 1225 3854 οῑνλέγοντες
1270 3789 1364 3840 δύο
1409 3788 1601 3856 φύσεις
1653 3791 1712 3842 ἐν
1745 3790 1968 3861 Χριστῷ

394 3877 753 3947 Νεστοριανοί
814 3882 973 3942 εἰσιν,
1038 3880 1110 3941 ὡς
1159 3883 1238 3942 εἰς
1289 3881 1382 3933 δύο
1426 3882 1693 3950 πρόσωπα
1737 3882 1829 3935 τὸν
1872 3883 1968 3934 ἕνα

399 3970 636 4035 Χριστὸν
667 3970 1028 4040 διαιροῦντες.
1068 3965 1204 4025 Εἶτα
1251 3972 1622 4041 προφέρωμεν
1658 3973 1846 4035 αὐτοῖς
1873 3973 1968 4037 τὰς

395 4064 627 4130 χρήσεις
659 4062 767 4114 τῶν
817 4063 987 4131 ἁγίων
1043 4063 1325 4134 Πατέρων,
1371 4064 1496 4116 ὅσαι
1545 4063 1850 4135 διαρρήδην
1878 4064 1973 4118 δύο

398 4155 593 4222 φύσεις
622 4155 680 4206 ὲν
714 4154 936 4224 Χριστῷ
977 4156 1423 4227 συνομολογοῦσι.

505 4272 759 4343 Χρήσεις
776 4273 904 4341 περὶ
930 4271 1036 4325 τῶν
1053 4274 1163 4327 δύο
1193 4272 1299 4327 τοῦ
1325 4272 1583 4341 Χριστοῦ
1602 4274 1869 4343 φύσεων.

476 4432 583 4485 Τοῦ
606 4432 848 4504 μεγάλου
868 4432 1175 4501 Γρηγοριου
1206 4429 1299 4483 τοῦ
1324 4430 1757 4501 Θαυματονργοῦ
1786 4433 1852 4486 ἐκ
1873 4434 1970 4502 τῆς
2009 4467 2053 4522 D

405 4526 548 4578 κατὰ
607 4525 772 4596 μέρος
801 4524 1040 4584 πίστεως
1072 4539 1085 4554 ·
1130 4524 1274 4576 «Καὶ
1322 4522 1436 4575 ἔστι
1477 4523 1607 4584 Θεὸς
1639 4523 1893 4591 ἀληθινὸς
1948 4527 1977 4577 ὁ

400 4615 643 4686 ἄσαρκος
690 4616 748 4666 ὲν
792 4614 955 4686 σαρκὶ
999 4612 1358 4683 φανερωθεὶς,
1416 4612 1477 4664 οὐ
1523 4611 1618 4665 δύο
1680 4611 1977 4684 πρόσωπα,

405 4708 543 4758 ἀλλὰ
575 4706 668 4759 δύο
692 4705 901 4773 φύσεις.
932 4723 948 4755 ι

474 4796 584 4865 Τῆς
636 4796 858 4866 πρώτης
930 4795 1314 4864 οἰκουμενικῆς
1390 4794 1607 4848 συνόδου
1689 4795 1797 4849 ἀπὸ
1880 4796 1981 4865 τῆς

404 4889 675 4951 ἐκθέσεως
702 4890 800 4959 τῆς
831 4887 972 4939 κατὰ
1006 4886 1221 4939 Παύλου
1243 4886 1334 4939 τοῦ
1351 4887 1718 4956 Σαμοσατέως
1741 4888 1984 4941 ἰΤαῦτα

319 4986 323 4990 ’
406 4979 740 5050 διώρθωται,
776 4979 873 5031 καὶ
904 4980 1300 5046 σεσαφήνισται
1353 4977 1453 5028 οὐκ
1484 4978 1562 5039 εἰς
1593 4978 1857 5047 διαίρεσιν
1887 4979 1982 5031 τοῦ

408 5072 524 5134 Mc
558 5070 855 5141 προσώπου
883 5069 979 5123 τοῦ
1009 5069 1335 5138 ἀδιαιρέτου,
1372 5067 1488 5120 ἀλλ’
1513 5071 1590 5130 εἰς
1630 5070 1866 5137 δήλωσιν
1891 5070 1984 5123 τοῦ

408 5164 716 5233 ἀσυγχύτου
744 5162 854 5215 τῶν
885 5160 1257 5234 διορισθεισῶν
1289 5158 1506 5229 φύσεων
1530 5159 1629 5229 τῆς
1660 5160 1864 5230 σαρκὸς
1890 5163 1984 5213 καὶ

408 5254 505 5307 τοῦ
538 5255 737 5323 Λόγου.
779 5273 798 5305 ι

494 5348 816 5403 Ἀθανασίου
884 5346 1297 5418 Ἀλεξανδρείας
1333 5348 1397 5399 ἐκ
1441 5350 1537 5399 τοῦ
1585 5346 1710 5417 περὶ
1752 5348 1989 5409 πίστεως

409 5442 592 5510 λόγου.
624 5461 643 5492 ι
664 5442 789 5495 Τῶν
816 5441 926 5511 γὰρ
960 5440 1156 5494 οὐσιῶν
1188 5438 1348 5492 αὑτοῦ
1374 5440 1405 5509 ἡ
1444 5440 1544 5508 μέν
1565 5441 1708 5491 ἐστιν
1733 5440 1988 5510 ἄναρχος,

410 5535 507 5587 καὶ
530 5534 721 5598 ἀΐδιος,
755 5534 850 5587 καὶ
885 5533 1284 5603 ἀπερίδρακτος
1318 5529 1396 5600 τῷ
1573 5532 1607 5600 ή
1640 5531 1696 5583 δὲ
1726 5531 1782 5582 ὲν
1818 5530 1993 5600 χρόνῳ

409 5630 627 5699 γέγονε,
668 5649 687 5682 ι
715 5631 810 5683 καὶ
846 5629 915 5682 τὰ
947 5629 1096 5697 ἑξῆς.

492 5834 509 5867 ⁸
543 5832 776 5890 JOan.xt
832 5832 917 5885 15.
997 5833 1171 5888 ’Luc.
1204 5846 1328 5886 utv
1383 5831 1434 5884 6.

2065 3226 2405 3282 cernebatur.
2444 3236 2691 3292 corpore,
2757 3234 2940 3283 carne,
2984 3216 3106 3271 etsi
3170 3214 3296 3285 quid
3370 3222 3451 3268 est
3502 3211 3647 3265 aliud

2064 3318 2353 3391 ejusmodi.
2377 3317 2510 3372 Tum
2576 3315 2624 3369 si
2654 3328 2867 3368 rursum
2912 3321 3225 3379 quaeramus
3255 3324 3268 3361 :
3300 3305 3410 3362 Cur
3445 3307 3518 3360 ita
3551 3318 3647 3360 ca-

2064 3415 2202 3468 vetis
2234 3413 2412 3468 dicere
2462 3417 2708 3461 naturam
2741 3403 2808 3458 de
2863 3416 2930 3459 eo
2975 3401 3119 3471 quod
3148 3407 3485 3467 assumptum
3514 3406 3599 3450 est
3626 3394 3651 3446 ‘t

2066 3505 2399 3574 respondent
2431 3519 2444 3556 :
2471 3499 2547 3553 Ne
2582 3500 2715 3553 duas
2747 3496 2801 3550 in
2831 3494 3052 3550 Christo
3077 3501 3300 3547 naturas
3329 3490 3653 3545 conﬁtentes

2069 3601 2202 3654 duas
2232 3608 2492 3666 personas
2524 3594 2706 3648 dicere
2778 3588 3269 3657 deprehendantur;
3308 3581 3453 3635 nulla
3506 3581 3651 3635 enim

2067 3700 2173 3755 est,
2210 3689 2479 3757 inquiunt,
2514 3695 2706 3738 natura
2734 3683 2851 3735 sine
2892 3692 3146 3748 persona.
3188 3675 3253 3727 At
3293 3673 3370 3727 illi
3403 3673 3494 3742 qui
3519 3674 3654 3725 duas

2069 3787 2126 3841 in
2185 3783 2402 3840 Chrism
2442 3790 2661 3836 naturas
2719 3776 2926 3838 dicunt,
2974 3767 3279 3826 Nestoriani
3338 3774 3488 3830 sunt,
3529 3780 3652 3818 cum

2072 3880 2346 3938 Christum
2399 3887 2566 3929 unum
2617 3872 2672 3926 iu
2728 3871 2863 3924 duas
2916 3878 3179 3936 personas
3214 3861 3474 3914 dividant.
3531 3856 3653 3912 Jam

2071 3974 2240 4045 igitur
2285 3970 2392 4026 illis
2430 3974 2738 4023 sanctorum
2792 3962 3014 4016 Patrum
3074 3969 3382 4026 premamus
3435 3962 3658 4006 senten-

2077 4043 2206 4131 tias,
2253 4076 2375 4134 qua:
2427 4059 2566 4112 duas
2616 4056 2669 4111 in
2716 4052 2934 4110 Christo
2968 4058 3194 4103 naturas
3250 4057 3434 4114 aperte
3487 4043 3659 4096 couti-

2079 4168 2278 4215 tentur.

2150 4274 2465 4331 Sanctorum
2493 4269 2719 4324 Patrum
2744 4265 2808 4347 de
2830 4259 3116 4345 dualzus’t‘n
3142 4257 3354 4313 Christo
3384 4253 3588 4306 naturis

2687 4348 3011 4391 testamenta.

2155 4436 2329 4507 Magni
2380 4431 2625 4502 Gregorii
2674 4444 2852 4482 rerum
2904 4414 3227 4479 mirabiiinm
3282 4417 3554 4474 eﬂ‘ectoris
3608 4417 3659 4468 in

2079 4506 2329 4585 oratione
2356 4528 2421 4580 de
2452 4520 2710 4591 singulari
2736 4518 2841 4572 ﬁde
2870 4535 2885 4571 :
2927 4534 2945 4567 ι
2987 4514 3046 4567 ΕΙ
3075 4527 3160 4569 eSt
3200 4512 3340 4565 Deus
3365 4523 3545 4573 verus,
3571 4506 3659 4574 qui

2077 4639 2200 4678 eum
2232 4629 2374 4676 esset
2404 4616 2587 4671 carnis
2647 4626 2863 4681 expers,
2908 4610 2961 4662 in
2988 4620 3154 4662 carne
3216 4601 3487 4672 apparuit,
3554 4613 3659 4651 non

2080 4725 2262 4770 tamen
2292 4713 2425 4766 duas
2456 4708 2613 4762 habet
2648 4716 2928 4773 personas,
2953 4698 3048 4753 sed
3077 4707 3304 4751 naturas
3332 4696 3488 4746 duas.
3528 4708 3546 4741 ι

2148 4804 2314 4858 Pritni
2396 4796 2717 4855 meumenici
2776 4790 3103 4852 concilii,ex
3164 4785 3517 4855 Expositione
3566 4781 3663 4832 :ul»

2085 4910 2273 4950 versus
2307 4892 2530 4946 Paulum
2559 4891 2995 4941 Samosatensem
3021 4898 3035 4933 :
3063 4897 3079 4929 ι
3106 4877 3225 4931 llaec
3250 4875 3513 4943 explicata
3538 4880 3665 4923 sunt

2083 4998 2134 5041 et
2169 4986 2464 5044 declarata,
2498 4989 2607 5033 non
2635 4987 2690 5028 ut
2723 4990 2847 5037 una,
2883 4986 2999 5039 qua?
3030 4966 3373 5022 indivisibilis
3406 4974 3507 5025 est,
3544 4980 3665 5030 per.

2083 5093 2215 5134 sona
2272 5075 2564 5134 dividatur,
2601 5069 2693 5121 sed
2725 5077 2780 5118 ut
2834 5063 3070 5119 deﬁnita:
3110 5071 3319 5115 naturae
3378 5059 3561 5113 carnis
3612 5063 3666 5107 ct

2083 5170 2242 5225 Verbi
2270 5170 2383 5223 sine
2426 5162 2739 5219 confusione
2799 5160 3257 5213 demonstrentur.
3292 5171 3308 5204 ι

2157 5345 2436 5400 Athanasii
2476 5339 2870 5409 archiepiscopi
2924 5332 3271 5391 Alexandrini
3303 5345 3367 5382 ex
3423 5328 3666 5381 oratione

2088 5442 2154 5495 de
2180 5440 2282 5495 tide
2315 5456 2330 5493 :
2371 5457 2389 5490 ι
2429 5436 2506 5491 Ex
2560 5438 2728 5506 ipsius
2783 5431 3031 5487 essentiis
3072 5443 3174 5481 una
3207 5434 3289 5479 est
3342 5422 3460 5476 sine
3515 5422 3667 5488 prin-

2087 5534 2228 5601 cipio
2258 5542 2313 5586 et
2337 5531 2690 5600 sempiterna,
2750 5540 2868 5594 quae
2901 5532 3080 5576 mente
3134 5513 3515 5585 comprehendi
3558 5526 3668 5564 nan

2092 5634 2290 5699 potest,
2321 5623 2490 5678 altera
2524 5622 2577 5675 in
2612 5602 2851 5690 tempore
2881 5615 3017 5669 facta
3052 5624 3152 5668 est.
3180 5628 3201 5663 ι
