4082 6396
444 315 587 382 1079

444 546 465 578 ι
507 530 679 587 Dicite
732 537 912 601 nobis,
953 541 1044 608 qui
1079 556 1200 594 cum
1234 560 1330 599 vos

440 626 718 681 studiosos
751 628 991 698 (iugatis,
1025 632 1139 687 haec
1192 635 1404 691 duabus
1437 639 1491 693 in

440 719 665 776 sublatis
685 722 947 791 quaritis,
978 732 1032 779 et
1053 725 1334 785 simulatis.
1349 747 1373 781 ›

509 928 691 985 Basilii
730 931 933 1005 Magni,
998 951 1064 991 ex
1111 938 1339 1008 cpistola
1389 941 1457 995 ad
1499 941 1836 1014 Sozopoiitas
1874 960 1889 998 :
1926 964 1945 997 ‹
1977 945 2035 1001 Si

438 1026 561 1093 quis
602 1025 767 1095 igitur
798 1029 965 1084 audet
1009 1030 1212 1098 dicere,
1256 1033 1392 1088 duas
1433 1036 1484 1090 in
1535 1037 1754 1092 Christo
1810 1045 2035 1096 naturas

439 1117 777 1183 commistas,
809 1125 864 1174 et
890 1135 1088 1192 corpus
1144 1126 1377 1180 omnino
1427 1140 1549 1180 cum
1586 1128 1800 1182 ossibus
1830 1128 1887 1184 in
1937 1130 2032 1184 Dei

438 1225 762 1267 conversum
790 1228 911 1269 esse
929 1215 1273 1286 dignitatem,
1309 1236 1328 1268 ι
1360 1228 1415 1273 et
1438 1234 1558 1288 qua:
1580 1232 1868 1291 sequntur.

516 1424 695 1496 Magni
722 1426 973 1498 Gregorii
1004 1427 1291 1500 Theologi,
1319 1445 1385 1483 ex
1437 1430 1668 1501 epistola
1718 1432 1783 1487 ad
1836 1431 2031 1488 Cledo-

334 1555 341 1563 .
439 1518 590 1573 nium
624 1537 638 1573 :
677 1539 695 1573 ι
730 1520 859 1577 Duae
886 1523 1028 1577 enim
1064 1532 1293 1592 naturae,
1337 1525 1475 1581 Deus
1501 1536 1556 1580 et
1583 1527 1762 1582 homo.
1795 1544 1813 1578 ι

509 1728 764 1799 Ejusdem
806 1743 871 1783 ex
898 1730 1138 1785 secunda
1167 1732 1418 1787 oratione
1448 1734 1511 1786 de
1570 1733 1709 1789 Filio
1746 1750 1762 1788 :
1797 1753 1816 1786 ι
1878 1736 2025 1792 indi»

1677 341 2067 409 EUTIIYMII
2111 349 2476 419 ZIGABENI

512 436 712 494 Justini
739 440 1048 515 philosophi
1099 456 1153 503 et
1189 448 1460 522 Martyris,
1488 470 1551 508 ex
1591 456 1732 511 libro
1765 458 1832 513 de
1879 460 1983 515 ﬁde
2016 477 2031 513 :
2065 481 2108 530 λ

3467 412 3475 419 ~
3586 378 3729 447 1080

2226 470 2518 527 ’Ῑουστίνου
2551 478 2847 550 φιλοσόφου
2888 484 2983 538 καὶ
3033 485 3312 562 μάρτυρος
3368 496 3433 548 ἐκ
3472 496 3565 551 τοῦ
3600 499 3728 571 περὶ

1391 545 1714 603 Christianae
1760 550 2024 620 religioni:

2143 561 2594 660 «forsngtdyou'
2625 590 2644 623 ι
2677 545 2878 628 Εἴπατε
2910 545 3064 648 ἡμῖν,
3096 545 3143 634 ἐι
3173 545 3264 637 τόν

1547 640 1766 697 Christo
1821 644 2024 698 naturit

2141 656 2624 748 σχῆματιζόμενοι,
2676 665 2725 717 οί
2775 666 2862 721 ἐπ’
2894 640 3172 740 ἀναιρέσει
3213 676 3324 730 τῶν
3345 640 3720 748 ’δύοφύσὲων

2139 745 2235 800 τοῦ
2273 748 2514 819 Χριστοῦ
2540 756 2606 809 τὰ
2634 758 2858 814 τοιαῦτα
2885 762 2981 816 καὶ
3003 764 3291 836 ζητοῦντες
3336 773 3430 825 καὶ
3465 777 3727 846 προϊσχό-

2141 855 2315 908 μενοι.
2358 859 2385 894 ι

2210 954 2319 1011 Τοῦ
2350 961 2591 1029 μεγάλου
2616 965 2900 1022 Βασιλείου
2928 971 2994 1025 ὲκ
3028 972 3129 1043 τῆς
3165 977 3300 1048 πρὸς
3343 980 3727 1048 Σωζοπολίτας

2137 1046 2451 1140 ἐπιστολῆς.
2492 1072 2510 1105 ι
2554 1056 2616 1107 Et
2653 1057 2753 1127 μὲν
2800 1055 2895 1114 οὖν
2934 1064 3030 1116 καὶ
3072 1046 3247 1139 τολμᾷ
3288 1085 3373 1133 τις
3406 1071 3609 1140 λέγειν,
3641 1046 3727 1129 ὅτί

2137 1137 2557 1211 συνεκράθησαν
2613 1146 2672 1198 ei
2728 1147 2967 1219 Χριστοῦ
3023 1137 3240 1221 φύσεις,
3298 1162 3393 1213 καὶ
3437 1137 3725 1237 παρελύθη

2135 1230 2421 1296 παντελῶς
2464 1234 2527 1289 τδ
2576 1237 2737 1310 σῶμα
2795 1241 2893 1296 σὺν
2949 1248 3063 1309 τοῖς
3114 1250 3324 1315 ὀστέοις
3362 1230 3573 1325 τραπὲν
3642 1230 3726 1321 είς

2138 1320 2279 1373 Θεοῦ
2340 1326 2556 1393 φύσεως
2610 1328 2851 1404 ἀξίωμα,
2890 1354 2910 1389 ι
2945 1338 3041 1392 καὶ
3076 1340 3142 1394 τὰ
3181 1342 3330 1413 ἑξῆς.

2202 1434 2310 1490 Τοῦ
2365 1441 2608 1510 μεγάλου
2657 1445 2962 1519 Γρηγορίου
3020 1450 3116 1504 τοῦ
3183 1452 3475 1525 Θεολόγου.
3504 1461 3569 1514 ὲκ
3619 1462 3725 1522 ἐἰς

2133 1529 2276 1620 προς
2313 1531 2611 1602 Κληδόνων
2644 1538 2936 1611 ἐπιστολῆν·
2964 1559 2977 1573 υ
3033 1561 3053 1595 α
3082 1543 3279 1609 Φύσεις
3316 1548 3419 1617 μὲν
3454 1550 3564 1620 γὰρ
3604 1553 3720 1619 δύο,

2131 1617 2266 1683 Θεὸς
2296 1620 2393 1674 καὶ
2421 1621 2733 1695 ἄνθρωπος.
2766 1647 2789 1680 ι

2207 1733 2312 1788 Τοῦ
2343 1737 2514 1791 αὐτοῦ
2543 1741 2609 1793 ὲκ
2651 1742 2747 1796 τοῦ
2785 1744 2829 1815 β’
2861 1745 3027 1816 λόγου
3060 1749 3156 1804 τοῦ
3196 1752 3327 1822 περὶ
3353 1753 3485 1806 Υίοῦ
3508 1770 3521 1785 ·
3558 1774 3577 1807 r
3616 1755 3725 1826 Ση-

443 1822 586 1874 cium
640 1831 818 1875 autem
871 1820 1002 1875 illud
1064 1831 1184 1888 est,
1221 1838 1346 1878 cum
1379 1826 1561 1879 animo
1590 1835 1645 1881 et
1698 1828 2024 1896 cogitatione

2134 1825 2289 1893 μεῖον
2317 1826 2391 1893 δὲ,
2428 1828 2588 1898 ἡνίκα
2620 1832 2676 1883 αἱ
2710 1832 2903 1901 φύσεις
2952 1837 3250 1893 διίστανται
3274 1820 3406 1905 ⁷ταῖς
3430 1820 3723 1910 ὲπινοίαιξ,

440 1917 645 1962 natura:
728 1908 1147 1980 sejunguntur.
1209 1911 1374 1966 etiam
1451 1915 1671 1969 nomina
1764 1931 2024 1988 separan-

438 2008 549 2055 tur.
577 2019 596 2052 ι

507 2093 877 2162 Δωριιίιοείιίἱ
910 2095 1074 2154 lconii
1107 2100 1353 2170 episcopi
1390 2114 1456 2156 ex
1509 2103 1735 2173 epistola
1786 2104 1861 2161 ad.
1925 2106 2025 2162 Se-

437 2182 724 2241 leucium:
773 2186 896 2242 «Ita
948 2187 1118 2245 Deum
1153 2200 1209 2247 et
1252 2193 1530 2250 hominem
1582 2195 1865 2251 Christum
1896 2214 2023 2255 con-

437 2276 594 2331 ﬁteor
622 2276 816 2333 Filium
842 2278 959 2346 Dei,
999 2296 1165 2336 unum
1198 2282 1395 2338 Filium
1445 2299 1513 2341 ex
1543 2287 1759 2342 duabus
1786 2290 2028 2358 naturis,

436 2369 644 2436 patibili
670 2379 724 2425 et
755 2371 1096 2442 impetibili.»
1129 2373 1195 2429 Et
1215 2376 1377 2445 paulo
1405 2386 1529 2445 post
1558 2392 1573 2432 :
1609 2395 1628 2430 ι
1654 2377 1834 2434 Unum
1858 2380 2024 2451 igitur

434 2459 630 2517 Filium
661 2471 715 2516 et
741 2463 873 2520 duas
928 2464 1047 2536 ejus
1076 2475 1305 2523 naturas
1347 2470 1634 2525 conﬁteor.
1675 2490 1694 2523 ι
1740 2470 1807 2526 Et
1835 2473 2023 2540 paucis

436 2555 620 2610 verbis
655 2556 962 2626 interiectis
990 2571 1008 2611 :
1052 2574 1081 2610 ι-
1114 2558 1246 2625 Qua
1273 2567 1550 2631 assumpta
1585 2571 1669 2617 est
1703 2572 1896 2618 natura
1927 2579 2022 2634 pa-

438 2647 593 2713 titur,
647 2657 844 2703 natura
902 2663 1031 2706 vero
1087 2664 1210 2721 quae
1264 2651 1412 2707 illam
1479 2651 1796 2725 assumpsit,
1856 2657 2022 2725 impa-

436 2737 606 2793 tibilis
652 2748 859 2796 manet.
901 2757 921 2792 ι

506 2851 784 2909 Ambrosii
847 2854 1089 2928 episcopi
1177 2857 1594 2917 Mediolanensis
1654 2876 1720 2917 ex
1776 2864 2023 2921 oratione

436 2946 698 3001 adversus
753 2948 1144 3017 Apollinarium
1210 2969 1226 3007 :
1291 2971 1311 3005 ι
1349 2953 1733 3023 Apparuerunt
1787 2958 1878 3013 alii
1928 2960 2021 3029 qui

434 3038 648 3093 Domini
686 3052 907 3096 carnem
935 3049 991 3095 et
1019 3041 1354 3100 divinitatem
1386 3047 1546 3101 unius
1599 3048 1856 3104 dixerunt
1901 3064 2022 3106 esse

2125 1917 2420 1987 διαιρεῖται
2448 1922 2543 1975 καὶ
2574 1922 2643 1977 τὰ
2672 1923 2933 1996 ὀνόματα.
2970 1946 2987 1979 ι

2209 2098 2566 2174 ⁹Αμφιλσχίου
2613 2104 2841 2161 Ἰκονίου
2873 2110 2936 2163 ἐκ
2967 2112 3069 2180 τῆς
3122 2114 3263 2185 πρὸς
3299 2115 3563 2171 Σέλευκον
3591 2118 3723 2171 ἐπιλ-

2127 2189 2324 2260 στολῆς
2354 2207 2369 2223 ’
2407 2210 2426 2245 ι
2465 2192 2623 2249 Οὕτω
2670 2196 2805 2251 Θεὸν
2844 2200 2937 2253 καὶ
2984 2202 3275 2273 ἄνθρωπον
3327 2206 3420 2261 τὸν
3471 2206 3714 2277 Χριστὸν

2122 2284 2374 2355 ὁμολογῶ
2420 2286 2511 2340 τὸν
2557 2288 2687 2343 Υίδν
2718 2290 2814 2345 τοῦ
2863 2292 3023 2360 θεοῦ,
3072 2296 3170 2349 ἕνα
3221 2297 3352 2351 Υίδν
3381 2298 3444 2351 ὲκ
3482 2298 3576 2353 δύο
3614 2298 3723 2367 φύ-

2127 2395 2290 2445 σεων,
2319 2380 2568 2453 παθητῆς
2615 2400 2674 2436 τε
2698 2386 2794 2439 καὶ
2820 2386 3068 2453 ἀπαθοῦς
3085 2403 3100 2418 ·
3143 2408 3161 2441 ι
3195 2390 3291 2444 καὶ
3316 2392 3434 2461 μετ’
3457 2391 3614 2459 ὀλίγα
3635 2407 3651 2423 ⁸
3681 2410 3707 2444 r

2126 2469 2263 2524 Ἕνα
2292 2468 2386 2526 οὖν
2408 2473 2534 2528 Υίδν
2564 2475 2657 2528 δύο
2674 2474 2911 2547 ιφύσεὼν
2929 2496 3094 2549 φημι.
3120 2482 3230 2534 Καὶ
3257 2480 3415 2545 αὖθις
3443 2482 3560 2552 μετ’
3592 2482 3718 2535 ὀλί-

2124 2579 2198 2632 γα
2221 2578 2235 2593 ’
2275 2563 2336 2619 Ἦ
2357 2564 2627 2637 ληφοεῖσα
2649 2570 2849 2639 πάσχει
2870 2570 3052 2639 φύσις,
3079 2573 3113 2642 ἡ
3144 2572 3201 2625 δὲ
3228 2572 3471 2628 λαϐοῦσα
3495 2573 3725 2645 ἀπαθὴς

2126 2657 2300 2727 μένει.
2339 2677 2363 2711 ι

2211 2871 2545 2943 ’Ᾱμὸροσίου
2592 2873 2939 2928 Μεδιολάνων
2979 2876 3046 2929 ὲκ
3086 2874 3182 2930 τοῦ
3213 2876 3373 2941 λόγου
3414 2875 3509 2930 τοῦ
3569 2877 3718 2930 κατὰ

2136 2964 2593 3037 Ἀπολλιναριου·
2641 2985 2659 3019 ι
2714 2968 3089 3039 ’Λνεφὰνησαν
3137 2969 3317 3040 ἕτεροι
3363 2969 3462 3039 τὴν
3532 2970 3716 3040 σάρκα

2123 3053 2218 3107 τοῦ
2260 3055 2501 3126 Κυρίου,
2544 3057 2641 3110 καὶ
2684 3057 2789 3127 τὴν
2836 3058 3068 3129 θεότητα
3102 3059 3233 3125 μιᾶς
3293 3053 3435 3110 εἷναι
3499 3057 3718 3127 φύσεως

434 3140 667 3185 natura.
725 3131 857 3199 Quis
904 3133 1155 3191 infernus
1206 3144 1318 3191 tam
1392 3138 1616 3209 impium
1673 3142 2019 3198 maledictum

2126 3145 2397 3213 λέγοντες.
2436 3148 2595 3211 Ποῖος
2623 3149 2754 3219 ᾅδης
2788 3150 2887 3219 τὴν
2919 3149 3190 3221 τοσαύτην
3221 3149 3570 3222 βλασφημίαν
3592 3150 3719 3220 ἔξήο

425 3222 679 3281 ’evomuit
699 3227 722 3281 2
746 3246 766 3279 ι

508 3359 761 3431 Ejusdem
809 3364 875 3419 ad
927 3364 1247 3421 Gratianum
1287 3368 1667 3437 imperatorem
1703 3385 1717 3424 :
1765 3390 1791 3424 ιν
1820 3370 2026 3427 Divini-

433 3455 564 3508 tatis
592 3462 645 3507 et
669 3456 853 3512 carnis
884 3458 1245 3514 differentiam
1297 3476 1600 3517 servemus.
1665 3460 1815 3518 Unus
1876 3463 2021 3518 enim

434 3554 541 3611 est,
573 3547 663 3617 qui
701 3548 752 3602 in
792 3558 1020 3620 utraque
1045 3552 1307 3623 loquitur,
1362 3552 1532 3611 Filius
1586 3556 1701 3611 Dei.
1759 3556 2021 3623 Quoniam

433 3638 491 3691 iu
517 3638 634 3708 ipso
656 3648 739 3695 est
770 3651 1003 3712 utraque
1032 3652 1243 3699 natura.
1285 3663 1304 3697 ι

502 3750 744 3829 GregOrii
777 3759 970 3830 Nysae
1030 3763 1298 3832 pontiﬁcis
1367 3766 1427 3820 in.
1451 3766 1699 3823 oratione
1765 3770 2021 3826 adversus

432 3850 821 3919 Apollinarium
854 3869 870 3905 :
912 3870 932 3905 ι
971 3851 1029 3910 Si
1061 3857 1224 3928 igitur
1251 3858 1305 3911 in
1338 3855 1543 3913 duabus
1564 3860 1851 3917 contrariis
1895 3878 2022 3930 pro—

434 3942 759 4010 prietatibus
788 3953 982 4000 natura
1011 3948 1190 4003 carnis
1227 3958 1280 4003 et
1296 3948 1596 4005 divinitatis
1627 3952 2018 4019 consideratur,

434 4035 707 4102 quomodo
740 4049 846 4091 una
874 4045 1065 4092 natura
1127 4040 1246 4096 dua:
1270 4042 1437 4098 sunt?
1468 4061 1487 4096 ι

507 4141 733 4199 Joannis
747 4145 1117 4217 Chrysostomi
1131 4166 1195 4207 ex
1211 4153 1384 4221 prima
1399 4157 1623 4226 epistola
1639 4158 1705 4213 ad
1725 4159 2015 4214 Acacium:

441 4252 462 4286 ι
502 4233 679 4290 Unum
705 4235 926 4303 Filium,
988 4242 1149 4297 unam
1172 4257 1463 4313 personam
1495 4255 1724 4316 utraque
1768 4249 2018 4305 absolve-

436 4333 605 4391 runt,
672 4340 795 4395 quaa
865 4329 1079 4385 ratione
1134 4333 1447 4390 indivisibili
1519 4336 1638 4391 sine
1698 4338 2019 4395 confusione

434 4417 802 4486 cognoscitur,
839 4433 948 4473 non
977 4420 1029 4475 in
1063 4436 1167 4476 una
1196 4422 1313 4479 sola
1346 4435 1563 4492 natura,
1596 4427 1697 4483 sed
1726 4428 1776 4482 in
1810 4427 2017 4486 duabus

432 4506 706 4577 perfectis.
750 4523 777 4560 ν

504 4623 585 4678 Ex
609 4623 797 4681 eadem
827 4627 1056 4698 epistola
1099 4646 1113 4686 :
1151 4650 1170 4683 ι
1210 4629 1383 4686 Unum
1431 4632 1627 4688 Filium
1660 4636 2017 4707 unigenitum,

434 4732 543 4773 non
568 4720 621 4772 in
656 4721 903 4789 geminos
931 4723 1164 4779 divisum
1193 4724 1357 4789 ﬁlios,
1394 4725 1489 4781 sed
1545 4727 1775 4783 duarum
1836 4738 2018 4785 tamen

434 4820 749 4866 naturarum
806 4814 1249 4885 i‘nseparabilium
1303 4819 1530 4875 minime
1581 4819 1839 4878 confusas
1875 4822 1928 4876 in
1959 4836 2019 4877 se

430 4901 791 4971 proprietates
809 4917 1241 4963 conservantem.
1280 4927 1301 4959 ι

503 5014 757 5084 Ejusdem
801 5033 867 5072 ex
905 5022 1152 5076 oratione
1202 5023 1254 5076 in
1300 5022 1593 5078 Latronem
1630 5040 1643 5077 :
1684 5043 1701 5075 ι
1740 5024 1867 5079 Dum
1922 5043 2019 5081 na-

433 5115 568 5163 tura:
593 5118 645 5162 ct
676 5111 917 5165 actiones
945 5112 997 5166 iu
1026 5112 1242 5169 Christo
1270 5126 1416 5182 sunt,
1447 5116 1544 5172 sed
1575 5132 1675 5171 una
1706 5132 1959 5186 persona.
1991 5137 2009 5169 ι

500 5319 684 5391 Cyrilli
715 5321 1050 5378 Alexandria
1112 5324 1526 5395 archiepiscopi,
1555 5338 1622 5380 ex
1672 5325 1906 5379 secunda
1949 5328 2014 5381 ad

432 5412 769 5469 Succensum
835 5416 1065 5483 epistola
1118 5433 1131 5471 :
1182 5436 1201 5469 ι
1233 5416 1366 5471 Post
1424 5417 1864 5486 conjunctionem
1916 5436 2015 5474 na-

431 5514 584 5559 turas
621 5522 729 5561 non
762 5522 1099 5575 separamus.
1136 5527 1155 5560 ι
1190 5507 1255 5563 Et
1285 5510 1446 5577 paulo
1468 5520 1590 5579 post
1624 5529 1636 5563 :
1672 5530 1689 5561 ι
1736 5510 1881 5567 Duas
1915 5529 2013 5567 na-

2130 3253 2283 3307 μεσε.
2312 3256 2334 3290 ο

2201 3350 2309 3404 Τοῦ
2355 3351 2523 3405 αυτοῦ
2561 3354 2626 3406 ὲκ
2661 3356 2771 3406 τῶν
2798 3354 2932 3423 πρὸς
2975 3353 3278 3425 Γρατιανὸν
3309 3352 3402 3407 τὸν
3441 3351 3665 3423 βασιλέα
3698 3368 3716 3384 ο

2133 3458 2155 3492 ι
2191 3440 2519 3510 Φυλάξωμεν
2566 3444 2664 3512 τὴν
2714 3443 2979 3513 διαφορὰν
3027 3444 3126 3513 τῆς
3171 3442 3424 3514 Θεότητος
3464 3446 3560 3496 καὶ
3614 3442 3721 3511 τῆς

2127 3534 2354 3603 σαρκός.
2382 3528 2475 3598 Εἷς
2507 3534 2617 3603 γὰρ
2643 3535 2700 3588 ὲν
2730 3535 2973 3606 ἑκατέρᾳ
2998 3534 3155 3588 λαλεῖ
3182 3536 3209 3588 ό
3242 3533 3335 3587 τοῦ
3368 3531 3505 3587 Θεοῦ
3561 3532 3713 3597 Υἱὸς,

2126 3627 2322 3698 ἐπειδὴ
2341 3627 2412 3680 ἐν
2433 3627 2586 3697 αὐτῷ
2615 3628 2857 3699 ἑκατέρα
2889 3628 3051 3699 φύσις
3078 3627 3218 3685 ἔστί.
3258 3645 3278 3680 ι

2196 3738 2501 3809 Γρηγορίου
2534 3740 2760 3810 Νύσσης
2786 3741 2851 3793 ἐκ
2879 3740 2973 3795 τοῦ
2999 3740 3161 3809 λόγου
3196 3741 3292 3795 τοῦ
3332 3739 3479 3794 κατὰ
3513 3738 3714 3793 ’Δπολ-

2124 3828 2365 3900 λιναριου
2394 3848 2408 3862 ·
2444 3849 2461 3882 ι
2504 3831 2565 3883 Εἰ
2591 3830 2683 3883 οὖν
2709 3833 2821 3890 τοῖς
2853 3832 3194 3895 ὑπεναντίοις
3230 3831 3520 3901 ίδιώμασιν
3548 3832 3581 3901 ἡ
3613 3830 3713 3884 Θα-

2122 3923 2284 3991 τέρου
2330 3922 2539 3975 τούτων
2595 3921 2885 3992 θεωρεῖται
2934 3924 3117 3991 φύσις,
3173 3923 3274 3991 τῆς
3321 3923 3432 3993 γὰρ
3485 3924 3715 3993 σαρκὸς,

2123 4012 2297 4082 λέγω,
2353 4014 2449 4067 καὶ
2480 4014 2582 4084 τῆς
2609 4012 2907 4084 θεότητος,
2944 4014 3062 4077 πῶς
3096 4012 3193 4083 μία
3220 4014 3275 4068 αί
3304 4013 3399 4067 δύο
3432 4013 3591 4068 εἰσίν.
3616 4031 3637 4065 ι

2203 4128 2460 4183 Ἰωάννου
2511 4128 2607 4181 τοῦ
2652 4130 3046 4200 Χρυσοστόμου
3096 4129 3162 4182 ἐκ
3207 4129 3307 4195 τῆς
3360 4128 3499 4199 πρὸς
3552 4126 3713 4180 Ἀκά-

2124 4242 2245 4280 κιον
2293 4222 2345 4278 α’
2375 4223 2676 4293 ἐπιστολῆς
2713 4238 2728 4254 ⁸
2779 4243 2799 4277 ί
2828 4224 2965 4278 Ἕνα
3015 4225 3167 4289 Υίδν,
3208 4223 3268 4277 ἒν
3313 4222 3608 4294 πρόσωπον
3640 4222 3721 4276 τὰ

2125 4320 2517 4390 συναμφότερα
2537 4317 2858 4383 ἀπετέλεσε,
2877 4318 3280 4388 γνωριζόμενον
3319 4317 3505 4387 μέντοι
3538 4316 3719 4382 ἀσυγ-

2122 4416 2303 4488 χύτως
2361 4416 2657 4487 ἀδιαιρέτῳ
2695 4415 2840 4484 λόγῳ
2902 4415 3004 4467 οὐκ
3058 4415 3117 4466 ὲν
3178 4414 3279 4483 μιᾷ
3343 4410 3485 4485 μόνῃ
3525 4409 3718 4480 φύσει,

2046 4510 2242 4579 οηάλλ’
2272 4512 2332 4564 ὲν
2359 4508 2484 4563 δυσὶ
2505 4509 2762 4571 τελείαις.
2803 4524 2822 4558 ι

2204 4628 2302 4683 Ἐκ
2335 4630 2435 4699 τῆς
2461 4626 2633 4695 αὐτῆς
2656 4626 2969 4694 ἐπιστολῆς·
3005 4626 3175 4679 σ”Ενα
3203 4624 3332 4679 Tibi:
3357 4620 3620 4693 μονογενῆ
3649 4620 3712 4673 οὐ

2119 4719 2498 4790 διαιρούμενον
2549 4719 2777 4782 είςυὶὦν
2827 4718 3016 4783 δυάδα,
3076 4717 3313 4786 φέροντα
3361 4716 3417 4770 δὲ
3450 4716 3600 4785 ὅμως
3653 4715 3713 4765 ἐν

2120 4814 2271 4883 αὑτῷ
2319 4813 2429 4866 τῶν
2481 4813 2808 4883 ἀχωρίστων
2852 4813 2944 4868 δύο
2992 4812 3209 4882 φύσεων
3242 4809 3586 4880 ἀσυγχύτους
3612 4808 3711 4869 τὰς

2124 4907 2416 4976 ἰδιότητας.
2444 4924 2465 4957 ν

2190 5018 2297 5073 Τοῦ
2334 5020 2500 5074 αὐτοῦ
2562 5021 2631 5074 ὲκ
2663 5020 2757 5074 τοῦ
2787 5020 2986 5085 εἰςτδν
3011 5019 3232 5092 Λῃστὴν
3284 5020 3445 5089 λόγου
3484 5036 3497 5051 ⁸
3540 5037 3558 5071 ι
3606 5015 3711 5069 Δύο

2120 5114 2312 5185 φύσεις
2365 5116 2461 5168 καὶ
2511 5115 2781 5185 ὲνὲργειαί
2808 5117 2949 5169 εἰσιν
3005 5117 3065 5169 ὲν
3089 5114 3330 5187 Χριστῷ,
3366 5114 3462 5186 μία
3497 5114 3554 5167 δὲ
3581 5111 3715 5166 ὑπό-

2122 5224 2331 5272 στασις.
2365 5224 2383 5258 ι

2193 5320 2465 5392 Κυρίλλου
2519 5320 2931 5392 Ἀλεξανδρείας
2977 5324 3043 5375 ἐκ
3079 5324 3177 5391 τῆς
3209 5320 3254 5393 β’
3282 5322 3420 5393 πρὸς
3464 5318 3713 5373 Σούκεν-

2124 5433 2217 5470 σον
2240 5417 2555 5487 ἐπιστολῆς
2586 5436 2603 5468 ι
2630 5415 2785 5468 Μετὰ
2822 5418 3005 5488 μέντοι
3032 5416 3130 5487 τὴν
3159 5416 3357 5470 ἕνωσιν
3381 5414 3441 5467 οὺ
3462 5412 3709 5484 διαιροῦ-

2121 5526 2222 5577 μεν
2247 5512 2346 5573 τὰς
2373 5510 2563 5578 φύσεις
2580 5508 2674 5562 ἀπ’
2701 5509 2967 5581 ἀλλήλων.
3001 5528 3020 5562 ι
3045 5510 3151 5565 Καὶ
3179 5509 3295 5579 μετ’
3323 5508 3480 5572 ὀλίγα
3502 5523 3516 5537 ο
3551 5524 3570 5557 ί
3606 5505 3713 5558 Δύο

429 5604 582 5651 iuras
617 5614 735 5651 esse
786 5599 1111 5667 conjunctas
1181 5600 1436 5656 dicimus.
1484 5621 1503 5652 ι
1545 5601 1611 5656 Ει
1642 5620 1859 5659 rursum
1891 5620 2014 5676 pro-

2126 5603 2217 5664 εὰς
2239 5604 2431 5670 φύσεις
2453 5601 2593 5656 εἶναί
2625 5604 3133 5673 φαμενὲνωθείσας.
3162 5623 3177 5655 ι
3207 5605 3317 5657 Καὶ
3347 5602 3505 5664 αὖθις
3527 5616 3712 5669 παρα-

430 5685 681 5749 gredicns
740 5689 1181 5758 interpretatur,
1246 5709 1354 5762 quo
1400 5709 1563 5749 sensu
1630 5698 1758 5751 alihi
1816 5698 2015 5755 dixerit

2126 5696 2323 5749 κατιὼν
2348 5697 2663 5765 ἐρμηνεύει,
2714 5696 2831 5757 πῶς
2879 5695 3034 5749 εἶπεν
3089 5698 3325 5765 ἀλλαχοῦ
3362 5695 3491 5764 μίαν
3544 5693 3711 5759 φύσιν

434 5789 595 5832 unam
644 5780 736 5835 Dei.
790 5780 950 5838 Verbi
1031 5797 1274 5843 naturam
1337 5804 1555 5845 carnem
1615 5793 2011 5863 assumpsisse:

2126 5790 2211 5843 τοῦ
2262 5789 2398 5843 Θεοῦ
2450 5790 2623 5857 Λόγου
2664 5790 3114 5863 σεσαρκωμένην,
3159 5813 3173 5840 ι
3206 5789 3267 5842 Εἰ
3306 5789 3405 5861 μὲν
3432 5787 3538 5857 γὰρ
3576 5784 3707 5857 μίαν
