4082 6456
409 367 544 434 1081

1343 367 1720 429 PANOPLIA
1765 370 2236 432 DOGMATICA.
2281 394 2346 408 *-
2382 371 2537 438 ΤῙΤ.
2590 372 2751 437 XVI.

3543 374 3689 440 1082

379 480 634 538 ε’πόντες
655 476 755 530 τοῦ
772 476 946 544 Λόγου
973 473 1266 545 τὴνφύσιν
1296 478 1690 546 σεσιγὴκαμεν,
1723 478 1824 531 οὐκ
1856 480 1965 531 έπε·

2090 496 2109 530 ι
2148 479 2204 533 Si
2236 482 2380 533 cnim
2404 520 2419 543 ,
2460 480 2670 548 inquit.
2708 479 2955 536 dicentes
3009 495 3172 536 unam
3232 480 3393 537 Verbi
3427 494 3675 539 naturam

382 569 679 637 νεγκόντες
711 568 772 619 τὸ
804 565 1254 637 σεσαρκωμένην,
1302 568 1418 619 ἀλλ’
1449 563 1562 620 οἷον
1592 568 1697 632 ἔξω
1735 568 1982 633 τιθέντες

382 669 489 726 τὴν
556 658 904 728 οἰκονομίαν,
956 654 1024 728 ἦν
1048 658 1228 721 αὐτοῖς
1253 658 1393 728 τάχα
1433 676 1535 712 που
1572 660 1665 712 καὶ
1694 659 1794 714 οὐκ
1849 659 1982 714 ἀπίο

391 753 554 813 θανος
590 752 619 802 ό
644 750 823 817 λόγος,
855 750 1066 819 ἐρωτᾷν
1097 748 1199 802 ποῦ
1231 749 1292 801 τὸ
1336 749 1548 802 τέλειον
1599 751 1657 803 ἓν
1695 746 1983 822 ἀνθρωπό-

387 855 539 905 τττι,
572 838 605 909 ἢ
656 838 776 899 πῶς
812 838 1121 907 ὑφέστηκεν
1149 838 1181 908 ἡ
1213 836 1338 890 καθ’
1390 839 1538 908 ἡμᾶς
1571 838 1753 891 οὐσία·
1792 839 1982 909 ἐπειδὴ

390 930 447 980 δὲ
491 930 586 981 καὶ
614 931 648 998 ἡ
681 932 741 981 ὲν
772 928 1152 999 ἀνθρωπότητι
1204 927 1501 998 τελειότης.
1539 930 1634 981 καὶ
1664 930 1767 998 τῆς
1795 929 1982 999 καθ’ἠ-

393 1023 501 1088 pi;
541 1018 732 1081 οὐσίας
777 1020 809 1087 ἠ
853 1017 1084 1086 δήλωσις
1117 1018 1537 1087 είσκεκόμισται
1603 1019 1692 1071 διὰ
1747 1019 1842 1071 τοῦ
1894 1018 1983 1071 λέ-

388 1126 512 1172 γειν
563 1108 1015 1179 σεσαρκωμένην,
1078 1108 1484 1161 παυσάσθωσαν
1530 1108 1839 1177 καλαμίνην
1886 1108 1984 1179 ῥά-

391 1199 515 1252 σιῖον
538 1200 752 1263 ἑαυτοῖς
783 1200 1213 1269 ὑποστήσαντες.
1245 1218 1265 1251 ι
1916 1216 1923 1223 ·

483 1379 579 1433 Ἐκ
608 1381 708 1450 τῆς
742 1380 915 1448 αὐτῆς
966 1378 1261 1448 ἐπιστολῆς
1310 1394 1326 1409 ο
1381 1397 1400 1430 ι
1444 1378 1744 1448 Ὀρθότατα
1781 1378 1836 1431 δὲ
1889 1376 1983 1431 καὶ

387 1472 534 1524 πάνυ
569 1470 917 1524 συνετώτατα
961 1473 986 1538 ἦ
1023 1472 1089 1541 σὴ
1141 1472 1412 1538 τελειότης
1461 1470 1555 1521 τὶν
1594 1471 1719 1538 περὶ
1754 1467 1847 1521 τοῦ
1878 1486 1984 1521 σω-

385 1561 584 1631 τηρίου
620 1562 833 1625 πάθους
876 1562 1157 1615 ἐκτίθεται
1187 1561 1367 1621 λόγον.
1402 1560 1503 1614 οὐκ
1533 1560 1697 1612 αὑτὸν
1757 1559 1850 1611 τὸν
1883 1575 1981 1626 μοι

383 1655 585 1722 νογενῆ
628 1653 757 1706 Υίὸν
789 1653 882 1706 τοῦ
917 1652 1077 1720 Θεοῦ,
1116 1652 1253 1706 καθὸ
1282 1655 1489 1705 νοεῖται
1552 1653 1645 1704 καὶ
1678 1653 1794 1704 ἔστι
1850 1650 1982 1711 Θεὸς

386 1745 586 1797 παθεῖν
615 1744 696 1807 είς
724 1744 825 1815 τὴν
866 1746 1001 1799 ίὸίαν
1046 1746 1209 1813 φύσιν
1260 1744 1354 1797 τοῦ
1392 1744 1646 1813 σώματος
1700 1743 1978 1814 ἰσχυριζο-

389 1840 552 1909 μένη,
586 1838 781 1893 παθεῖν
823 1838 880 1890 δὲ
922 1839 1125 1907 μᾶλλον
1151 1840 1217 1908 τῇ
1246 1840 1405 1907 χοῖκῇ
1442 1837 1627 1906 φύσει.
1669 1854 1688 1887 ι

456 2018 565 2072 Τοῦ
603 2019 772 2072 αὐτοῦ
818 2021 879 2073 ὲκ
916 2017 1013 2072 τοῦ
1046 2017 1184 2088 πρὸς
1235 2019 1611 2088 Ἀλεξανδρεῖς
1657 2033 1981 2086 προσφωνη-

380 2110 542 2163 τικοῦ
574 2110 778 2177 λόγουο
811 2128 832 2161 ι
888 2110 965 2171 Ἦη
1007 2111 1105 2180 μὲν
1154 2111 1459 2180 σύγκρασις
1514 2109 1822 2179 ἀφανισμὸν
1867 2109 1979 2161 τῶν

379 2204 602 2272 φύσεων
628 2205 944 2274 ἐργάζεται,
990 2206 1020 2274 ἡ
1066 2204 1121 2256 δὲ
1152 2204 1395 2275 apparo;
1429 2205 1625 2265 ἕνωσις
1667 2202 1821 2269 παρὰ
1867 2201 1977 2254 τῶν

378 2294 562 2365 ὀρθῶς
593 2296 940 2365 φρονούντων
984 2295 1401 2365 ὁμολογουμένη
1436 2293 1759 2365 ἀμφοτέρας
1812 2293 1978 2360 ἀσυγ-

376 2387 578 2456 χύτους
625 2388 789 2452 σώζει
829 2390 929 2451 τὰς
969 2388 1187 2455 φύσεις.
1233 2406 1252 2440 ι

466 2481 561 2532 Ἐκ
627 2482 721 2532 τοῦ
795 2480 963 2531 αὑτοῦ
1000 2479 1160 2546 λόγου
1208 2496 1223 2511 ο
1262 2498 1280 2531 ι
1320 2479 1443 2531 Τῶν
1490 2478 1583 2532 δύο
1616 2477 1833 2547 φύσεων
1866 2480 1975 2532 τῶν

374 2572 740 2641 ἑτεροουσίων
812 2570 1014 2623 ἑν¹ένὶ
1060 2571 1284 2641 Χριστῷ
1348 2573 1462 2641 1⁸ίῷ
1518 2571 1634 2645 ὄντι
1686 2572 1780 2623 τοῦ
1837 2572 1973 2625 Θεοῦ

375 2662 723 2730 σωζομένων.
759 2665 852 2714 καὶ
901 2664 1038 2731 μήτε
1080 2663 1529 2734 συγκεχυμένων,
1554 2664 1692 2733 μήτε
1738 2663 1972 2716 ἀπολλυ-

376 2756 578 2827 μένων,
612 2756 1058 2828 ἧδιαιρεθεισῶν.
1091 2774 1112 2809 ι

448 2934 557 2990 Τοῦ
624 2937 793 2991 αὐτοῦ
873 2940 937 2991 ἐκ
982 2939 1080 3009 τῆς
1120 2939 1422 3011 ἑρμηνείας
1476 2939 1614 3010 πρὸς
1679 2939 1970 3012 Ἐϐραίους

386 3028 710 3099 Ἐπιστολῆς
753 3045 768 3060 ο
817 3047 836 3081 ι
873 3031 981 3082 Καὶ
1012 3031 1073 3083 οὐ
1112 3032 1287 3101 δήπου
1321 3030 1504 3100 φαμὲν
1539 3030 1804 3100 ἀνάχυσιν
1858 3031 1967 3084 ὥσ-

2088 580 2411 633 taceremus,
2444 586 2544 625 nec
2573 571 2968 639 subjiceremus
3016 572 3147 625 illud
3209 588 3428 627 carnem
3471 590 3679 629 assum~

2086 664 2279 731 psisse,
2324 666 2417 720 sed
2479 663 2936 731 dispensationem
2993 665 3393 735 quodammodo
3423 669 3681 723 exclude-

2085 771 2290 819 rcmns,
2322 756 2515 810 merito
2543 756 2773 810 fortasse
2808 766 3139 824 quairerent.
3167 758 3387 812 ubinam
3447 771 3590 815 esset
3627 761 3679 815 in

2083 847 2420 902 humanitate
2452 847 2729 914 perfectio,
2760 859 2851 900 aut
2880 848 3153 914 quomodo
3182 850 3413 904 humana
3442 854 3679 905 essentia

2085 940 2429 994 subsisteret.
2472 939 2541 993 At
2597 940 2853 1009 quoniam
2890 948 2944 991 et
2999 940 3356 994 humanitatis
3388 940 3675 1009 perfectio,

2085 1042 2136 1085 et
2164 1032 2416 1084 essentia;
2440 1042 2639 1085 nostra:
2673 1030 2967 1083 declaratio
2992 1044 3055 1082 ex
3078 1028 3256 1083 verbis
3294 1029 3420 1092 illis,
3454 1044 3677 1083 carnem

2084 1120 2464 1188 “sumpsisse,
2519 1121 2883 1173 demonstrata
2918 1127 3024 1184 est,
3050 1128 3264 1174 cessent
3297 1119 3508 1189 sibique
3546 1119 3681 1190 ipsis

2085 1213 2441 1266 aru.nlineam
2468 1212 2674 1281 virgam
2707 1210 2990 1281 objiciant.
3009 1227 3028 1261 ι

2152 1389 2231 1443 Ex
2268 1388 2457 1442 eadem
2510 1389 2737 1458 epistola
2767 1406 2783 1439 -.
2816 1406 2835 1439 ι
2869 1386 3198 1443 Rectissime
3248 1392 3301 1440 et
3353 1385 3677 1455 prudentis-

2083 1488 2222 1535 sime
2256 1481 2516 1547 perfectio
2549 1492 2638 1532 tua
2681 1482 2747 1535 de
2808 1482 3035 1535 salutari
3088 1480 3335 1533 cruciatu
3393 1489 3447 1531 et
3502 1488 3678 1531 morte

2085 1576 2346 1628 rationein
2376 1574 2750 1642 exponit,dnm
2776 1572 2949 1640 ipsum
2974 1570 3314 1640 unigenitum
3341 1568 3536 1621 Filium
3559 1567 3677 1629 Dei.

2083 1677 2345 1733 quatenus
2379 1664 2699 1732 intelligitur
2730 1674 2785 1718 et
2814 1675 2894 1716 est
2931 1663 3091 1726 Dens,
3149 1662 3202 1714 in
3232 1671 3423 1715 natura
3459 1662 3678 1729 propria

2082 1774 2299 1828 passum
2320 1772 2441 1811 esse
2470 1758 2584 1822 illa,
2614 1772 2733 1826 quae
2753 1757 3000 1824 corporis
3042 1766 3196 1816 sunt,
3260 1763 3441 1822 negat,
3474 1754 3568 1806 sed
3612 1765 3679 1804 ea

2013 1830 2054 1885 Β
2084 1852 2263 1917 potius
2314 1850 2555 1902 terrestri
2594 1858 2784 1901 natura
2816 1847 3104 1915 pertulisse
3135 1845 3445 1899 confirmat.
3480 1861 3498 1895 ι

2151 2024 2228 2077 Ex
2290 2026 2559 2086 oratione.
2620 2041 2779 2093 quam
2840 2025 2905 2078 ad
2972 2023 3373 2078 Alexandrinos
3426 2024 3673 2079 habuit:

2088 2133 2106 2166 ι
2143 2114 2468 2172 Commistio
2497 2119 2720 2171 adducit
2755 2118 3031 2171 interitum
3100 2126 3441 2181 naturarum,
3474 2134 3671 2171 arcana

2078 2221 2207 2259 vero
2250 2207 2584 2276 conjunctio,
2617 2222 2778 2273 quam
2814 2217 2958 2260 recte
2988 2207 3237 2260 sentient
3260 2220 3287 2260 ε
3322 2208 3674 2271 confitentur,

2078 2312 2339 2368 utrasque
2359 2301 2480 2353 sine
2512 2298 2830 2354 confusione
2884 2312 3111 2355 naturas
3154 2308 3359 2356 tuetur.
3401 2318 3420 2352 ι

2145 2485 2219 2537 Ex
2259 2485 2447 2539 eadem
2484 2485 2730 2537 oratione
2763 2501 2779 2537 :
2807 2503 2824 2534 ι
2877 2482 3002 2539 θυαε
3028 2494 3235 2539 naturae
3282 2483 3538 2537 diversas
3575 2482 3673 2534 ha-

2073 2577 2265 2631 bentes
2295 2576 2563 2630 essentias
2598 2577 2647 2628 in
2690 2590 2796 2628 uno
2824 2574 3043 2628 Christo
3072 2574 3211 2627 Filio
3276 2573 3368 2625 Dei
3438 2588 3671 2626 servan-

2076 2673 2185 2727 tur,
2207 2675 2389 2717 etnon
2418 2665 2847 2729 confunduntur,
2874 2680 2973 2719 nec
3009 2666 3329 2734 perduntur,
3347 2671 3441 2715 aut
3467 2663 3674 2715 distra-

2075 2754 2303 2808 huutur.
2333 2773 2350 2805 ι
2452 2758 2455 2761 ’

2143 2939 2397 3007 Ejusdem
2440 2954 2505 2995 ex
2547 2938 2973 2994 Commentariis
3025 2939 3077 2992 iu
3136 2936 3437 2999 Epistolam
3464 2937 3528 2990 ad
3558 2935 3670 2989 lle-

2070 3031 2247 3084 bra’os
2278 3049 2290 3083 :
2328 3051 2345 3082 ι
2386 3032 2449 3085 Et
2479 3047 2583 3086 non
2625 3032 2860 3086 dicimus
2891 3032 3181 3100 quamdam
3204 3030 3368 3083 veluti
3392 3029 3672 3084 confusio-

373 3133 482 3188 περ
534 3119 659 3172 τινὰ
692 3119 970 3189 συμόἧναι
1007 3121 1136 3189 περὶ
1171 3120 1269 3182 τὰς
1315 3119 1530 3189 φύσεις,
1571 3121 1648 3182 ὼς
1687 3122 1965 3190 μεταστῆ-

2071 3138 2197 3177 nem
2226 3125 2279 3177 in
2304 3126 2512 3179 naturis
2531 3124 2816 3188 accidisse,
2849 3135 2905 3176 ut
2930 3123 3090 3177 Verbi
3121 3131 3316 3173 natura
3348 3120 3398 3173 in
3429 3120 3667 3175 hominis

374 3226 465 3264 ναι
503 3211 603 3279 μὲν
645 3210 744 3280 τὴν
764 3210 859 3265 τοῦ
915 3212 1089 3279 Λόγου
1124 3211 1288 3281 φύσιν
1323 3213 1403 3276 εἰς
1432 3213 1531 3283 τὴν
1556 3212 1648 3264 τοῦ
1672 3212 1964 3282 ἀνθρώπου

371 3303 558 3372 ταχὺν,
596 3302 1029 3373 μεταποιηθῆναι
1055 3303 1112 3356 δὲ
1152 3304 1248 3375 τὴν
1272 3304 1627 3375 ἀνθρωπίνην
1652 3305 1733 3367 είς
1750 3303 1852 3374 τὴν
1871 3304 1965 3357 τοῦ

370 3397 570 3461 Λόγου.
610 3413 629 3446 ι

454 3490 552 3542 Ἐκ
578 3492 675 3558 τῆς
706 3490 873 3561 αὐτῆς
898 3489 1195 3559 ἐπιστολῆς
1236 3506 1252 3523 ο
1297 3506 1317 3542 ι
1350 3491 1658 3553 Φάσκοντες
1703 3486 1844 3543 εἶναι
1876 3509 1966 3545 σο-

373 3580 466 3644 φοὶ
496 3578 923 3649 ἐμωράνθησαν,
968 3579 1392 3642 ἀποδιιστῶντες
1425 3579 1673 3649 ἀλλήλων
1701 3580 1799 3641 τὰς
1860 3579 1961 3647 φύ-

373 3689 509 3736 σεις.
545 3695 564 3726 ι

443 3764 728 3818 Τοσούτων
767 3762 869 3833 μὲν
895 3757 988 3817 οὖν
1012 3762 1185 3831 ἁγίων
1230 3764 1457 3835 χρήσεις
1496 3757 1658 3819 αὗται
1690 3764 1820 3838 περὶ
1852 3766 1960 3821 τῶν

373 3858 465 3911 δίο
501 3858 594 3910 τοῦ
622 3856 864 3928 Χριστοῦ
894 3855 1130 3924 φύσεων,
1165 3856 1252 3910 ἴνα
1277 3858 1375 3919 τὰς
1407 3856 1518 3911 τῶν
1568 3856 1745 3911 ἄλλων
1776 3859 1959 3928 παρῶ-

376 3969 474 4018 μεν
514 3951 714 4014 πολλὰς
747 3949 911 4011 οὔσας
948 3963 962 3978 ⁶
997 3951 1024 4000 ό
1058 3949 1114 4002 δὲ
1172 3948 1439 4018 θεήλατος
1501 3948 1742 4019 Σευῆρος
1795 3950 1853 4001 ὲν
1889 3952 1955 4021 τῇ

373 4042 585 4096 ἐκθέσει
643 4044 745 4113 τῆς
800 4042 1042 4102 πίστεως
1080 4040 1246 4095 αὑτοῦ
1306 4041 1482 4094 τοιάδε
1540 4043 1724 4111 φησί’
1764 4043 1868 4094 ιΤὸ
1898 4042 1957 4096 δὲ

373 4136 551 4202 λέγειν
588 4135 680 4188 δύο
708 4136 900 4201 φύσεις
936 4133 1031 4185 ἐπὶ
1081 4133 1321 4202 Χριστοῦ
1375 4133 1559 4202 πάσης
1616 4133 1956 4203 κατηγορίας

372 4226 488 4279 ἐστὶ
531 4227 752 4294 μεστὸν.
800 4227 850 4276 εξ
887 4224 980 4277 καὶ
1009 4224 1113 4276 ὑπὸ
1163 4222 1430 4277 πλειόνων
1474 4222 1649 4291 ἁγίων
1693 4223 1957 4292 Πατέρων

372 4318 675 4389 ἀμέμπτως
700 4318 938 4389 είρηται.
970 4335 991 4369 ι
1018 4316 1127 4370 Καὶ
1153 4316 1271 4386 μα’
1298 4316 1456 4386 ὀλίγα
1483 4333 1498 4347 ·
1525 4316 1667 4370 «Καὶ
1691 4317 1766 4387 μὴ
1789 4317 1955 4371 πάλιν

372 4416 560 4487 εἱπῃς,
587 4413 662 4475 ὡς
693 4415 758 4480 τῇ
785 4410 931 4475 λέξει
959 4410 1068 4462 τῶν
1094 4409 1188 4462 δύο
1228 4407 1445 4477 φύσεὼν
1475 4424 1621 4472 τινες
1643 4410 1752 4463 τῶν
1783 4411 1955 4465 Πατέ-

2074 3226 2320 3269 naturam
2343 3226 2675 3271 commutata
2699 3219 2849 3281 sit,et
2869 3216 3107 3270 hominis
3124 3226 3316 3267 natura
3340 3213 3664 3266 inmaturam

2070 3308 2252 3363 Verbi.
2298 3326 2317 3359 ι

2137 3486 2214 3540 Ex
2243 3485 2431 3538 cadem
2471 3483 2707 3552 Epistula
2741 3502 2755 3539 :
2805 3504 2823 3536 ι
2867 3484 3112 3539 Dicente:
3142 3500 3198 3539 se
3245 3500 3364 3540 esse
3393 3486 3664 3557 sapientes

2063 3571 2215 3624 stulti
2252 3571 2381 3625 facti
2406 3580 2556 3633 sunt,
2598 3581 2823 3627 naturas
2844 3573 3235 3629 distrahentes.
3282 3592 3302 3625 ι

2135 3750 2259 3805 llaec
2291 3759 2418 3803 sunt
2448 3749 2513 3805 de
2546 3751 2755 3805 duabus
2808 3751 3011 3807 Christi
3077 3753 3290 3807 naturis
3348 3754 3661 3808 sanctorum

2058 3841 2281 3896 Patrum
2324 3842 2658 3909 testimonia,
2691 3855 2751 3897 ut
2782 3842 2908 3908 alia,
2946 3858 3067 3912 quae
3109 3844 3276 3898 multa
3308 3854 3458 3911 sunt,
3496 3847 3663 3899 omit-

2062 3942 2263 3989 tamus.
2325 3933 2394 3987 At
2435 3947 2464 3986 a
2528 3934 2639 3989 Deo
2709 3933 2943 4002 reiectus
3019 3935 3286 4001 Severus,
3341 3935 3429 3989 ubi
3494 3937 3658 3990 tidem

2057 4039 2213 4080 suam
2240 4022 2495 4092 explicat,
2517 4024 2751 4095 loquitur
2778 4026 2843 4079 ad
2876 4024 3018 4078 hunc
3045 4027 3263 4079 modum
3294 4046 3307 4080 :
3333 4044 3351 4077 ι
3382 4023 3487 4079 Sed
3521 4025 3658 4078 duas

2057 4115 2110 4169 in
2142 4115 2358 4171 Christo
2390 4122 2612 4171 naturas
2663 4115 2844 4169 dicere
2886 4116 3030 4170 omni
3091 4117 3301 4169 ratione
3359 4114 3657 4170 cavendum

2057 4215 2161 4270 est,
2197 4205 2323 4260 licet
2378 4220 2407 4258 a
2454 4205 2825 4273 compluribus
2881 4206 3087 4261 sanctis
3127 4204 3381 4259 Pati-ibus
3415 4206 3531 4259 sine
3565 4220 3651 4257 re-

2057 4300 2423 4370 prehensione
2453 4301 2656 4354 dictum
2710 4300 2799 4354 sit.
2841 4318 2863 4351 ι
2902 4298 2968 4353 Ει
3013 4299 3174 4369 paulo
3229 4306 3353 4369 post
3386 4314 3400 4352 :
3436 4316 3454 4349 ι
3501 4297 3566 4349 Et
3591 4311 3661 4350 ne

2058 4392 2279 4457 dixeris,
2306 4391 2567 4460 quosdam
2601 4408 2630 4447 e
2683 4392 2890 4448 sanctis
2951 4390 3205 4448 Patribus
3237 4395 3461 4446 duarum
3493 4399 3657 4443 natu-

374 4484 484 4572 ρων
542 4506 869 4575 ἐχρήσαντο.
918 4502 1252 4571 Ἐχρήσαντο
1281 4501 1392 4571 γὰρ
1443 4501 1811 4571 ἀδιαΰλήτως,
1875 4503 1952 4567 ὡς

2068 4499 2244 4537 rarum
2276 4484 2512 4539 dictione
2561 4485 2731 4541 fuisse
2797 4500 2945 4541 usos.
2997 4485 3053 4542 ιιι
3104 4488 3250 4542 enim
3313 4487 3433 4540 sine
3479 4501 3661 4556 reprc-

372 4598 731 4665 προεῐπομεν,
762 4597 903 4648 κατὰ
931 4594 987 4647 δὲ
1018 4595 1109 4645 τὸν
1140 4596 1329 4663 χρόνον
1372 4592 1467 4645 τοῦ
1498 4594 1655 4662 ἁγίου
1686 4595 1952 4663 Κυρίλλου

370 4693 467 4757 τῆς
498 4691 656 4742 νόσου
682 4689 791 4739 τῶν
829 4685 1119 4754 Νεστορίου
1155 4686 1501 4752 κενοφωνιῶν
1523 4685 1620 4748 τὰς
1651 4685 1955 4754 ἐκκλησίας

372 4782 793 4850 ἐπινεμομένης,
818 4781 848 4848 ὴ
876 4778 1021 4842 λέξις
1045 4777 1262 4830 ἀπεδοκι
1278 4779 1481 4849 μασθη.
1513 4778 1705 4845 »Εὗγε,
1723 4772 1767 4832 ὦ
1788 4779 1954 4832 κατά·

374 4891 524 4945 pars,
555 4874 637 4927 ὅτι
671 4873 809 4934 τέως
842 4873 1152 4941 χρήσασθαι
1182 4875 1247 4941 τῇ
1284 4873 1424 4935 λέξει
1451 4874 1560 4925 τῶν
1611 4873 1705 4925 δύο
1737 4873 1955 4942 φύσεων

375 4966 684 5034 ἀμέμπτως
732 4964 955 5023 πολλοὺς
988 4962 1096 5015 τῶν
1153 4963 1321 5030 ἁγίων
1361 4963 1635 5033 ’Πατέρων
1671 4967 1764 5017 καὶ
1805 4966 1955 5019 ἄκων

373 5059 757 5128 ὡμολόγησας,
793 5057 1219 5125 εὐλαϐούμενος,
1250 5056 1323 5116 ὡς
1357 5056 1524 5121 ἔοικε,
1560 5058 1661 5125 τὴν
1685 5059 1955 5129 πρόδηλον

372 5152 628 5222 ἀλήθειαν
654 5192 668 5211 ,
702 5151 874 5219 δεῖξον
907 5150 965 5203 δὲ
996 5149 1205 5212 λοιπὸν,
1242 5150 1372 5201 πότε
1422 5148 1516 5202 καὶ
1570 5150 1727 5219 παρὰ
1779 5152 1954 5204 ποίων

373 5245 539 5309 ἁγίων
558 5244 817 5313 Πατέρων
845 5245 877 5312 ή
910 5241 1055 5307 λέξις
1097 5241 1533 5311 ἀπεδοκιμάσθη,
1569 5243 1689 5307 πῶς
1744 5244 1801 5298 δὲ
1845 5245 1953 5316 πρὸ

375 5338 470 5401 μὲν
496 5336 590 5387 τοῦ
622 5334 918 5405 Νεστορίου
946 5334 1039 5386 δύο
1065 5334 1256 5403 φύσεις
1284 5328 1431 5403 εἶχεν
1462 5337 1491 5387 ό
1514 5335 1777 5405 Χριστὸς,
1809 5339 1949 5406 μετὰ

370 5428 423 5480 δὲ
456 5429 547 5481 τὸν
571 5428 870 5497 Νεστόριον
899 5430 956 5481 al
990 5427 1083 5481 δύο
1114 5427 1212 5497 μία
1258 5428 1570 5497 γεγόνασιν,
1633 5429 1949 5483 ἀτοπώτατε

370 5523 460 5572 καὶ
487 5520 775 5573 ἁλλόκοτῖ.

2058 4575 2319 4631 beneione
2352 4588 2404 4630 et
2440 4576 2595 4645 culpa
2642 4576 2912 4642 fecerunt,
2972 4588 3029 4632 ut
3088 4593 3214 4632 ante
3273 4578 3532 4631 diximus.
3590 4566 3657 4628 Δί

2056 4666 2232 4719 sancti
2286 4663 2477 4734 Cyrilli
2522 4676 2762 4736 tempore
2816 4683 2938 4722 cum
2996 4667 3235 4721 inanium
3271 4668 3505 4721 Nestorii
3539 4682 3658 4720 ver-

2055 4757 2246 4812 borum
2316 4761 2482 4828 pestis
2526 4759 2803 4815 Ecclesias
2868 4760 3276 4829 depasceretur,
3325 4761 3439 4816 haec
3489 4759 3657 4814 dictio

2058 4850 2158 4903 fuit.
2210 4853 2569 4921 improbata.»
2602 4852 2784 4923 Euge,
2824 4854 2985 4909 homo
3031 4853 3387 4919 exsecrande,
3443 4854 3657 4923 quando

2056 4941 2253 5006 multos
2286 4952 2598 4998 sanctorum
2652 4943 2872 4999 Patrum
2940 4947 3169 5000 duarum
3208 4958 3522 5000 naturarum
3578 4946 3655 5000 di-

2057 5035 2239 5089 elione
2274 5050 2398 5089 usos
2421 5036 2501 5089 vel
2531 5037 2730 5092 invitus
2764 5037 3048 5093 coiifessus
3081 5055 3163 5106 es,
3196 5043 3558 5110 perspicuam,
3598 5048 3655 5093 ut

2056 5138 2302 5196 apparet,
2327 5128 2528 5183 veritus
2565 5131 2873 5194 veritatem,
2910 5133 3266 5203 ostendejam
3289 5150 3397 5204 quo
3416 5144 3655 5201 tempore

2055 5226 2109 5270 et
2136 5232 2163 5271 ιι
2198 5220 2395 5288 quibus
2438 5221 2641 5277 sanctis
2676 5223 2931 5280 Patribus
2965 5228 3078 5282 btec
3150 5226 3313 5283 dictio
3359 5228 3519 5281 fuerit
3552 5227 3651 5279 im-

2054 5310 2301 5380 probata,
2330 5319 2384 5363 et
2417 5318 2690 5380 quomodo
2720 5318 2851 5372 duas
2885 5329 3011 5373 ante
3068 5317 3379 5373 Nestorium
3416 5328 3650 5397 [naturas

2054 5404 2308 5460 Christus
2395 5405 2667 5473 habuerit,
2733 5420 2857 5480 post
2914 5411 3220 5466 Nestorium
3283 5418 3462 5463 autem
3529 5411 3648 5464 duae

2056 5511 2161 5551 una
2194 5498 2348 5553 facta:
2397 5501 2505 5555 sint
2532 5540 2546 5565 ,
2582 5503 2744 5557 homo
2783 5506 3116 5571 ineptissime
3167 5512 3221 5554 et
3256 5503 3635 5558 inconstantis-

2056 5606 2213 5646 ειιιιε.
