4082 6482
389 360 529 426 1987

462 475 595 541 «Qui
625 473 836 530 duabus
869 472 921 528 in
955 472 1168 528 natur-is
1201 473 1317 528 sine
1341 471 1678 531 confusione.
1709 470 1824 522 sine
1856 483 1976 519 mn-
2006 470 2050 526 Α

387 569 621 631 tatione,
652 566 770 621 sine
795 565 1060 620 divisione
1103 564 1470 633 cognoscitur,
1506 561 1654 614 nullo
1685 563 1842 613 modo
1889 574 1987 610 na-

391 670 636 711 turarum
671 656 976 711 tliﬂerentia
1005 656 1214 710 sublata
1247 665 1468 724 propter
1499 670 1720 708 carnem
1777 668 1990 705 assum-

391 759 560 815 ptam,
581 749 672 800 sed
700 748 986 814 utriusque
1009 753 1216 799 naturae
1243 758 1458 799 servata
1490 744 1908 814 proprietatc,et
1933 741 1986 796 in

393 854 553 890 unam
586 851 880 907 personam
939 849 1102 905 atque
1173 853 1336 890 unam
1390 838 1718 907 Itypostasim
1757 851 1992 890 concur-

392 939 568 984 rente.
604 946 622 978 ι
653 926 878 994 Propter
911 929 1182 980 Asterium
1219 937 1272 982 et
1317 928 1712 995 Apollinarium
1744 935 1798 980 ct
1827 927 1992 987 Eutv-

393 1019 573 1084 citem,
596 1019 685 1087 qui
715 1028 938 1072 naturas
964 1019 1302 1083 dill‘erentes,
1331 1034 1521 1089 nempe
1551 1018 1708 1073 Verbi
1732 1029 1786 1071 et
1808 1017 1991 1074 carnis

390 1109 564 1178 ipsius
594 1127 621 1164 a
650 1125 746 1164 sua
808 1113 1135 1180 proprietate
1187 1113 1506 1174 recessisse,
1560 1120 1788 1164 etuuam
1817 1110 1996 1166 factas

393 1216 517 1256 esse
545 1210 791 1256 naturam
824 1203 1030 1258 dicunt.
1065 1204 1142 1256 Ex
1173 1217 1402 1271 quorum
1439 1203 1695 1272 opinione
1721 1201 1898 1272 sequit
1929 1217 1994 1256 ur

392 1304 454 1346 ut
481 1295 532 1347 in
564 1293 784 1350 Christo
819 1311 917 1351 nec
946 1306 1195 1350 servetur
1238 1297 1380 1364 quod
1451 1297 1669 1360 patibile
1702 1308 1806 1357 est.
1869 1310 1993 1360 pro-

399 1395 520 1453 pter
579 1386 934 1456 impatibilem
988 1390 1106 1456 ejus
1161 1388 1526 1452 divinitatem.
1589 1403 1688 1442 nec
1734 1389 1876 1458 quod
1912 1397 1997 1441 est

395 1477 715 1548 i‘mpatibile,
761 1490 981 1548 propter
1047 1481 1320 1550 patibilem
1378 1480 1548 1552 ipsius
1577 1479 1992 1536 humanitatem.

977 1610 1284 1668 TlTULUS
1332 1611 1498 1670 XVII.

399 1702 716 1782 Διίυετειιε-ίί
727 1708 1296 1782 ῃίιιίιηηοιίοοὶ(αε,ηιιὶ
1324 1715 1482 1770 duces
1504 1717 1800 1772 habuerunt
1815 1717 1995 1774 Iulia-

473 1789 598 1826 num
651 1774 1124 1835 Halicarnasseum
1168 1774 1483 1841 evt'Gat'num
1543 1789 1963 1844 Alexandrinum

473 1859 540 1896 εα-
565 1847 778 1902 scltolit's
811 1849 1024 1905 Leontii
1056 1853 1365 1923 Byzantini.

470 1954 571 2020 Qui
611 1956 826 2012 Julizmo
875 1960 1195 2034 Gaianoque
1223 1968 1538 2024 auctoribus
1576 1969 1992 2039 Aphthirtodo-

400 2045 522 2098 cita:
553 2049 802 2117 appellati
858 2062 1007 2116 sunt,
1032 2069 1153 2108 cum
1189 2056 1310 2111 aliis
1360 2059 1410 2111 in
1452 2060 1799 2127 opinionibus
1870 2078 1992 2116 cum

403 2137 590 2191 chcri
649 2142 930 2211 discipulis
965 2148 1316 2214 conveniant,
1362 2149 1466 2205 hoc
1529 2160 1737 2206 tantum
1775 2154 1846 2208 ab
1889 2154 1997 2208 illis

401 2228 752 2294 dis~entiunt,
787 2233 1090 2302 quodcum
1151 2237 1438 2295 Severiani
1521 2241 1883 2297 diﬂ'erentiam
1945 2245 1996 2297 in

403 2318 623 2375 Christo
647 2325 981 2379 constituant
1011 2337 1130 2396 post
1179 2330 1643 2399 conjunctionem,
1697 2335 2000 2391 Julianistaa

400 2421 456 2463 et
492 2413 784 2469 Gaianistze
839 2433 944 2471 non
988 2421 1161 2474 solum
1222 2424 1452 2477 duarum
1496 2425 1549 2479 in
1598 2426 1820 2481 Christo
1883 2445 1986 2481 na-

404 2514 646 2558 turarum
694 2507 1055 2566 differentiam
1095 2523 1316 2583 negant,
1344 2533 1529 2572 verum
1561 2521 1724 2573 etiam
1782 2521 1998 2576 Domini

404 2611 601 2664 corpus
632 2601 742 2668 jam
783 2602 907 2659 inde
964 2606 1032 2657 ab
1075 2608 1190 2677 ipsa
1227 2607 1554 2664 formatione
1585 2613 2000 2684 incorruptibile

405 2685 579 2741 fuisse
597 2689 912 2758 opinantur,
940 2711 1004 2748 ex
1032 2711 1139 2764 quo
1170 2708 1298 2750 sunt
1341 2714 1640 2766 cognomen
1701 2701 2002 2757 consecuti.

405 2777 485 2830 Ac
520 2776 802 2832 Dominum
839 2782 1056 2850 quidem
1091 2786 1368 2841 molestias
1389 2799 1442 2842 et
1496 2791 1770 2843 cruciatus
1822 2801 2004 2859 pertu-

406 2866 534 2920 lisse
564 2869 772 2936 dicuut,
805 2884 863 2926 ut
892 2874 1120 2942 famem,
1151 2885 1205 2932 et
1231 2878 1402 2944 sitim,
1429 2889 1486 2934 et
1514 2880 1913 2948 lassitudinem,
1945 2893 2001 2938 et

410 2960 643 3029 reliqua,
675 2979 777 3016 non
815 2974 992 3020 tamen
1031 2969 1224 3023 eodem
1266 2986 1375 3041 quo
1411 2987 1509 3028 nos
1577 2974 1738 3030 modo
1764 2989 1828 3029 ea
1859 2958 1988 3044 per-

407 3053 623 3109 tulisse.
655 3053 762 3112 Nos
785 3060 950 3124 enim,
973 3059 1251 3132 inquiunt,
1275 3065 1503 3120 naturali
1537 3068 1858 3123 necessitate
1883 3083 2005 3137 pet-

1643 356 2033 421 EUTIIYMH
2075 358 2142 417 Zl
2155 357 2204 418 G
2221 357 2452 418 ABEN!

2157 484 2176 518 ι
2203 451 2290 520 Ἑν
2323 465 2419 520 δύο
2455 463 2688 533 φύσεσιν
2715 465 3066 535 άσυγχύτως,
3099 464 3232 534 ἀτρέ
3243 481 3413 527 πτως.
3437 465 3685 531 ἀδιαιρέσ

2089 575 2200 622 τως
2242 558 2671 629 γνωριζόμενον,
2730 558 2973 627 οὐδαμοῦ
3004 558 3106 627 τῆς
3165 558 3274 611 τῶν
3316 557 3536 626 φύσεων
3564 558 3684 611 δια-

2092 655 2266 721 φορᾶς
2316 652 2672 723 ἀνῃρημένης
2716 652 2807 706 διὰ
2846 652 2946 722 τὴν
2997 650 3218 714 ἕνωσιν,
3272 648 3594 721 σωζομένης
3623 649 3682 702 δὲ

2095 744 2313 810 μᾶλλον·
2336 744 2434 810 τῆς
2471 725 3038 814 ίδιότητοςὲκατέρας
3097 743 3338 811 φύσεως,
3375 743 3471 796 καὶ
3511 745 3592 805 είς
3622 741 3690 794 ἒν

2092 833 2410 902 πρόσωπον,
2454 833 2547 884 καὶ
2584 834 2714 902 μίαν
2743 832 3046 886 ὑπόστασιν
3087 830 3516 900 συντρεχούσης.
3555 847 3574 880 ι
3597 828 3683 881 Δι’

2106 924 2414 992 Ἀστέριον,
2449 924 2544 976 καὶ
2585 923 3027 992 Ἀπολλινάριον,
3062 922 3159 976 καὶ
3217 921 3457 991 Εὐτυχῆ,
3503 920 3554 974 οἳ
3585 921 3686 982 τὰς

2091 1017 2386 1088 διαφόρους
2418 1015 2634 1086 φύσεις,
2665 1016 2760 1069 τοῦ
2790 1018 2965 1082 Λόγου
3005 1016 3154 1083 λέγω
3199 1015 3294 1069 καὶ
3340 1013 3440 1084 τῆς
3477 1013 3685 1082 σαρκὸς

2093 1110 2283 1172 αὑτοῦ,
2323 1111 2453 1179 μίαν
2495 1113 2661 1179 φύσιν
2691 1109 3146 1162 ἀποτετελεκέναι
3175 1107 3364 1177 φασὶν,
3403 1105 3687 1174 ὲκστάσης

2094 1201 2340 1270 δηλονότι
2373 1201 2470 1270 τῆς
2499 1200 2711 1254 ἑαυτῶν
2748 1200 3035 1269 ίδιότητος,
3061 1200 3137 1262 ὡς
3159 1198 3304 1252 κατὰ
3333 1201 3426 1252 τὸν
3458 1196 3688 1250 ἐκείνων

2094 1292 2255 1360 λόγον
2279 1294 2479 1364 μηκέτι
2499 1293 2766 1347 δύνασθαι
2791 1290 3060 1356 σώζεσθαι
3078 1291 3171 1344 τοῦ
3195 1288 3439 1361 Χριστοῦ
3464 1289 3604 1357 μήτε
3623 1285 3689 1338 τὸ

2099 1385 2344 1455 παθητὸν
2375 1384 2462 1438 διὰ
2491 1384 2550 1437 τὸ
2589 1382 2801 1446 ἀπαθὲς
2829 1382 2994 1435 αὑτοῦ
3019 1382 3118 1451 τῆς
3143 1381 3423 1450 θεότητος,
3461 1379 3601 1448 μήτε
3623 1375 3688 1429 τὸ

2096 1477 2306 1540 ἀπαθὲς
2323 1477 2409 1530 διὰ
2422 1475 2480 1530 τὸ
2497 1475 2740 1546 παθητὸν
2757 1475 2922 1530 αὐτοῦ
2944 1473 3109 1526 πάλιν
3125 1472 3225 1540 τῆς
3239 1471 3338 1525 ἀνθ
3347 1470 3684 1540 ρωπότητος.

2686 1613 2938 1668 ΤΙΤΛΟΣ
2987 1611 3090 1666 lZ'.

2098 1705 2260 1759 Κατὰ
2310 1702 2857 1774 Ἀςρθαρτοδοκιτῶν
2889 1701 3009 1755 τῶν
3047 1701 3167 1774 ἀπό
3219 1699 3690 1774 Ἰουλίαν-οὗμωῦ

2181 1771 2721 1844 Ἁλικαρνασσέως,
2749 1774 2847 1826 καί
2902 1772 3173 1826 Γαϊανοῦ
3200 1772 3338 1844 κτοῦ
3400 1771 3690 1844 ’ᾼλεξαν-

2169 1841 2480 1914 δρέωςζέκ
2530 1843 2650 1897 τῶν
2684 1844 2955 1913 σκολίων
2995 1843 3284 1897 Λεοντίου
3333 1841 3689 1901 Βυζαντίου.

2175 1963 2244 2014 υί
2272 1962 2380 2016 ἀπὸ
2421 1958 2714 2013 Ἰουλιανοῦ
2757 1960 2852 2011 καὶ
2899 1956 3136 2012 Γαῖανοῦ
3195 1956 3692 2029 Ἀφθαρτοδοκῖται

2101 2055 2390 2124 λεγόμενοι
2416 2054 2474 2106 ἑν
2521 2053 2620 2122 μὲν
2653 2055 2764 2114 τοῖς
2801 2051 2985 2113 ἄλλοις
3023 2051 3261 2122 δόγμασι
3313 2049 3694 2121 συμφέρονται

2102 2148 2214 2209 τοῖς
2255 2146 2525 2215 Σευήρου,
2555 2146 2613 2197 ὲν
2643 2143 2820 2214 τούτῳ
2860 2143 2916 2197 δὲ
2972 2143 3137 2212 μόνον
3167 2143 3521 2211 διαφέρονται
3552 2142 3694 2212 πρὸς

2104 2239 2325 2300 αὐτοὺς,
2367 2241 2422 2289 ὲν
2471 2235 2549 2306 τῷ
2589 2235 2775 2304 λέγειν
2823 2237 3070 2297 ἐκείνους
3110 2235 3210 2306 μὲν
3253 2234 3522 2304 διαφορὰν
3552 2234 3692 2304 μετὰ

2101 2329 2201 2400 τὴν
2227 2329 2423 2382 ἕνωσιν
2453 2327 2544 2380 ἐπὶ
2591 2326 2860 2397 Χριστοῦ,
2887 2328 3014 2390 τοὺς
3065 2326 3124 2378 δὲ
3173 2325 3560 2387 ’Ῑουλιανιστὰς
3591 2324 3690 2377 καὶ

2104 2424 2396 2486 Γαῖανίτας
2424 2422 2498 2493 μὴ
2535 2421 2697 2492 μόνον
2722 2420 3010 2493 ἀρνεῖσθαι
3041 2421 3141 2490 τὴν
3162 2420 3431 2490 διαφορὰν
3462 2419 3574 2472 τῶν
3597 2419 3695 2471 δύο

2103 2515 2201 2568 τοῦ
2232 2515 2473 2587 Χριστοῦ
2534 2515 2772 2583 φύσεων,
2817 2513 2952 2566 ἀλλὰ
2978 2512 3070 2566 καὶ
3105 2512 3385 2584 ἄφθαρτον
3425 2511 3698 2582 δογματί-

2107 2609 2231 2675 ζειν
2260 2607 2321 2661 τί)
2376 2607 2538 2678 σῶμα
2592 2605 2686 2659 τοῦ
2731 2604 2971 2676 Χριστοῦ
3023 2604 3082 2672 ἑξ
3114 2605 3288 2675 αὐτῆς
3319 2603 3692 2668 διαπλάσεως.

2106 2701 2220 2756 Καὶ
2241 2703 2309 2754 τὰ
2334 2699 2436 2769 μὲν
2469 2697 2618 2767 πάθη
2659 2697 2918 2764 λέγουσιν
2981 2697 3273 2768 ὑπομείναι
3314 2698 3408 2750 τὸν
3461 2698 3691 2766 Κύριον,

2109 2791 2304 2845 πεϊνάν
2337 2807 2408 2860 φη
2420 2807 2502 2859 μι.
2525 2789 2620 2841 καὶ
2647 2787 2830 2857 δίψαν,
2862 2785 2958 2840 καλ¹
2997 2785 3189 2849 κόπον,
3223 2786 3320 2840 καῖ⁵
3345 2783 3411 2838 τὰ
3445 2783 3597 2853 ἑξῆς,
3631 2785 3694 2838 ού

2105 2882 2197 2936 τὸν
2227 2879 2390 2934 αὐτὸν
2422 2878 2481 2931 δὲ
2504 2877 2706 2949 τρόπον
2731 2879 2867 2947 ἡμῖν
2893 2874 3068 2928 ταῦτα
3099 2874 3458 2929 πεπονθέναι.
3497 2875 3697 2944 Ἡμεῖς

2111 2974 2212 3044 μὲν
2225 2970 2548 3042 γὰρ,φασὶν,
2571 2969 2628 3033 ἑξ
2651 2969 2898 3038 ἀνάγκης
2922 2967 3160 3036 φυσικῆς
3187 2965 3362 3020 ταῦτα
3384 2964 3698 3036 πάσχομεν,

2107 3066 2214 3119 όδὲ
2247 3063 2488 3136 Χριστὸς
2536 3061 2802 3125 ἑκουσίως
2862 3061 3041 3114 πάντα
3081 3059 3404 3131 ὑπέμεινεν.
3469 3061 3544 3115 Οὐ
3587 3061 3699 3130 γὰρ

407 3142 658 3210 ierimus,
691 3147 942 3206 Christus
999 3164 1182 3209 autem
1234 3167 1427 3225 sponte
1467 3167 1659 3214 cuncta
1725 3162 2006 3218 sustinuit.

2112 3157 2363 3212 ἐδούλευε
2395 3159 2508 3220 τοῖς
2545 3156 2733 3225 νόμοις
2769 3155 2870 3225 τῆς
2910 3152 3150 3224 φύσεως.
3181 3153 3323 3224 Πρὸς
3351 3152 3449 3216 οῦς
3484 3171 3695 3223 φαμεν,

407 3240 524 3290 rion
566 3241 710 3293 enim
742 3255 948 3297 natura;
982 3244 1195 3314 legibus
1221 3259 1338 3301 erat
1389 3250 1682 3304 obnoxius.
1742 3250 1992 3320 Respon-

411 3329 696 3384 dentusuc
745 3348 846 3388 nos
909 3337 1128 3403 quidem
1189 3339 1368 3394 dicere
1431 3343 1711 3397 Christum
1775 3345 2004 3400 invitum

409 3423 690 3478 molestias
714 3435 764 3478 et
788 3427 1060 3482 cruciatus
1085 3431 1390 3499 pertulisse,
1423 3435 1518 3488 sed
1536 3445 1726 3505 sponte
1746 3448 1800 3493 et
1819 3437 2008 3492 volun-

412 3518 522 3563 tate
554 3524 757 3567 natura:
788 3514 996 3585 legibus
1050 3519 1360 3588 inservisse,
1422 3527 1886 3593 quemadmodum
1949 3538 2007 3583 et

416 3619 538 3659 nos.
566 3604 697 3658 Nam
730 3608 919 3664 beatus
942 3611 1160 3680 quidem
1189 3614 1520 3672 Athanasius
1552 3632 1829 3685 exponens
1856 3620 2006 3676 illud:

424 3693 582 3748 Nunc
640 3711 820 3752 autem
869 3703 1048 3756 anima
1109 3721 1225 3758 mea
1292 3705 1510 3762 turbata
1546 3718 1623 3762 est
1680 3725 1700 3762 :
1760 3728 1778 3761 ι
1831 3709 2011 3775 Nunc,

365 3787 626 3856 inquit,
691 3789 742 3844 id
799 3803 882 3846 cst
938 3795 1158 3864 quando
1222 3798 1410 3852 voluit.
1477 3799 1591 3854 Non
1653 3805 1795 3856 enim
1863 3804 2007 3872 quod

417 3894 522 3932 non
559 3891 700 3936 esset
753 3893 1007 3953 tanquam
1054 3899 1200 3943 esset
1228 3889 1386 3957 dixit,
1419 3893 1573 3960 quasi
1642 3895 1902 3964 opinione
1955 3905 2010 3951 et

414 3970 619 4037 specie,
655 3989 760 4028 non
798 3985 977 4029 autem
1007 3979 1181 4048 reipsa
1211 3989 1264 4034 et
1294 3995 1420 4036 vere
1465 3982 1678 4048 tierent,
1711 4001 1834 4056 quae
1865 3987 2014 4042 dice-

417 4063 632 4119 bantur.
664 4065 864 4120 Natura
897 4069 1040 4123 enim
1074 4081 1126 4125 et
1159 4072 1388 4128 veritate
1437 4076 1619 4129 omnia
1653 4077 1792 4134 facta
1819 4091 2004 4134 sunt.»

418 4152 720 4225 'l‘hcologus
782 4157 909 4212 item
964 4160 1258 4230 Gregorius
1321 4181 1390 4216 ι(
1449 4162 1740 4232 Quoniam,
1813 4168 2012 4238 inquit,

420 4257 628 4299 natura:
671 4257 883 4318 tempus
935 4251 1122 4306 tribuit
1149 4255 1364 4322 quando
1397 4257 1589 4324 voluit,
1635 4268 1694 4313 ut
1732 4276 1850 4330 qua:
1883 4279 2015 4332 pro-

420 4337 536 4402 prin
585 4347 712 4393 sunt
765 4352 1062 4409 appeteret.
1121 4363 1141 4397 ›
1219 4344 1322 4401 Sed
1375 4351 1726 4406 admirandus
1775 4352 2015 4424 Cyrillus

2110 3250 2193 3302 ότι
2222 3247 2361 3303 Οὐδὲ
2396 3247 2550 3301 αὐτοὶ
2585 3246 2822 3314 λέγομεν
2860 3245 3095 3300 ἀκούσια
3129 3244 3200 3298 τὰ
3231 3244 3380 3316 πάθη
3435 3245 3528 3299 τοῦ
3563 3247 3701 3317 X9:-

2114 3341 2270 3405 στοῦ,
2323 3340 2440 3394 ἀλλ’
2477 3340 2560 3392 ὅτι
2612 3339 2882 3401 ἑκουσίως
2914 3337 3174 3392 ἐδούλευε
3210 3339 3330 3401 τοῖς
3373 3337 3565 3407 νόμοις
3597 3339 3704 3409 τῆς

2114 3435 2334 3505 φύσεως
2376 3433 2753 3503 ἑπίσηςήμῖν.
2799 3432 2858 3486 '0
2886 3431 2986 3502 μὲν
3019 3432 3128 3501 γὰρ
3161 3433 3438 3502 μακάριος
3463 3431 3701 3485 Ἀθανά-

2116 3545 2232 3590 ato;
2271 3525 2598 3598 ἑρμηνεύων
2633 3526 2718 3586 τὸ,
2744 3526 2876 3580 Νῦν
2905 3525 2942 3588 ἡ
2973 3524 3150 3594 ψυχή
3178 3542 3300 3592 μου
3327 3523 3701 3593 τετάρακται,

2117 3621 2307 3691 φησὶν,
2357 3621 2440 3672 ὅτι
2477 3638 2494 3670 ι
2525 3620 2586 3671 τὸ
2617 3619 2738 3672 νῦν
2783 3617 2944 3672 τοῦτό
2971 3621 3139 3681 ἑστιν,
3185 3619 3272 3671 ὅτε
3303 3617 3604 3686 ἠθέλησεν·
3641 3618 3704 3670 ού

2119 3711 2228 3782 γὰρ
2262 3711 2323 3763 τὸ
2357 3710 2435 3781 μὴ
2475 3708 2536 3762 ὃν
2573 3709 2650 3771 ὡς
2686 3709 2866 3779 παρὸν
2901 3708 3209 3778 ὠνόμαζεν,
3239 3707 3314 3768 ὡς
3358 3707 3582 3777 δοκήσει
3613 3725 3708 3776 γε-

2117 3803 2363 3871 νομένων
2387 3799 2498 3852 τῶν
2527 3799 2880 3867 λεγομένων·
2941 3799 3105 3868 φύσει
3153 3800 3263 3871 γὰρ
3331 3801 3426 3852 κα)⁸
3474 3799 3708 3871 ἀληθείᾳ

2116 3894 2186 3947 τὰ
2207 3893 2388 3946 πάντα
2427 3891 2690 3958 ἐγίνετο.»
2715 3890 2772 3944 Ὀ
2789 3891 2845 3944 δὲ
2877 3891 3141 3958 Θεολόγος
3177 3890 3345 3943 πάλιν
3375 3889 3705 3962 Γρηγόριος,

2119 3987 2203 4039 ὅτι
2236 3983 2410 4036 ἐδίδου
2439 3984 2506 4053 τῇ
2543 3982 2707 4051 φύσει
2748 3982 2968 4052 καιρὸν,
3001 3983 3090 4036 ὅτε
3124 3983 3402 4048 ἑὸούλετο,
3453 3983 3709 4052 ἐνεργεῖν

2113 4080 2182 4131 τὰ
2221 4077 2355 4131 ἴδια.
2403 4075 2676 4146 Κύριλλος
2708 4076 2763 4127 δὲ
2800 4078 2826 4128 ό
2869 4076 3180 4146 θαυμάσιος
3215 4076 3444 4146 εἷρηκεν
3480 4073 3709 4144 ἀφιέναι

2123 4169 2288 4222 αὑτὸν
2318 4171 2384 4238 τῇ
2421 4167 2588 4237 σαρκὶ
2622 4167 2712 4220 διὰ
2760 4167 2868 4220 τῶν
2900 4169 2999 4238 τῆς
3056 4168 3274 4237 φύσεως
3331 4169 3471 4223 ίέναι
3497 4170 3708 4238 νόμωνι

2125 4263 2236 4317 Καὶ
2271 4257 2426 4324 αὖθις
2459 4259 2692 4330 ἑτέρωθι
2717 4259 2928 4328 ἔλεγεν,
2967 4260 3042 4324 ὡς
3063 4261 3356 4330 ἐπιτρέπει
3377 4262 3455 4332 τῷ
3487 4262 3710 4330 σώματι

2124 4358 2220 4410 καὶ
2247 4357 2314 4428 τῇ
2371 4353 2757 4424 ἀνθρωπότητι
2807 4352 2880 4407 τά
2943 4356 3009 4424 τῇ
3044 4354 3206 4422 φύσει
3239 4354 3516 4425 προσόντα
3556 4353 3710 4425 πάθη

427 4446 445 4478 ι
483 4428 656 4496 ipsum
690 4435 840 4486 carni
876 4435 1008 4488 dicit
1034 4440 1401 4501 concessisse.
1435 4451 1494 4496 ut
1520 4457 1612 4513 per
1639 4450 2006 4518 naturaeteges

2117 4451 2196 4514 εἰς
2230 4446 2503 4512 ἀπόδειξιν
2542 4445 2636 4498 τοῦ
2691 4445 2836 4498 κατὰ
2877 4443 3141 4516 ἀλήθειαν
3199 4446 3442 4516 φορῆσαι
3491 4446 3702 4515 σάρκα,

422 4525 798 4590 pet-transiret.
844 4544 863 4579 ι
907 4528 970 4581 Ει
999 4529 1123 4584 alibi
1155 4548 1169 4586 :
1209 4554 1226 4584 ι
1261 4532 1552 4596 Permittit,
1585 4537 1762 4608 inquit
1806 4546 2023 4611 corpori

419 4624 476 4670 et
505 4615 846 4687 humanitati,
880 4633 938 4677 ut
969 4625 1223 4692 patiatur,
1259 4641 1381 4696 qua!
1420 4639 1624 4682 natura:
1668 4635 2023 4700 conveniunt,

421 4726 530 4779 quo
560 4723 688 4766 vere
724 4727 783 4768 se
817 4730 1034 4771 carnem
1077 4729 1344 4788 gestasse,
1377 4729 1428 4772 et
1484 4719 1762 4776 hominem
1822 4723 2025 4779 factum

420 4822 543 4863 esse
592 4810 939 4878 demonstret,
977 4822 1034 4866 ut
1085 4813 1379 4882 Scriptura;
1423 4823 1714 4871 testantur.
1764 4837 1781 4869 ›
1821 4819 2026 4884 Quam-

423 4902 612 4956 obrem
666 4905 709 4958 si
760 4919 828 4958 ex
877 4907 1182 4959 divinorum
1218 4907 1440 4961 Patrum
1497 4911 1772 4963 sententia
1827 4913 2018 4965 eodem

427 4993 586 5044 modo
611 5009 717 5060 quo
742 5010 840 5048 nos
869 5011 1085 5062 passum
1114 4997 1709 5069 dicimus,licetspoote
1731 5012 1783 5054 et
1807 5003 2025 5070 quando

427 5083 614 5149 voluit,
647 5089 914 5156 quomodo
943 5095 1230 5156 possumus
1258 5105 1477 5158 corpus,
1515 5093 1656 5160 quod
1700 5107 1918 5160 passum
1946 5102 2030 5148 est

427 5186 608 5238 dcere
628 5180 793 5234 fuisse
817 5181 1305 5247 incorruptibilc.et
1325 5199 1428 5237 non
1454 5186 1627 5253 potius
1651 5200 1731 5239 ρο·
1752 5187 2029 5255 rupihilc,

427 5268 881 5342 quemadmodum
942 5277 999 5323 et
1029 5281 1212 5324 nostra
1267 5271 1532 5326 suntiAt
1586 5273 1659 5326 illi
1735 5291 1950 5328 rursum
1996 5295 2009 5331 :

431 5365 604 5422 Sicut.
639 5360 914 5430 inquiunt,
944 5371 1065 5425 post
1116 5364 1562 5416 resurrectionem
1621 5365 2031 5434 incorruptibile

428 5458 609 5512 dicitis
645 5470 843 5524 corpus
896 5453 1122 5520 Christi,
1149 5463 1203 5506 et
1243 5464 1422 5508 tamen
1484 5455 1726 5523 ejusdem
1779 5457 2029 5511 essentim

429 5566 535 5618 qua
589 5566 689 5605 nos
737 5565 958 5613 sumus,
1022 5547 1101 5603 sic
1148 5556 1201 5601 et
1256 5561 1353 5601 nos
1399 5556 1522 5601 ante
1576 5549 2026 5604 resurrectiOnetn

433 5647 608 5713 ipsum
656 5643 1067 5712 incorruptibile
1102 5652 1157 5697 ct
1210 5652 1387 5698 tamen
1430 5640 1678 5712 ejusdem
1738 5641 2024 5699 nobiscum

507 5784 520 5810 ‘
547 5780 699 5834 Joan.
741 5796 838 5846 xu,
880 5780 950 5834 27

2125 4543 2222 4598 καὶ
2252 4540 2544 4613 ἄνθρωπον
2577 4538 2834 4607 γενέσθαι
2885 4538 3028 4591 κατὰ
3069 4538 3167 4601 τὰς
3196 4539 3447 4608 Γραφάς.
3493 4538 3556 4591 El
3599 4536 3715 4592 τοὶ-

2125 4654 2219 4691 νυν
2251 4635 2397 4690 κατὰ
2429 4633 2523 4686 τὸν
2573 4632 2780 4684 σκοπὸν
2819 4631 2931 4682 τῶν
2977 4630 3261 4701 θεοφόρων
3325 4631 3590 4702 Πατέρων
3620 4629 3714 4683 τὸν

2126 4729 2290 4783 αὐτὸν
2316 4729 2449 4798 ἡμῖν
2472 4728 2682 4797 τρόπον
2723 4725 2992 4795 ἔπασχεν,
3034 4725 3082 4776 εἰ
3136 4724 3232 4776 καὶ
3269 4724 3560 4786 ἑκουσίως,
3617 4722 3714 4775 καὶ

2125 4825 2214 4877 ὅτε
2239 4822 2423 4893 ἤθελε·
2456 4819 2573 4882 πῶς
2603 4818 2882 4888 δυνάμεθα
2908 4818 2966 4871 τὸ
2993 4818 3203 4886 πάσχον
3237 4816 3401 4886 σῶμα
3430 4817 3712 4885 ἄφθαρτον

2127 4918 2327 4980 εἰπεῖν,
2366 4915 2462 4966 καὶ
2518 4912 2594 4982 μὴ
2627 4912 2868 4982 φθαρτὸν
2920 4913 2986 4980 τῇ
3029 4908 3214 4978 φύσει,
3273 4909 3469 4980 ὥσπερ
3526 4907 3622 4960 καὶ
3654 4905 3709 4959 τὸ

2124 5005 2432 5076 ὴμέτερον;
2465 5002 2985 5071 Ἀνταποκρίνονται
3005 5001 3061 5053 δὲ
3081 4999 3266 5062 πάλιν,
3288 5001 3369 5052 ὅτι
3394 5001 3490 5052 Ὃν
3510 4998 3714 5069 τρόπον

2132 5099 2271 5168 μετὰ
2303 5097 2404 5168 τὴν
2449 5095 2750 5150 ἀνάστασιν
2809 5093 3093 5162 ἄφθαρτον
3157 5093 3411 5159 λέγοντες
3453 5095 3512 5144 τὸ
3551 5091 3716 5160 σῶμα

2131 5189 2220 5241 τοῦ
2255 5186 2490 5257 Χριστοῦ
2515 5185 2803 5256 όμοούσιον
2836 5184 2968 5237 αὐτὸ
2997 5185 3188 5251 λέγετε
3239 5177 3384 5235 εἶναι
3434 5183 3591 5252 ἡμῖν,
3621 5181 3718 5234 τὸν

2131 5282 2292 5335 αὑτὸν
2324 5281 2527 5350 τρόπον
2558 5277 2653 5331 καὶ
2683 5278 2845 5346 ἡμεῖς
2865 5275 2970 5346 πρδ
2997 5276 3094 5344 τῆς
3116 5274 3470 5335 ἀναστάσεως
3496 5271 3714 5342 ἄφθαρ-

2138 5391 2229 5426 τον
2267 5373 2540 5439 λέγοντες,
2603 5368 2894 5439 όμοούσιον
2949 5369 3080 5421 αὐτὸ
3115 5365 3491 5437 ὁμολογοῦμεν
3547 5362 3718 5418 εἶναι.

2149 5465 2344 5531 Ὶιμεῖς
2371 5463 2426 5515 δὲ
2467 5461 2724 5530 λέγομεν,
2761 5461 2842 5513 ὅτι
2877 5459 2940 5510 Εἰ
2969 5459 3064 5511 καὶ
3093 5457 3378 5526 ἄφθαρτον
3423 5453 3718 5525 ὁμολογοῦ-

2140 5574 2239 5626 μεν
2275 5557 2409 5608 αὐτὸ
2451 5553 2592 5623 μετὰ
2620 5552 2720 5622 τὴν
2758 5551 3084 5613 ἀνάστασιν,
3134 5551 3196 5602 οὐ
3246 5551 3314 5618 τῇ
3352 5549 3514 5616 φύσει
3557 5547 3716 5613 λέγοο

2136 5667 2240 5719 μεν
2269 5647 2401 5702 αὐτὸ
2437 5645 2742 5716 ἄφθαρτον,
2775 5646 2840 5714 τῇ
2869 5642 3056 5714 χάριτι
3084 5641 3164 5701 δέ.
3193 5642 3256 5695 Ei
3283 5641 3341 5695 δὲ
3376 5640 3608 5705 εἴποιεν,
3630 5639 3716 5692 ὅτι
