4082 6418
432 333 570 397 1097

489 443 600 501 Τοῦ
631 446 804 515 ἁγίου
849 446 1146 517 Ἰγνατίου
1176 446 1516 500 ἐπισκόπου
1567 446 1962 512 Ἀντιοχείας.
2048 442 2099 500 Α

513 538 743 592 Ἐάσατέ
793 555 861 609 με
918 538 1166 610 μιμητὴν
1209 538 1468 606 γενέσθαι
1514 539 1608 592 τοῦ
1662 537 1869 599 πᾶθους
1920 533 2014 588 τοῦ

424 628 566 682 Θεοῦ
604 647 731 699 μου.

628 717 744 772 Τοῦ
773 719 945 788 ἁγίου
988 720 1320 789 I‘pnroplov
1351 719 1457 773 τοῦ
1495 720 1817 788 Θεολόγου.

508 806 719 875 Ὀλίγαι

423 898 674 967 ὑγίασαν.

929 992 1196 1047 Ἰουλίου
1260 991 1510 1061 Ῥώμης.

504 1080 747 1136 Ἰουδαῖοι
809 1084 872 1137 τὸ
930 1084 1094 1156 σῶμα
1154 1084 1620 1158 σταυρώσαντες,
1663 1071 1778 1137 ’τὸν
1835 1083 2009 1151 Λόγον

420 1173 776 1231 ἀπέκτειναν.

602 1268 713 1323 Τοῦ
744 1270 920 1340 ἁγίου
948 1271 1255 1338 Κυρίλλου
1286 1270 1435 1325 κατὰ
1468 1269 1824 1339 Νεστορίου.

492 1361 632 1415 Θεοῦ
675 1363 736 1416 τὸ
768 1362 975 1431 πάθος,
1008 1362 1145 1416 Θεοῦ
1179 1365 1207 1416 ό
1232 1364 1486 1435 σταυρὸς,
1527 1364 1663 1418 Θεοῦ
1700 1365 1728 1416 ό
1754 1363 2000 1425 θάνατος.

418 1454 555 1509 Θεοῦ
587 1456 620 1525 ή
647 1454 969 1518 ἀνάστασις.

870 1547 1216 1613 Μελίτωνος
1247 1547 1546 1615 Σάρδεων.

500 1639 563 1693 '0
601 1639 731 1700 Θεὺς
761 1639 1034 1693 πέπονθεν
1065 1638 1167 1691 ὑπὸ
1199 1638 1381 1703 δεξιᾶς
1424 1638 1831 1710 ἰσραηλίτιδος.

490 1731 898 1803 Προϐάλλονται
910 1731 964 1784 δὲ
986 1731 1079 1784 καὶ
1096 1730 1234 1786 ἀλλα
1251 1731 1421 1785 πολλά
1437 1731 1687 1810 τοιαῦτω
1709 1733 1846 1805 πρὸς
1866 1734 1999 1787 πάν-

415 1847 486 1883 τα
504 1829 561 1881 δὲ
581 1830 718 1899 ἡμῖν
752 1829 851 1899 μία
872 1827 1029 1891 λύσις
1058 1827 1307 1898 ἀρκέσει,
1334 1828 1502 1900 φησὶν
1525 1831 1553 1883 ό
1569 1830 1834 1897 Θεολόγος
1852 1830 1998 1899 Γρη-

416 1926 623 1993 γόριος.
672 1924 874 1993 Μήπου
930 1922 1023 1975 τὸν
1078 1922 1342 1992 λογισμὸν
1385 1923 1626 1994 ὀκλάσῃς
1677 1915 1821 1992 αἷμα
1862 1919 1999 1975 Θεοῦ

417 2017 512 2068 καὶ
546 2015 718 2079 πάθος
746 2015 987 2079 ἀκούων,
1015 2016 1111 2068 καὶ
1135 2015 1385 2070 θάνατον.
1409 2016 1609 2085 Μήπου
1638 2014 2001 2085 περιενεχθῇς

415 2107 596 2169 ἀθέως
638 2106 713 2170 ὡς
739 2107 802 2160 οὑ
845 2106 1167 2178 συνήγορος.
1211 2107 1366 2159 Ἐπεὶ
1401 2107 1511 2175 γὰρ
1541 2108 1574 2178 ὴ
1605 2105 1705 2159 τοῦ
1736 2104 1869 2158 Υἱοῦ
1902 2107 2003 2160 καὶ

416 2200 553 2254 Θεοῦ
589 2201 923 2265 ὑπόστασις,
958 2200 1098 2270 αὑτὴ
1133 2200 1226 2253 καὶ
1261 2198 1358 2253 τοῦ
1395 2198 1837 2269 προσλήμματος
1868 2199 2003 2252 ὑπό-

417 2308 609 2355 στασις
649 2293 897 2361 γέγονεν,
940 2291 1101 2354 αὐτος
1147 2290 1369 2358 λέγεται
1416 2292 1597 2346 πάντα
1639 2293 1732 2345 καὶ
1773 2293 1998 2359 δρᾶσαι,

414 2385 513 2439 καὶ
540 2382 737 2438 παθεῖν
756 2400 770 2415 ο
803 2384 899 2437 καὶ
923 2384 989 2437 τά
1011 2383 1117 2453 μὲν
1142 2383 1262 2436 θεῖα
1285 2386 1534 2453 ἐνεργεῖν
1557 2384 1700 2438 κατὰ
1724 2386 1823 2456 τὴν
1845 2385 2000 2440 θείαν

415 2477 601 2546 φύσιν,
625 2478 694 2531 τὰ
712 2476 767 2530 δὲ
799 2476 1118 2547 ἀνθρώπινα
1145 2477 1241 2529 καὶ
1263 2478 1461 2531 ποιεῖν.
1486 2477 1581 2529 καὶ
1599 2475 1835 2548 πάσχειν
1858 2479 2002 2532 κατὰ

412 2571 515 2641 τὴν
557 2570 911 2641 ἀνθρωπίνην
951 2569 1138 2639 φύσιν.
1181 2568 1295 2623 Καὶ
1343 2568 1549 2637 ἑτέρως
1585 2570 1642 2622 δέ
1669 2586 1684 2602 ·
1733 2571 1857 2626 ἐπεὶ
1902 2570 2000 2642 μία

412 2666 523 2719 τῶν
552 2666 645 2719 δύο
667 2665 763 2718 τοῦ
784 2663 1023 2737 Χριστοῦ
1048 2661 1268 2732 φύσεων
1296 2661 1619 2728 ὑπόστασις,
1642 2662 2001 2717 ἀντιδιδόασιν

412 2759 673 2828 ἀλλήλαις
711 2749 875 2812 αὗται
908 2755 1159 2826 πολλαχῆ
1198 2753 1308 2808 τῶν
1347 2753 1568 2808 οἰκείων
1606 2755 1998 2826 προσηγοριῶν

410 2851 500 2904 διὰ
545 2852 645 2923 τὴν
681 2850 804 2904 καθ’
849 2851 1153 2903 ὑπόστασιν
1191 2846 1410 2912 ἕνωσιν,
1459 2846 1556 2900 καὶ
1600 2847 1700 2917 τὴν
1745 2847 2000 2903 ἐντεῦθεν

410 2944 588 3015 ἄκραν
622 2942 921 2997 οἱκείωσιν.
957 2941 1115 2995 Οὕτω
1149 2940 1250 3010 μὲν
1286 2935 1379 2993 οῦν
1412 2940 1859 3010 ἑρμηνευομένου
1901 2941 1999 2995 καὶ

408 3038 674 3109 λυομένου
719 3028 813 3089 τοῦ
852 3034 1261 3106 προϐλήματος,
1307 3033 1464 3086 οὐδὲν
1508 3034 1708 3087 ἄτοπον
1755 3035 1995 3107 ἀπαντᾷ.

408 3131 570 3183 Κατὰ
597 3130 655 3182 δὲ
689 3128 789 3200 τὴν
819 3127 928 3179 τῶν
958 3125 1349 3195 Θεοπασχιτῶν
1381 3125 1677 3197 ὑπόληψιν,
1716 3128 1766 3180 ει
1804 3128 1832 3181 ό
1868 3127 1991 3193 Υίὸς
2019 3133 2067 3193 ε

410 3223 612 3288 ἔπαθε,
654 3221 750 3275 καὶ
783 3219 1024 3273 ἀπέθανε
1061 3221 1205 3272 κατὰ
1242 3220 1342 3289 τὴν
1381 3218 1533 3272 θείαν
1560 3220 1759 3273 ἑαυτοῦ
1793 3221 1960 3292 φύσιν
1981 3264 1998 3291 ,

409 3317 542 3376 δυὰς
567 3315 786 3384 γέγονεν
807 3314 841 3384 η
866 3314 999 3382 ἁγία
1014 3313 1208 3381 Τριάς,
1226 3311 1318 3365 τοῦ
1342 3312 1472 3364 Υίοῦ
1487 3314 1872 3381 ἀποθανόντος,
1904 3317 2000 3370 καὶ

406 3406 476 3481 ἦν
513 3410 621 3478 ἀρα
647 3408 781 3471 δυὰς
818 3406 981 3476 μέχρι
1017 3405 1117 3473 τῆς
1150 3406 1215 3456 ἐκ
1250 3403 1464 3473 νεκρῶν
1496 3406 1852 3470 ἀναστάσεως
1885 3410 1997 3462 αύ-

406 3506 526 3558 τοῦ.
554 3503 661 3555 Καὶ
683 3501 766 3563 τίς
786 3501 985 3561 αὐτοὺς
1014 3499 1116 3551 οὐκ
1138 3497 1352 3566 ἐλεήσει
1380 3495 1479 3566 τῆς
1498 3497 1761 3566 ἀμαθίας,
1794 3501 1888 3552 καὶ
1913 3517 2000 3554 τοο

409 3595 616 3665 σαύτης
635 3596 924 3664 ἀγροικίας
943 3592 1038 3644 καὶ
1054 3589 1276 3657 ἀλογίας
1291 3605 1306 3655 ;
1323 3583 1454 3641 Εἶτα
1473 3588 1571 3658 τὴν
1591 3590 1691 3657 μὲν
1706 3590 1884 3660 ψυχὴν
1901 3590 1995 3644 τοῦ

406 3688 842 3758 προσλήμματος
859 3685 1127 3739 ἀθάνατον
1152 3682 1393 3750 λέγουσι,
1415 3681 1508 3734 τὸν
1532 3680 1587 3733 δὲ
1616 3682 1998 3751 προσλαϐόντα

404 3781 566 3834 τοῦτο
582 3783 715 3834 Θεὸν
733 3780 951 3850 θνητὸν,
975 3779 1219 3841 καὶτοὺς
1254 3777 1352 3845 μὲν
1372 3775 1640 3844 ἀγγέλους
1667 3775 1994 3845 ἀθανάτους,

406 3880 499 3929 τὸν
534 3875 880 3946 Δημιουργὺν
914 3873 972 3926 δὲ
1005 3872 1101 3926 καὶ
1136 3870 1418 3939 Δεσπότην
1449 3867 1850 3939 αὐτῶνθνητόν.

405 3993 530 4060 Χρὴ
561 3988 914 4060 παραθεῖναι
942 3988 1179 4060 τούτοις
1202 3985 1355 4039 κατά
1382 3984 1502 4060 τοῦ
1518 3983 1788 4060 μεγάλου
1828 3986 1995 4060 ’ᾼθα-

476 4053 698 4117 νὲισίὁυ
738 4061 890 4128 πρὸς
927 4058 1070 4124 τοὺς
1098 4057 1397 4128 λέγοντας
1416 4095 1433 4121 ,
1469 4053 1559 4109 ὅτι
1587 4056 1814 4110 ἔπαθεν
1842 4058 1997 4111 ἀπα-

478 4135 589 4201 θῶς
616 4138 648 4188 ὀ
676 4136 891 4200 Λόγος.

478 4232 613 4301 Πρὶν
671 4226 893 4283 ἀκούσω
950 4225 1013 4278 τὸ
1071 4224 1286 4288 ἔπαθε,
1346 4224 1540 4293 φεύγει
1594 4222 1697 4293 τῆς
1753 4221 1994 4286 διανοίας

402 4324 466 4377 τὸ
505 4324 752 4377 ἔπαθεν.
817 4317 1192 4388 Ἐπαγόμενον
1234 4315 1345 4385 γὰρ
1396 4315 1459 4368 τὸ
1496 4313 1741 4380 ἀπαθῶς
1779 4315 1881 4368 οὐκ
1929 4314 1994 4382 ἐᾷ

1350 328 1726 394 PANOPLIA
1770 328 2232 390 DOGMATICA.
2280 353 2333 360 -
2386 326 2533 389 TIT.
2583 327 2799 389 XVIII.

800 808 1014 880 ῥανίδες
1088 809 1323 879 αἵματος
1389 808 1526 862 Θεοῦ
1613 807 1819 878 κόσμον
1893 806 2015 860 ὅλον

2027 1782 2074 1841 Β

3571 326 3707 393 1098

2396 437 2583 493 Sancti
2624 438 2825 510 lgnatii
2868 438 3161 493 Antiochirc
3190 440 3439 508 episcopi.

2197 528 2373 586 Sinite
2440 548 2523 584 me
2582 532 2790 585 Iloutiui
2848 532 2950 586 mei
3007 536 3312 586 cruciatum
3370 542 3426 587 et
3480 543 3708 587 mortem

2123 620 2344 676 imitari.

2508 715 2692 769 Sancti
2727 714 2973 785 Gregorii
3028 712 3298 787 Tlieologi.

2189 810 2379 865 Pauca:
2417 820 2586 882 gutta!
2631 808 2915 876 sanguinis
2967 807 3063 863 Dei
3098 811 3363 865 mundum
3391 814 3711 869 sanctiﬁca-

2119 911 2241 957 runl
2277 902 2616 957 universum.

2573 992 2708 1046 Julii
2753 990 2934 1048 Roma'
2959 992 3257 1063 pontiﬁcis.

2180 1083 2355 1143 Judmi
2387 1101 2583 1171 corpus
2618 1086 3023 1158 crucifigentes,
3063 1085 3303 1143 Verbum
3337 1088 3676 1143 occiderunt.

2360 1266 2545 1324 Sancti
2591 1268 2783 1341 Cyrilli
2805 1269 3057 1322 adversus
3089 1266 3420 1324 Nestorium.

2179 1368 2273 1424 Dei
2312 1370 2607 1436 cruciatus,
2653 1368 2745 1421 Dei
2798 1383 2955 1435 crux,
3012 1367 3103 1422 Dei
3161 1381 3331 1431 mors,
3388 1364 3479 1420 Dei
3525 1378 3707 1420 resur~

2105 1462 2294 1516 rectio.

2426 1554 2698 1610 .llelitoais
2731 1553 3029 1611 Sardorum
3072 1555 3335 1625 episcopi.

2175 1644 2322 1702 Deus
2354 1661 2550 1717 passus
2582 1656 2670 1703 est
2703 1662 2732 1701 a
2765 1645 2988 1703 dextera
3025 1646 3345 1704 Israelitica.

2173 1736 2454 1809 Objiciunt
2478 1748 2531 1795 et
2554 1740 2660 1794 alia
2690 1739 2857 1795 multa
2885 1739 2969 1794 his
2996 1739 3219 1804 similia,
3247 1742 3314 1796 ad
3339 1756 3461 1812 qua:
3486 1743 3702 1811 quidem

2105 1832 2285 1886 omnia
2329 1832 2655 1887 confutanda
2693 1833 2852 1887 unica
2888 1834 3025 1889 satis
3052 1834 3160 1889 erit
3186 1835 3509 1903 responsio:
3547 1836 3703 1899 Vide.

2106 1925 2601 1997 inquitGregorius
2642 1925 2731 1981 ille
2759 1923 3090 1998 Theologus.
3131 1941 3199 1981 ne
3228 1928 3556 1997 sanguinem
3608 1929 3702 1983 Dei

2103 2030 2157 2075 et
2189 2018 2467 2074 cruciatus
2495 2019 2742 2081 audiens,
2772 2018 2882 2075 ullo
2919 2019 3080 2073 modo
3131 2020 3395 2076 rationem
3435 2020 3702 2083 inﬂectas,

2104 2126 2239 2167 neve
2297 2120 2357 2165 ut
2387 2111 2481 2165 Dei
2533 2119 2795 2181 patronus
2841 2111 3006 2181 impie
3065 2113 3359 2181 supereris.
3400 2112 3531 2168 Nam
3574 2118 3705 2184 quia

2101 2203 2225 2260 Filii
2280 2215 2335 2260 et
2393 2203 2488 2259 Dei
2540 2218 2776 2275 persona
2835 2203 2977 2259 facta
3032 2212 3119 2261 est
3176 2207 3341 2260 etiam
3409 2218 3706 2279 assumpta

2103 2293 2287 2347 carnis
2313 2306 2569 2361 persona,
2605 2292 2723 2361 ipse
2778 2291 2975 2347 dicitur
3008 2295 3189 2347 omnia
3249 2293 3427 2350 facere
3471 2307 3526 2350 et
3560 2297 3702 2365 pati,

2101 2392 2266 2452 atque
2321 2382 2410 2436 illa
2474 2381 2716 2452 quidem,
2768 2396 2887 2451 qua:
2934 2382 3120 2439 divina
3176 2395 3329 2453 sunt,
3387 2397 3580 2442 natura
3617 2388 3704 2442 di-

2094 2476 2224 2529 ‘vina
2292 2476 2596 2545 perﬁcere,
2660 2489 2722 2529 ea
2782 2490 2913 2531 vero
2967 2490 3088 2546 quae
3142 2486 3271 2530 sum
3324 2476 3596 2543 humana,
3649 2493 3705 2533 et

2102 2580 2262 2635 agere
2294 2574 2351 2619 et
2382 2565 2488 2635 pati
2544 2574 2737 2619 natura
2774 2566 3032 2620 humana.
3088 2564 3154 2619 Et
3209 2565 3414 2623 aliter:
3443 2569 3699 2639 quoniam

2102 2670 2209 2709 una
2238 2662 2322 2709 est
2357 2654 2584 2708 duarum
2626 2639 2830 2710 Christi
2878 2663 3200 2710 naturarum
3251 2646 3504 2727 persona,
3571 2660 3701 2730 ipsa:

2102 2750 2202 2804 sibi
2234 2750 2474 2805 vicissim
2515 2765 2643 2804 suas
2679 2764 2823 2819 saepe
2863 2752 3271 2807 communicant
3302 2755 3696 2823 appellationes

2102 2849 2325 2910 propter
2375 2856 2626 2910 personae
2679 2843 3118 2912 conjunctionem
3179 2853 3235 2900 et
3306 2861 3579 2902 summam
3631 2866 3699 2905 ex

2102 2933 2193 2986 illa
2255 2933 2743 2991 necessitudinem.
2798 2934 3164 3002 Quamobrem
3217 2938 3263 2995 si
3313 2942 3546 3010 quaastio
3618 2944 3701 2997 sic

2101 3038 2425 3098 exponatur,
2483 3027 2687 3081 nullum
2750 3028 3156 3084 incommodum
3210 3043 3596 3104 consequetur.
3630 3039 3701 3090 At

2102 3122 2170 3185 si,
2223 3130 2282 3175 ut
2335 3119 2754 3189 Tlieopascliita:
2804 3122 3117 3191 opinantur,
3169 3122 3338 3180 Filius
3381 3141 3476 3180 sua
3530 3129 3699 3197 ipsius

2104 3226 2301 3271 natura
2332 3215 2513 3271 divina
2565 3231 2760 3284 passus
2817 3227 2873 3270 et
2910 3228 3156 3272 mortuus
3202 3229 3305 3282 est,
3366 3218 3501 3275 Filio
3553 3236 3697 3277 mor-

2105 3319 2197 3365 tuo
2223 3306 2466 3363 Trinitas
2496 3309 2561 3362 ad
2591 3307 2911 3363 dualitatem
2948 3312 3166 3365 redacta
3198 3320 3303 3366 est.
3341 3310 3409 3367 Et
3458 3313 3694 3371 dualitas

2102 3401 2205 3456 fuit
2233 3415 2517 3472 quousque
2547 3403 2853 3457 resurrexit
2876 3418 2904 3455 a
2949 3404 3195 3459 mortuis.
3227 3404 3360 3473 Quis
3398 3406 3691 3463 absurdam

2100 3504 2156 3549 et
2217 3507 2491 3564 agrestem
2559 3495 2785 3550 istorqu
2846 3496 3132 3551 stultitiam
3193 3513 3299 3553 non
3343 3499 3691 3567 misereatur,

2101 3586 2193 3654 qui
2243 3588 2480 3640 animam
2512 3586 2731 3656 quidem
2768 3597 3103 3655 assumptam
3146 3587 3533 3655 immortalem,
3571 3607 3694 3646 eum

2101 3694 2229 3733 vero
2273 3679 2364 3749 qui
2400 3678 2544 3733 illam
2583 3679 2901 3747 assumpsit,
2963 3680 3289 3744 intortalem;
3323 3683 3545 3753 angelos
3581 3687 3690 3737 im-

2100 3771 2379 3834 mortales,
2409 3770 2723 3841 angelorum
2757 3784 2937 3825 autem
3003 3785 3404 3841 procreatorem
3469 3786 3523 3831 et
3587 3775 3697 3831 Du-

2101 3864 2305 3918 miuum
2332 3864 2614 3919 mortalem
2640 3865 2931 3920 asserant?

2101 3978 2203 4033 llis
2248 3979 2554 4047 adjicienda
2606 3991 2726 4051 sunt
2798 3998 2860 4051 ca
2916 3998 3033 4051 φιιιι
3088 3981 3317 4049 Magnus
3369 3985 3691 4040 Athanasius

2168 4052 2221 4102 in
2254 4067 2339 4103 eos
2378 4051 2524 4110 dicit,
2556 4053 2645 4120 qui
2693 4049 3144 4106 l’crbunt'rulione
3170 4055 3455 4122 impatibili
3508 4058 3694 4112 dicunt

2168 4137 2279 4175 esse
2322 4137 2557 4189 passum.

2167 4213 2473 4283 Antequam
2503 4212 2719 4266 audiam
2746 4212 2894 4278 illud,
2936 4213 3135 4268 Passus
3169 4224 3267 4280 est,
3300 4217 3688 4288 cogitatimiem

2095 4305 2305 4376 eﬂ'ugit.
2368 4305 2501 4360 Cum
2560 4306 2703 4359 enim
2753 4303 3060 4376 adjiciunt,
3123 4307 3329 4363 ratione
3385 4310 3690 4380 impetibili,

406 4419 591 4487 μένειν
644 4416 704 4469 τὸ
740 4411 933 4467 ἔπαθε.
975 4409 1175 4466 Στάσιν
1219 4409 1248 4461 ό
1287 4407 1446 4475 λόγος
1482 4406 1721 4460 ἄστατον
1744 4405 1881 4474 ἔχει.
1927 4406 1991 4458 Ei

2099 4414 2201 4454 non
2233 4400 2364 4455 sinit
2391 4399 2716 4466 consistere,
2742 4415 2935 4469 passus
2969 4410 3071 4457 est.
3101 4398 3287 4457 Oratio
3308 4412 3508 4458 statum
3531 4406 3692 4461 habet

402 4504 599 4571 ἔπαθε,
646 4504 763 4566 πῶς
795 4498 1060 4564 ἀπαθῶς;
1089 4498 1149 4551 Εἰ
1179 4495 1443 4559 ἀπαθῶς,
1482 4496 1600 4558 πῶς
1634 4493 1841 4560 ἔπαθες
1871 4495 1984 4547 Λα-

2098 4492 2426 4547 instabilem.
2463 4489 2519 4545 Si
2560 4506 2756 4560 passus
2784 4505 2888 4557 est,
2950 4494 3224 4561 quomodo
3256 4494 3468 4550 ratione
3518 4495 3688 4566 impa-

401 4599 657 4669 λήσωμεν
690 4595 1000 4665 ἀλαλήτως,
1055 4591 1144 4646 ἵνα
1201 4588 1369 4660 νοηθῇ
1429 4588 1693 4657 ἀνοήτωςς
1740 4585 1839 4650 Τίς
1881 4583 1989 4640 εἶδε

403 4694 675 4745 πίπτοντα
723 4690 1032 4753 ἀπτὼτως;
1082 4671 1441 4754 ὲγεῖῥόμενον
1491 4679 1843 4749 ἁνεγὲρτως;
1892 4695 1991 4731 πο-

401 4786 603 4839 νοῦντα
633 4784 850 4845 ἀπόνως
876 4800 892 4849 ;
924 4779 1230 4852 φρονοῦντα
1264 4776 1517 4849 ἀφρόνως
1544 4793 1561 4847 ;
1603 4773 1990 4846 ὠφελούμενον

402 4878 734 4948 ἀνωφελῶς;
766 4876 1031 4943 λυόμενον
1062 4868 1295 4931 ἀλύτως·
1321 4868 1410 4920 ἵνα
1433 4866 1678 4937 δέξωμαι
1701 4865 1760 4921 τὸ
1784 4864 1990 4919 ἔπαθεν

402 4970 663 5034 ἁπαθῶς;
706 4967 800 5029 Τίς
839 4966 873 5036 η
918 4966 1018 5034 τῆς
1079 4960 1396 5032 ἀφροσύνης
1444 4959 1771 5025 ἐπίστασις,
1822 4960 1906 5019 τίς
1955 4957 1991 5023 ἠ

402 5063 500 5131 τῆς
534 5060 721 5122 ἀνοίας
762 5056 1155 5128 παραπληξία,
1196 5054 1327 5123 περ)⁵
1372 5052 1676 5123 μυστηρίου
1713 5050 1990 5121 φρικωδε-

403 5159 598 5210 στάτου
659 5154 847 5224 φέρειν
880 5153 1101 5223 ῥήματα
1125 5148 1339 5217 γέλωτα
1367 5146 1575 5201 πλατὺν
1604 5145 1987 5214 ὲργαζόμενας

401 5250 561 5318 λόγον
598 5245 1078 5316 ἐπαγγέλλεσθαι,
1122 5244 1219 5296 καὶ
1268 5242 1493 5308 ἀλογίαν
1532 5238 1986 5308 προϐάλλεσθαι;

403 5342 697 5411 ἀπόκρισιν
725 5340 926 5393 διδόναι
950 5335 1044 5389 τοῦ
1073 5333 1150 5404 μὴ
1170 5332 1378 5397 δοῦναι;
1406 5330 1792 5398 ἀσαφεστέραν
1814 5329 1991 5398 ἑρμη-

401 5433 555 5486 νείαν
587 5413 853 5502 παρέχειν
886 5429 1131 5501 μείζονος
1168 5428 1405 5499 ἀπορίας
1439 5425 1655 5496 μητέρα
1684 5441 1701 5493 ;
1744 5422 1869 5486 Πῶς
1899 5424 1990 5476 οὑ·

400 5527 508 5588 ὂεὶς
547 5525 656 5579 τῶν
694 5525 869 5593 ἁγίων
897 5524 975 5587 είς
1017 5520 1275 5574 τοσοῦτον
1307 5518 1444 5588 ὕψος
1486 5517 1720 5587 θεωρίας
1747 5516 1988 5587 ἀναδρα-

405 5620 547 5687 μεῖν,
567 5619 600 5689 ἢ
621 5618 797 5671 εἰπεῖν
816 5614 1050 5685 ἐδυνήθη
1069 5614 1130 5666 τὸ
1152 5609 1595 5683 πολυθρύλλητον
1616 5611 1793 5663 ἐκεῖνο
1811 5608 1983 5679 ῥῆμα,

406 5710 649 5764 ἐπαθεν
683 5707 941 5773 ἀπαθῶς;
979 5706 1192 5765 Παῦλος
1212 5709 1241 5759 ὁ
1264 5705 1346 5767 είς
1374 5704 1560 5774 τρίτον
1580 5700 1810 5772 οὐρανὸν
1832 5702 1989 5757 ἀνελ-

402 5800 532 5869 θὼν,
557 5800 648 5854 καὶ
680 5799 788 5852 τῶν
814 5799 1072 5869 ἀρρήτων
1097 5798 1156 5849 ὲν
1184 5794 1503 5865 παραδείσῳ
1528 5793 1791 5866 ῥημάτων
1814 5792 1985 5849 ἀκού-

693 5894 958 5954 ΡΑΤιιοι..
990 5892 1104 5952 GR.
1153 5888 1414 5952 CXXX.

2095 4583 2278 4639 tibili?
2306 4585 2362 4639 Si
2406 4585 2617 4638 ratione
2648 4583 2950 4652 impatibili,
2979 4586 3253 4654 quomodo
3305 4601 3499 4656 passus
3556 4601 3637 4643 est
3668 4589 3691 4642 ἲ

2092 4676 2284 4747 Magno
2310 4679 2592 4746 loquemur
2609 4678 2868 4738 clamore,
2896 4686 2954 4730 ut
2988 4677 3303 4746 insipienter
3321 4680 3691 4750 intelligatur?

2091 4770 2225 4837 Quis
2269 4771 2398 4823 vidit
2426 4768 2659 4839 aliquem
2692 4784 2800 4824 non
2830 4769 3098 4823 labentem
3132 4769 3261 4836 labi,
3293 4786 3400 4826 non
3455 4787 3685 4843 surgen-

2093 4874 2199 4916 tem
2225 4876 2470 4931 surgere,
2504 4874 2610 4914 non
2638 4861 2981 4915 laborantem
3014 4859 3291 4927 laborare,
3331 4862 3687 4932 insipientem

2092 4969 2305 5025 sapere,
2340 4970 2441 5009 non
2483 4952 2825 5021 adjuvautem
2851 4954 3063 5022 juvare,
3101 4970 3209 5010 non
3245 4956 3546 5012 solventem
3574 4957 3693 5014 sol-

2091 5063 2240 5115 vere,
2271 5057 2327 5101 ut
2357 5046 2482 5101 illud
2513 5047 2674 5101 etiam
2699 5046 3048 5103 admittamus
3080 5063 3096 5103 :
3152 5047 3440 5119 lmpatibili
3478 5051 3690 5107 ratione

2091 5157 2286 5212 passus
2337 5140 2475 5196 est?
2535 5140 2666 5206 Quae
2720 5140 2963 5196 stultitia:
3021 5145 3334 5214 magnitudo
3393 5154 3521 5208 est,
3595 5147 3691 5213 qui

2094 5237 2288 5291 mentis
2368 5243 2600 5303 stupor,
2660 5234 2725 5288 de
2790 5235 3049 5305 mysterio
3094 5238 3330 5292 maxime
3384 5239 3693 5291 venerando

2091 5328 2482 5391 disserentem,
2517 5326 2677 5380 verba
2706 5340 2824 5396 quae
2886 5342 3136 5397 magnum
3197 5337 3448 5381 moveant
3496 5341 3688 5392 nsum,

2091 5421 2494 5488 pronuntiare?
2566 5419 2834 5475 rationem
2897 5418 3116 5482 afferre,
3169 5434 3290 5488 quae
3348 5427 3401 5470 te
3456 5416 3687 5471 rationis

2091 5522 2365 5583 expertem
2401 5512 2643 5567 indicet?
2704 5514 2777 5567 ita
2818 5510 3170 5580 reSpondere,
3225 5517 3287 5561 ut
3335 5506 3688 5576 insipientius

2090 5623 2243 5679 agas,
2284 5622 2445 5677 quam
2503 5606 2548 5661 si
2584 5605 2717 5659 nihil
2748 5605 2976 5659 omnino
3012 5599 3390 5671 respondeas?
3421 5600 3691 5669 interpre-

2090 5698 2353 5752 tationem
2371 5694 2591 5761 aﬂ'erre,
2617 5710 2738 5763 qua:
2764 5694 3024 5763 majorem
3057 5692 3231 5760 pariat
3251 5689 3677 5746 dubitationem!

2089 5790 2200 5846 Cur
2243 5803 2400 5845 nemo
2445 5800 2758 5846 sanetorum
2818 5786 2884 5841 ad
2935 5794 3142 5839 tantam
3209 5782 3688 5852 contemplationis

3292 5873 3367 5936 35
