4082 6480
334 297 474 361 Ῑίιθθ
1592 285 1911 349 liU'l‘llYM
1920 286 1942 346 1

2020 285 2389 346 ZIGABENI
3452 247 3463 257 ’
3491 286 3631 352 1100

330 410 720 468 sublimitatem
811 403 1103 461 ascendit?
1172 402 1281 457 Cur
1339 400 1522 454 dicere
1586 413 1692 452 non
1753 395 1928 466 potuit

2096 417 2135 461 ;ς
2186 398 2287 451 οὐκ
2319 393 2499 462 εἶπεν,
2560 396 2805 451 Ἐπαθεν
2859 397 3112 463 ἀπαθῶς,
3177 398 3321 470 ἀλλ’,
3378 401 3627 470 Ἔμαθε.
3686 458 3708 471 _

332 507 556 560 verbum
610 500 739 555 illttd
768 495 1307 553 celebratissimum:
1364 491 1655 562 lmpatibili
1709 489 1924 543 ratione

2032 489 2222 561 φησιν,
2279 488 2382 561 ἀφ’
2423 484 2513 545 ὧν
2563 489 2773 555 ἔπαθε,
2832 491 2935 545 καί
2988 492 3427 560 πεπειραμένος
3478 495 3633 549 κατὰ

333 572 528 667 passus
559 591 677 648 est?
706 590 928 653 Paulus,
951 587 1040 658 qui
1075 586 1292 641 tertium
1327 584 1382 637 in
1415 583 1612 638 caelum
1646 582 1922 647 sublatus,

2033 582 2235 638 πάντα
2261 582 2392 638 καθ’
2417 584 2742 652 ὁμοιότητα
2771 583 2955 655 χωρὶς
2983 584 3298 654 ἁμαρτίας.
3333 583 3516 640 Εἰπὼν
3537 581 3634 640 οὖν

334 691 390 745 in
424 686 678 758 paradiso
707 683 914 737 audivit
939 693 1134 735 arcana
1168 678 1356 741 verba,
1388 692 1493 732 non
1527 674 1661 729 dixit
1699 692 1712 728 :
1746 674 1925 742 Impa-

2034 676 2187 731 κατὰ
2210 674 2408 730 πάντα
2436 677 2568 732 καθ’
2591 678 2913 747 ὁμοιότητα
2934 678 3397 748 πεπειραμένος,
3416 678 3632 750 πὸρῤωο

339 781 472 835 tibili
509 779 716 833 ratione
742 789 931 843 passus
981 781 1107 828 est:
1171 772 1290 838 sed,
1330 768 1548 835 Didicit,
1610 769 1806 837 inquit,
1859 779 1925 820 ex

2037 768 2131 822 θεν
2160 768 2340 823 ἀνεῖλε
2365 769 2475 822 τῶν
2500 768 2760 823 τοιούτων
2784 768 2958 838 λόγων
2984 769 3084 840 τὴν
3105 769 3405 842 ληρωδίαν.
3441 769 3503 824 '0
3524 770 3631 838 γὰρ

335 874 531 941 quibus
588 884 776 938 passus
830 875 905 921 est
930 864 972 920 ¹.
1042 862 1107 918 Et
1164 871 1399 917 tentatus
1453 878 1545 930 per
1602 860 1807 923 omnia,
1856 860 1924 913 ad

2040 860 2186 917 κατά
2220 862 2400 916 πάντα
2432 863 2841 933 πεπειραμένος
2873 863 2997 917 καθ’
3024 866 3321 936 ὁμοιότητα
3358 865 3392 936 ἢ
3426 866 3632 918 πέπον-

338 961 770 1026 similitudinem,
821 959 936 1013 sine
962 966 1175 1023 peccato
1198 957 1240 1009 '.
1294 955 1524 1016 Dicens,
1574 969 1667 1021 per
1723 954 1926 1021 Omnia,

2043 957 2134 1011 θεν
2171 957 2272 1010 οὐκ
2313 955 2565 1021 ἀπαθῶς,
2612 956 2700 1011 ἴνα
2740 956 2959 1032 φυλάξῃ
2996 958 3058 1013 τὸ
3101 959 3247 1014 κατά
3284 958 3462 1012 πάντα
3507 958 3634 1011 καθ’

340 1058 410 1111 at!
439 1053 858 1116 similitudinem,
926 1051 1041 1103 sine
1077 1059 1289 1118 peccato
1324 1057 1578 1108 tentatus,
1622 1045 1928 1100 istiusmodi

2038 1050 2359 1121 ὁμοιότητα,
2411 1051 2444 1118 ἦ
2494 1047 2592 1105 καὶ
2638 1050 2766 1115 τοὺς
2812 1050 3008 1117 ἄλλους
3052 1052 3300 1107 δείκνυσι
3355 1050 3634 1113 παθόντας

341 1151 633 1203 verborum
670 1160 869 1215 nugas
924 1140 1106 1212 procul
1161 1140 1411 1196 removit.
1465 1136 1568 1205 Qui
1623 1138 1766 1191 enim
1830 1151 1932 1206 per

2040 1145 2286 1210 ἀπαθῶς,
2311 1144 2401 1198 ἵνα
2434 1143 2586 1215 σώσῃ
2609 1142 2710 1215 τὴν
2733 1143 2871 1214 πρὸς
2894 1144 3093 1207 αὐτοὺς
3118 1144 3439 1216 ὁμοιότητα.
3466 1143 3636 1197 Ὥστε

341 1242 520 1296 omnia
601 1248 839 1292 tentatus
902 1246 987 1288 est
1042 1235 1107 1287 ad
1169 1231 1601 1295 similitudinem,
1659 1242 1752 1285 aut
1820 1244 1931 1283 non

2041 1238 2075 1309 ἦ
2115 1237 2211 1292 καὶ
2241 1238 2334 1292 τὸν
2362 1236 2592 1306 Σωτῆρα
2623 1234 2960 1295 πεπονθέναι
2984 1234 3206 1309 ἀληθῶς
3232 1235 3600 1306 ὁμολογητέον
3619 1274 3635 1299 ,

342 1330 626 1402 impatihili
663 1330 869 1382 ratione
910 1340 1105 1395 passus
1161 1334 1267 1388 est,
1328 1332 1387 1377 ut
1444 1329 1692 1378 servaret
1755 1319 1930 1375 illud:

2043 1331 2078 1400 ἢ
2131 1331 2227 1383 καὶ
2271 1331 2399 1393 τοὺς
2444 1328 2641 1391 ἄλλους
2699 1327 2929 1395 ἀπαθῶς
2971 1326 3329 1394 πεπονθέναι,
3378 1323 3456 1382 ὧν
3509 1325 3637 1381 καθ’

338 1441 435 1493 per
488 1422 687 1485 omnia,
751 1420 820 1474 ad
879 1416 1307 1483 similitudinem,
1395 1423 1488 1468 aut
1565 1414 1702 1469 alios
1771 1413 1934 1467 etiam

2043 1423 2339 1495 ὁμοιότητα
2366 1419 2775 1492 πεπειραμένος
2793 1421 3116 1490 ὁΔεσπότης
3143 1420 3505 1494 κηρύσσεται.
3539 1419 3639 1484 Τίς

343 1515 629 1587 impatibili
680 1512 889 1567 ratione
920 1526 1107 1582 passos
1142 1507 1400 1573 ostendit,
1425 1514 1485 1560 ut
1528 1504 1936 1561 similitudinem

2044 1516 2102 1571 δὲ
2139 1517 2236 1570 καὶ
2274 1515 2554 1585 ὑπομονῆς
2586 1512 2864 1579 ἀπόδειξις
2898 1515 2964 1569 ὲκ
2993 1496 3095 1568 τού
3120 1516 3316 1568 παθεῖν
3350 1514 3581 1578 ἀπαθῶς
3613 1530 3630 1578 ;

346 1627 469 1663 cum
523 1608 633 1663 illis
690 1610 1059 1661 conservaret.
1133 1599 1474 1675 Quapropter
1525 1606 1621 1652 aut
1690 1594 1937 1651 conﬁteri

2047 1609 2174 1673 Πῶς
2220 1607 2440 1677 λέγεται
2482 1605 2732 1679 ὑπομονὴ
2778 1604 2873 1660 τοῦ
2912 1605 3178 1679 Χριστοῦ,
3229 1608 3283 1661 εἰ
3325 1606 3401 1677 μὴ
3453 1607 3637 1659 πόνων

345 1709 560 1773 oportet
621 1698 965 1754 Senatorem
1025 1708 1153 1748 vere
1205 1706 1425 1762 passum
1485 1705 1626 1755 esse,
1678 1698 1770 1744 aut
1802 1688 1940 1744 alios

2049 1699 2305 1770 αἴσθησιν
2350 1698 2548 1764 ἔλαϐες
2583 1684 2709 1761 Πῶς
2743 1696 2800 1753 δὲ
2831 1699 3108 1754 δείκνυται
3142 1700 3175 1770 ἡ
3211 1697 3493 1768 ἄφραστος
3539 1698 3640 1751 καὶ

348 1797 480 1851 item
514 1791 725 1847 ratione
752 1801 956 1858 passos
1006 1783 1312 1853 impatibili,
1357 1797 1590 1852 quorum
1634 1781 1698 1834 ad
1749 1777 1942 1835 simili-

2050 1788 2444 1859 ἀπαράκλητος
2477 1789 2610 1858 περὶ
2638 1787 2768 1848 τοὺς
2800 1784 3125 1858 ἀνθρώπους
3157 1785 3548 1856 φιλοστοργία,
3587 1786 3639 1839 εί

348 1889 587 1963 tudinem
655 1888 891 1936 tentatus
969 1877 1204 1932 dicitur.
1274 1873 1393 1928 .lam
1473 1888 1594 1944 quas
1669 1872 1945 1943 patientia:

2049 1883 2174 1954 δίχα
2205 1881 2369 1935 πόνου
2407 1880 2468 1932 τὸ
2501 1877 2676 1944 πάθος
2709 1879 2969 1947 ἔγένετο;
3001 1876 3096 1942 Τίς
3124 1878 3223 1950 οὐχ
3249 1879 3488 1949 αἱρεῖται
3525 1896 3638 1933 πα-

348 1971 759 2035 demonstratio,
825 1969 870 2024 si
938 1965 1225 2035 imputibili
1284 1965 1494 2020 ratione
1564 1978 1760 2033 passus
1817 1974 1946 2032 est?

2050 1974 2166 2030 θεῖν
2195 1974 2256 2028 οὐ
2288 1976 2451 2046 μόνον
2481 1972 2621 2042 ὑπὲρ
2654 1972 2847 2039 φίλων,
2870 1969 2988 2025 ἀλλ’
3018 1971 3119 2042 ἤδη
3149 1972 3246 2025 καὶ
3272 1970 3416 2041 ὑπὲρ
3438 1971 3641 2026 ἀντιδί-

350 2067 629 2135 Quomodo
682 2071 907 2117 vocatur
974 2058 1231 2129 patientia
1284 2055 1524 2120 Christi,
1594 2055 1637 2109 si
1699 2053 1943 2109 dolorum

2050 2087 2184 2134 κων,
2228 2067 2386 2138 εἴπερ
2433 2063 2612 2131 ἔξεστι
2655 2062 2849 2117 παθεῖν
2899 2063 3162 2129 ἀπαθῶςς
3215 2061 3321 2117 Τοῦ
3368 2063 3425 2117 δὲ
3471 2065 3640 2135 χάριν

351 2175 569 2215 sensum
631 2173 738 2213 non
791 2152 1030 2209 habuit?
1091 2151 1370 2217 Quomodo
1420 2148 1710 2204 ineﬁ'ubilis
1780 2156 1944 2229 atque

2049 2159 2236 2224 ἔλεγεν
2256 2160 2282 2212 ὁ
2303 2157 2603 2229 Δεσπότης,
2634 2158 2702 2210 Τὸ
2724 2155 2962 2226 πνεῦμα
2983 2158 3315 2226 πρόθυμον,
3334 2157 3370 2224 ἡ
3390 2156 3460 2209 δὲ
3478 2156 3641 2225 σὰρξ

357 2249 804 2321 lucotnparabilis
828 2246 946 2317 ejus
980 2259 1108 2313 erga
1136 2258 1235 2297 nos
1278 2241 1587 2296 ostenditur
1623 2241 1948 2295 benevolen-

2048 2251 2338 2320 ἀσθενὴς,
2381 2252 2541 2322 εῐπερ
2569 2236 2798 2320 ἔμελλεν
2831 2249 3152 2319 ἀναλγήτως
3171 2249 3233 2303 τὸ
3254 2232 3428 2312 πάθος
3467 2265 3643 2321 προσ-

359 2348 455 2410 tia,
511 2345 556 2399 si
593 2343 712 2398 sine
765 2340 953 2395 dolore
1008 2334 1283 2390 cruciatus
1321 2341 1656 2403 mortemque
1685 2329 1951 2400 pertulit?

2053 2348 2262 2413 ίεσθαι;
2300 2343 2462 2398 Ἱνατί
2485 2343 2619 2412 πρὸς
2659 2341 2751 2395 τὸν
2781 2341 3006 2411 Πατέρα
3031 2340 3184 2406 ὲὸόα,
3212 2342 3430 2409 Πάτερ,
3454 2345 3504 2412 ξι
3537 2341 3644 2396 δυ-

356 2436 493 2505 Quis
523 2449 627 2489 non
652 2432 816 2504 eligat
847 2428 958 2499 patl
1007 2441 1112 2481 non
1145 2425 1318 2480 solum
1354 2438 1453 2494 pro
1487 2424 1699 2489 amicis,
1755 2437 1944 2478 verum

2048 2441 2269 2507 νατόν,
2306 2437 2650 2507 παρελθέτω
2679 2436 2780 2491 ἀπ’
2822 2435 2972 2504 ἐμοῦ
3001 2435 3070 2489 τὸ
3103 2434 3396 2504 ποτήριον
3424 2435 3642 2501 τοῦτο;

355 2537 520 2590 etiam
552 2546 655 2603 pro
691 2527 948 2593 inimicis,
994 2525 1037 2580 si
1076 2526 1287 2579 ratione
1310 2522 1417 2594 pati
1458 2520 1585 2576 licet
1618 2519 1951 2589 impatibili?

2050 2534 2206 2597 Τίνος
2241 2534 2298 2587 δὲ
2331 2531 2521 2586 ἕνεκεν
2556 2528 2723 2601 εὐχὰς
2754 2530 2852 2583 καὶ
2884 2528 3169 2599 ἱκετηρίας
3212 2529 3351 2598 μετά
3387 2529 3644 2598 κραυγῆς

352 2626 464 2683 Cur
486 2616 626 2681 dixit
654 2620 914 2675 Dominus
946 2634 961 2674 :
999 2615 1228 2685 Spiritus
1275 2613 1483 2682 quidem
1526 2620 1802 2683 promptus
1846 2620 1946 2678 est,

2054 2630 2284 2701 ἰσχυρᾶς
2329 2628 2425 2681 καὶ
2470 2625 2727 2693 δακρύων
2773 2623 2910 2696 πρὸς
2952 2622 3047 2676 τὸν
3091 2612 3396 2694 δυνάμενον
3444 2623 3646 2688 σώζειν

357 2735 484 2775 caro
543 2716 721 2772 autem
760 2714 973 2782 inﬁrma
996 2708 1039 2773 ⁸,
1099 2709 1143 2764 si
1197 2708 1317 2764 sine
1361 2708 1547 2763 dolore
1585 2708 1861 2762 cruciatus
1896 2715 1953 2762 et

2051 2724 2214 2781 αὐτὸν
2236 2724 2299 2776 ἐκ
2320 2719 2557 2775 θανάτου
2588 2717 2963 2788 προσέφερεν;
2989 2716 3060 2769 Ἢ
3086 2712 3220 2783 γοῦν
3251 2714 3433 2770 πάντα
3462 2715 3643 2786 ἀληθῆ

359 2806 588 2866 mortem
619 2816 737 2863 erat
758 2802 1075 2861 subiturus?
1126 2800 1236 2857 Cur
1273 2800 1341 2855 ad
1399 2800 1611 2855 Patrem
1645 2800 1902 2854 clamavit
1933 2816 1949 2856 :

2051 2809 2396 2877 πιστευτέον,
2456 2809 2549 2862 καὶ
2599 2807 2660 2860 τὸ
2720 2805 2890 2869 πάθος
2935 2804 3191 2875 ἀληθινὸν
3247 2805 3547 2876 λογιστέον,
3608 2806 3641 2876 ἢ

364 2906 551 2970 Pater,
591 2902 864 2972 inquiens,
906 2900 952 2952 si
983 2895 1104 2964 ﬁeri
1140 2903 1331 2965 potest,
1367 2898 1606 2947 transeat
1646 2912 1675 2945 α
1704 2910 1781 2945 me
1806 2894 1951 2946 calix

2052 2903 2148 2959 τοῦ
2194 2903 2404 2966 πάθους
2447 2899 2672 2962 ἀπαθῶς
2712 2898 3048 2969 γεγενῆσθαι
3088 2897 3411 2970 λεγομένου,
3455 2898 3648 2969 σχῆμα

357 3001 456 3052 iste
481 2997 548 3050 ⁵2
576 2994 687 3051 Cur
725 3002 847 3048 vota
882 3002 1183 3060 precesque
1215 3002 1338 3042 cum
1378 2986 1616 3042 clamore
1672 3001 1869 3054 magno
1896 2993 1952 3038 et

2052 2998 2289 3066 ἀνάγκη,
2338 2996 2436 3048 καὶ
2481 2993 2726 3063 δόκησιν,
2773 2991 2869 3044 καὶ
2914 2991 3224 3059 φαντασίαν
3271 2988 3452 3044 πάντα
3499 2990 3648 3058 λογί-

360 3091 620 3162 Ι.ιοι·)ἰιιῖε
652 3087 790 3142 indit
820 3085 886 3141 ad
919 3100 1064 3149 cum,
1098 3081 1189 3152 qui
1227 3096 1449 3137 servare
1499 3081 1670 3149 ipsum
1739 3087 1950 3149 poterat

2058 3090 2269 3156 ζεσθαι.
2326 3087 2390 3141 Εἰ
2440 3082 2532 3139 οὖν
2582 3087 2645 3138 οὔ
2692 3084 2963 3138 πέπονθεν
3002 3082 3243 3151 ἀληθῶς,
3283 3084 3405 3159 οὐδὲ
3442 3084 3647 3154 ἀνέστη

361 3200 391 3239 a
424 3193 596 3239 morte
616 3181 642 3235 ’ί
672 3179 864 3235 Omnia
894 3177 1058 3248 igitur
1087 3189 1216 3231 vera
1246 3173 1517 3229 credenda
1549 3181 1692 3237 sunt,
1724 3182 1777 3226 et
1821 3187 1948 3226 vera

2054 3183 2297 3253 ἀληθῶς.
2356 3182 2420 3234 Εί
2482 3179 2558 3250 μὴ
2621 3178 2792 3242 ὅντως
2861 3177 3128 3245 ἐγεύσατο
3193 3176 3462 3245 θανάτου,
3524 3177 3648 3232 οὐδὲ

365 3291 509 3329 mors
528 3273 908 3329 existimanda.
940 3270 1046 3324 Ant
1073 3270 1117 3324 si
1143 3270 1260 3323 sine
1288 3266 1475 3323 dolore
1505 3281 1699 3335 passus
1730 3264 1949 3329 dit-itur,

2054 3280 2121 3328 τὰ
2161 3274 2368 3345 κέντρα
2403 3269 2593 3324 ἔσϐεσε
2632 3269 2728 3324 τοῦ
2764 3270 3022 3325 θανάτου.
3070 3270 3196 3326 Ἔτι
3233 3270 3402 3342 ἐσμὲν
3438 3274 3494 3326 ὲν
3524 3274 3648 3336 ταῖς

365 3382 589 3422 necesse
623 3376 706 3419 est
731 3375 789 3418 nt
824 3363 1079 3433 ﬁguram,
1116 3372 1167 3416 et
1192 3361 1526 3431 opinionem,
1576 3367 1628 3411 et
1678 3356 1948 3410 ﬁctionem

2053 3365 2356 3437 ἁμαρτέαις
2381 3365 2562 3434 ἡμῶν,
2583 3362 2666 3416 έτι
2691 3361 2967 3434 βασιλεύει
2985 3363 3203 3419 πάντων
3231 3365 3258 3417 ὁ
3281 3365 3530 3428 θάνατος,
3565 3364 3647 3420 ἔτι

362 3457 543 3511 omnia
578 3457 745 3511 fuisse
771 3455 1170 3509 existimemus.
1201 3450 1353 3519 Quod
1386 3450 1430 3504 si
1463 3463 1592 3505 vere
1627 3463 1821 3513 passus
1844 3462 1950 3501 non

2053 3463 2155 3530 τῆς
2187 3458 2554 3528 κληρονομίας
2588 3455 2867 3529 ἀλλότριοι
2899 3455 3352 3525 καθεστήκαμεν.
3388 3455 3450 3509 Ei
3477 3460 3587 3528 γὰρ
3617 3457 3647 3508 ό

363 3561 468 3615 est,
534 3560 600 3602 ue
645 3546 862 3617 quldem
888 3543 1235 3608 resurrexit;
1283 3540 1327 3596 sl
1382 3548 1610 3597 mortem
1665 3555 1769 3593 nou
1828 3552 1954 3593 vere

2056 3552 2287 3614 θάνατος
2342 3550 2658 3622 ἀπατηλὸς,
2718 3552 2814 3606 καὶ
2872 3552 2905 3623 ὴ
2964 3551 3203 3623 διαθήκη
3261 3551 3499 3623 ψευδὴς,
3552 3554 3650 3607 καὶ

363 3642 621 3714 gustavit,
658 3653 759 3693 nec
781 3650 909 3692 vere
937 3635 1151 3706 quidem
1179 3633 1370 3687 mortis
1401 3631 1618 3687 aculeos
1660 3630 1948 3684 exstinxit.

2055 3647 2090 3716 ἡ
2118 3645 2457 3717 κληρονομία
2483 3645 2584 3699 οὐκ
2615 3645 2847 3715 ἀληθής.
2873 3644 3059 3717 Νόμος
3094 3645 3228 3717 ἡμῖν
3257 3643 3434 3699 ταῦτα
3464 3643 3650 3710 διαγο-

363 3736 555 3791 Adhuc
583 3746 771 3790 sumus
796 3730 848 3784 in
879 3728 1116 3799 peccatis
1146 3728 1368 3783 uostris.
1398 3725 1582 3780 Adhuc
1638 3738 1784 3779 mors
1836 3741 1953 3778 om-

2060 3738 2230 3811 ρεύειο
2253 3737 2544 3807 Διαθήκη,
2564 3738 2751 3808 φησιν,
2766 3736 2867 3792 ἐπὶ
2887 3736 3125 3805 νεκροῖς
3136 3737 3380 3799 βεϐαία.
3395 3733 3566 3791 Eia-3v
3582 3739 3644 3790 οὗ

363 3830 522 3883 nibus
546 3826 874 3881 demittatur.
898 3821 1089 3876 Adhuc
1115 3819 1446 3875 hereditatis
1465 3828 1714 3886 expertes
1740 3832 1949 3875 sumus.

2056 3830 2324 3901 τέθνηκεν
2376 3829 2550 3895 ὅντως
2581 3830 2610 3883 ὁ
2645 3832 2745 3896 τὴν
2787 3828 2986 3899 καινὴν
3016 3828 3297 3899 Διαθήκην
3318 3829 3468 3900 *πρὸς
3497 3830 3647 3898 ἡμᾶς

362 3918 496 3974 ham
524 3920 570 3974 si
634 3931 781 3973 mors
830 3915 1040 3979 ﬁctitia,
1101 3924 1155 3969 et
1184 3920 1589 3969 testamentum
1634 3909 1854 3977 falSum,
1899 3920 1954 3965 et

2055 3922 2402 3993 διαθέμενος,
2460 3923 2642 3992 ἄκυρα
2705 3921 2774 3974 τὰ
2826 3920 2931 3989 τῆς
2984 3919 3283 3991 Διαθήκης,
3344 3919 3649 3990 ἀπόϐλητοι

364 4015 654 4067 immittis
703 4026 811 4065 non
874 4024 1023 4063 νεῖαι
1094 4006 1219 4062 Πωο
1289 4007 1446 4062 “DNS
1507 4006 1749 4061 ἀεειθτθῑ
1808 4005 1894 4061 ιει
1933 4025 1949 4059 ε
2059 4017 2111 4070 οί
2142 4015 2433 4086 λεγόμενοι
2467 4012 2820 4084 κληρονόμοι.
2867 4009 3010 4065 Ἀλλ’
3041 4010 3227 4078 ἄπαγε
3257 4011 3358 4081 τῆς
3388 4012 3652 4082 τοιαύτης

286 4162 287 4165 η
366 4102 781 4167 Testamentum,
857 4102 1053 4169 inquit,
1118 4100 1173 4153 in
1237 4099 1459 4153 mortuis
1529 4098 1878 4166 conﬁrmatur

2084 4082 2355 4178 ρλυαρίας,
2402 4098 2449 4159 ὦ
2487 4082 2769 4173 ἄνθρωπε.
2813 4103 2926 4158 Καὶ
2963 4106 2991 4156 ό
3017 4103 3342 4173 διαθέμενος
3390 4104 3648 4173 τέθνηκε,
3692 4082 3696 4087 ⁴

363 4194 546 4260 Quare
572 4195 617 4250 si
661 4208 766 4248 non
798 4204 886 4248 est
918 4201 1164 4246 mortuus
1195 4207 1342 4258 vere,
1406 4191 1499 4261 qui
1573 4201 1954 4253 testamentum

2061 4199 2157 4254 καὶ
2195 4201 2230 4271 ἡ
2266 4198 2516 4269 Διαθήκη
2553 4197 2892 4266 κεκύρωται,
2941 4197 3036 4251 καὶ
3077 4199 3111 4268 ὴ
3152 4196 3490 4268 κληρονομία
3534 4200 3651 4260 τοῖς

366 4290 521 4341 nobis
576 4301 773 4340 novum
855 4277 1113 4355 instituit,
1168 4282 1321 4337 irrita
1386 4295 1536 4351 sunt,
1588 4298 1709 4352 qua:
1789 4294 1957 4340 testa-

2065 4291 2385 4345 πιστεύουσι
2418 4290 2732 4361 πρόκειται,
2764 4291 2860 4344 καὶ
2889 4290 2922 4360 ἡ
2954 4290 3201 4360 τιμωρία
3226 4291 3347 4361 τοῖς.
3372 4289 3650 4359 συκοφάν-

363 4390 548 4433 meum
633 4378 1000 4431 continentur.
1067 4375 1170 4441 Qui
1237 4375 1426 4445 scripti
1501 4385 1628 4431 sunt
1693 4377 1956 4445 haeredes,

1734 4379 1956 4445 teredes,
1988 4369 2034 4427 Β
2063 4400 2181 4445 ταις
2205 4382 2561 4455 ἡτοίμασται.
3019 4450 3031 4455 ,
3108 4358 3114 4360 Ἴ
3340 4358 3346 4363 '

366 4472 706 4541 lt‘jlcillnllll‘.
740 4472 939 4529 Verum
965 4473 1165 4525 abeant
1196 4470 1314 4524 ista:
1338 4486 1517 4543 nugae,
1542 4471 1626 4526 vir
1655 4472 1814 4529 bene.
1839 4470 1976 4529 Nam
2004 4486 2065 4531 et
2090 4450 2319 4534 testator
2333 4450 2477 4535 vvere
2502 4489 2747 4534 mortuus
2771 4487 2875 4543 est,
2908 4483 2963 4531 et
2989 4450 3372 4533 testamentum
3401 4484 3485 4532 est
3513 4492 3651 4534 con-

367 4574 661 4638 ﬁrmatum,
691 4578 745 4623 et
776 4564 1065 4621 haereditas
1096 4563 1443 4623 credentibus
1476 4563 1658 4626 datur.
1691 4576 1745 4619 et
1768 4567 2229 4627 calumniantibus
2267 4582 2516 4643 paratum
2545 4579 2630 4627 est
2663 4570 3011 4641 supplicium.

365 4686 621 4758 Ejusdem
656 4685 908 4753 adversus
961 4682 1083 4758 illos
1124 4683 1215 4758 qui
1251 4684 1460 4758 dicunt.
1504 4682 1706 4739 Passus
1738 4692 1840 4748 est,
1894 4694 1950 4738 ut

2054 4686 2173 4743 Τοῦ
2204 4689 2394 4744 αὑτοῦ
2446 4689 2601 4756 πρὸς
2636 4686 2780 4749 τοὺς
2824 4686 3155 4756 λέγοντας,
3204 4683 3299 4738 ὅτι
3345 4685 3575 4741 ἔπαθεν
3618 4690 3656 4742 ό

986 4753 1096 4825 ipse
1122 4753 1309 4808 voluit.
1391 4817 1394 4820 ,
2488 4753 2500 4756 ⁷
2539 4760 2598 4811 Bt

2488 4753 2500 4756 ’
2539 4758 2706 4824 Θεὸς,
2733 4758 2814 4823 ὠς
2843 4753 3168 4825 ἠθέλησεν.

439 4847 572 4903 Cutn
606 4845 878 4916 patibilem
906 4843 1012 4901 non
1067 4856 1293 4916 possent
1326 4832 1574 4903 naturam
1639 4846 1954 4909 ostendere.

2126 4846 2219 4913 Μὴ
2270 4845 2569 4915 δυνάμενοι
2618 4844 2795 4908 δεῖξαι
2836 4845 2938 4915 τὴν
2978 4843 3142 4913 φύσιν
3191 4845 3491 4917 παθητὴν,
3547 4846 3652 4917 τὴν

368 4940 699 4995 voluntatem
726 4953 833 4993 non
861 4946 989 4992 sunt
1039 4937 1195 4993 veriti
1258 4936 1602 4994 calumniari.
1658 4937 1839 5006 Atque
1880 4938 1951 4992 ita

2057 4934 2314 5006 βούλησιν
2376 4938 2786 5005 συκοφαντῆσαι
2827 4937 2930 4987 οὐκ
2992 4933 3271 5005 ὤκνησαν.
3347 4936 3460 4989 Καὶ
3521 4935 3650 5005 περὶ

369 5049 492 5087 eum
525 5032 589 5084 de
632 5042 823 5084 natura
857 5026 924 5083 ab
988 5029 1093 5086 illis
1147 5031 1432 5100 quaeritur,
1487 5032 1820 5098 respondent
1885 5029 1953 5085 de

2057 5018 2274 5097 φύσεως
2318 5025 2702 5096 ἐρωτώμενοι,
2737 5029 2870 5097 περὶ
2912 5025 3223 5097 βουλήσεως
3255 5024 3649 5095 ἀπεκρίναντο.

370 5125 672 5179 voluntate.
702 5119 757 5175 Si
793 5129 984 5174 natura
1026 5135 1183 5188 passa
1232 5131 1340 5187 est,
1371 5121 1548 5176 locum
1574 5120 1825 5175 voluntas
1858 5118 1955 5174 ha-

2053 5119 2117 5171 Εἰ
2154 5117 2381 5188 δεκτικὴ
2409 5117 2614 5182 πάθους
2640 5121 2674 5189 ἡ
2697 5118 2881 5189 φύσις,
2906 5119 3082 5187 ἐχέτω
3106 5117 3293 5188 χώραν
3315 5118 3349 5185 ὴ
3371 5116 3648 5187 βούλησις.

372 5221 516 5271 heat.
545 5213 696 5269 Licet
722 5212 889 5267 ‘euim
922 5211 1120 5267 millies
1163 5213 1418 5269 voluntas
1470 5213 1824 5277 concedatur,
1857 5229 1954 5266 na-

2051 5210 2112 5263 Ei
2144 5211 2237 5272 δὲ,
2273 5209 2375 5263 κᾶν
2431 5211 2699 5280 μυριάκις
2738 5209 2918 5278 δοθείη
2976 5208 3038 5262 τὸ
3091 5208 3304 5273 θέλειν,
3362 5208 3651 5277 ἀμήχανον

367 5314 502 5358 tune
541 5303 623 5358 lex
654 5301 847 5356 inverti
882 5316 989 5356 nou
1016 5309 1214 5371 potest.
1240 5297 1432 5355 Nonne
1459 5300 1638 5355 insani
1711 5299 1950 5355 hominis

2049 5301 2436 5369 ἀνατραπῆναι
2468 5299 2688 5369 φύσεως
2718 5300 2902 5368 νόμον·
2928 5298 3047 5362 πῶς
3067 5298 3129 5353 οὐ
3166 5298 3334 5369 μανία
3363 5298 3425 5350 τὸ
3445 5296 3648 5364 λέγειν,

369 5409 455 5451 est
484 5397 663 5451 dicere
694 5411 710 5454 :
744 5394 945 5452 Passus
978 5403 1083 5458 est,
1118 5403 1176 5447 ut
1224 5392 1340 5459 ipse
1377 5391 1587 5448 voluit?
1627 5389 1769 5458 Quis
1804 5391 1946 5445 enim

2052 5390 2319 5456 Ἐπαθεν,
2371 5388 2447 5452 ὡς
2489 5388 2796 5460 ἡθέλησενς
2849 5388 2922 5443 Ἦ
2954 5389 3037 5453 τίς
3072 5387 3183 5443 τῶν
3210 5388 3271 5443 εὖ
3301 5386 3648 5458 φρονούντων

368 5502 534 5543 sanus
596 5488 810 5560 ignoret
831 5502 951 5542 esse
977 5486 1365 5551 necessarium,
1403 5494 1463 5538 ut
1493 5496 1743 5539 naturam
1766 5482 1958 5537 volun-

2061 5484 2163 5534 οὐκ
2193 5477 2331 5535 οἶδεν
2351 5519 2366 5546 ,
2408 5481 2489 5534 ὅτι
2522 5480 2817 5551 σύμφωνον
2862 5480 2944 5534 δεῖ
2980 5483 3047 5553 τῇ
3079 5480 3239 5549 φύσει
3269 5481 3366 5554 τὴν
3393 5477 3649 5550 βούλησιν

372 5589 450 5631 tus
481 5578 777 5649 sequatur?
813 5596 919 5637 non
951 5588 1128 5633 autem
1158 5586 1217 5633 ut
1272 5575 1361 5631 illa
1417 5591 1575 5631 unam
1627 5575 1680 5630 in
1744 5585 1955 5645 partem

2066 5569 2228 5638 εἶναι,
2259 5572 2354 5628 καὶ
2379 5573 2439 5627 οὐ
2464 5574 2562 5647 τὴν
2587 5573 2687 5642 μὲν
2714 5572 2850 5643 πρὸς
2878 5571 3007 5646 ἀλλο
3041 5574 3260 5646 ῥέπειν,
3299 5577 3392 5646 τὴν
3423 5570 3479 5625 δὲ
3512 5565 3647 5641 πρὸς

442 5716 458 5745 ⁸
498 5715 660 5772 Hebr.
690 5734 744 5783 ν.
781 5720 836 5776 8.
912 5720 932 5751 ‘
957 5717 1126 5775 Hebr.
1166 5716 1359 5784 ",15.
1436 5714 1458 5748 ³
1492 5714 1684 5773 Matth.
1724 5730 1873 5783 sxw,
1901 5716 1991 5771 41.

1176 5731 1241 5784 tv,
1269 5716 1359 5771 15.
1436 5714 1458 5748 ³
1492 5714 1684 5773 Matth.
1724 5730 1873 5783 sxw,
1901 5716 1991 5771 41.
2068 5716 2249 5771 ιιωα.
2286 5676 2291 5681 ν
2326 5712 2538 5772 “Hebr.
2579 5730 2659 5782 ix,
2703 5713 2788 5769 t7.
