4082 6430
382 308 516 370 1103

1621 311 2009 375 EUTHYMII
2059 313 2422 379 ZlGABENI

3521 320 3659 385 1104

377 433 554 474 tanea.
585 419 717 476 Nam
750 422 840 492 qui
879 422 1046 478 Deum
1083 419 1322 476 Verbum
1354 421 1505 486 dicit,
1539 423 1836 492 simplicem
1862 439 1957 478 na-

2071 423 2164 494 ιῆς
2216 429 2438 499 σαρκός.
2509 428 2568 482 '0
2602 429 2702 498 μὲν
2750 427 2859 500 γὰρ
2903 429 3074 484 εἰπὼν
3131 431 3222 486 τὸν
3277 433 3416 487 Θεὸν
3458 435 3656 504 Λόγον,

378 525 552 568 turam
590 514 876 585 signiﬁcat.
928 515 1030 580 Qui
1065 528 1197 569 vero
1225 514 1501 568 Christum
1531 516 1793 580 nominat,
1826 518 1958 569 dua-

373 623 493 662 rum
523 608 725 663 indicat
764 618 1079 662 naturarum
1125 605 1584 672 coniunctionem.
1644 605 1824 674 Atque
1885 607 1959 661 ita

375 715 618 769 congrue
651 709 828 770 potest
857 701 1036 753 dicere
1073 717 1087 752 :
1130 698 1332 754 Passus
1370 709 1458 755 est
1525 699 1800 761 Christus,
1829 713 1958 768 quo.

376 791 521 846 niam
546 791 649 846 hoc
708 806 904 848 nomen
963 793 1076 844 duo
1113 791 1408 863 signiﬁcat,
1471 803 1668 860 nempe
1723 789 1956 845 Verbum

379 881 698 951 impatihile,
766 891 820 936 et
863 895 1083 936 carnem
1151 882 1468 950 patibilem,
1524 897 1644 950 quae
1729 893 1957 936 mortem

375 973 631 1040 gustavit.
664 972 894 1037 Quando
934 987 1031 1026 nec
1063 973 1261 1027 Paulus
1283 975 1419 1028 dixit
1456 991 1471 1030 :
1503 973 1578 1028 Ex
1610 973 1808 1042 quibus
1863 988 1962 1026 nu-

378 1065 478 1117 dus
516 1063 691 1128 Deus,
726 1068 844 1131 sed,
879 1080 945 1118 ex
980 1067 1166 1135 quibus
1219 1065 1463 1122 Christus
1497 1067 1789 1121 secundum
1841 1079 1959 1118 car-

377 1177 513 1228 nem,
551 1169 611 1214 ut
667 1160 970 1216 declararet
1031 1161 1082 1215 id
1133 1163 1274 1231 quod
1341 1162 1806 1222 memoravimus,
1875 1157 1962 1215 δοῖ

376 1253 612 1306 cundum
671 1268 890 1308 carnem
953 1254 1170 1323 quidem
1218 1269 1284 1308 ex
1320 1255 1602 1318 Israelitis,
1657 1256 1957 1308 secundum

378 1345 713 1399 divinitatem
742 1359 873 1399 vero
899 1360 965 1400 ex
1000 1343 1164 1400 Patre
1213 1347 1572 1415 sempiterno.
1632 1344 1747 1398 Non
1773 1345 1911 1398 dixit
1943 1362 1959 1398 ε

380 1436 458 1490 Ex
514 1437 714 1505 quibus
772 1437 915 1494 Deus
980 1439 1280 1492 secundum
1332 1452 1576 1492 carnem.
1661 1438 1813 1491 Idem
1875 1437 1962 1492 dic

377 1528 564 1593 etiam,
596 1539 652 1583 et
675 1531 1036 1593 assentiemnr
1094 1531 1368 1586 Christum
1405 1534 1541 1585 'esse
1605 1543 1821 1599 passum
1879 1541 1965 1582 se-

379 1621 614 1675 cundum
643 1637 887 1679 carnem.
944 1624 1013 1676 At
1046 1623 1090 1678 si
1145 1625 1369 1677 dixeris°
1433 1623 1634 1678 Passus
1691 1625 1788 1690 est}
1825 1621 1964 1676 Deus

377 1727 568 1779 carne,
625 1725 811 1783 aperte
869 1717 1066 1773 doceas
1113 1731 1197 1770 me
1235 1724 1416 1770 utrum
1473 1715 1614 1771 idem
1662 1716 1732 1770 sit
1788 1714 1958 1779 Deus,

2066 518 2245 588 ἁπλῆν
2275 520 2468 573 οὐσίαν
2507 521 2819 591 ἐσήμανεν·
2855 523 2883 576 6
2927 523 2984 576 δὲ
3027 525 3486 595 προσαγορεύσας
3525 529 3662 596 Χρι-

2066 609 2212 675 στὸν,
2244 610 2342 682 τὴν
2365 612 2663 682 συνάφειαν
2695 614 2804 667 τῶν
2823 614 2915 667 δύο
2941 616 3153 684 φύσεων
3176 618 3520 687 έφανέρωσε.
3552 621 3663 673 Καὶ

2064 702 2237 764 οὕτως
2281 703 2544 773 ἁρμόζειν
2572 704 2799 760 δύναται
2837 700 2896 759 τὸ
2934 707 3135 776 λέγειν,
3175 709 3424 762 Ἔπαθεν
3462 710 3492 762 6
3521 712 3662 778 Xpt~

2067 797 2211 858 στὸς,
2241 796 2330 848 διὰ
2356 795 2416 850 τὸ
2441 794 2538 867 τὴν
2564 799 2943 870 προσηγορίαν
2975 799 3180 869 ταύτην
3207 800 3274 852 τά
3317 799 3419 852 δύο
3453 802 3662 868 σημαί-

2065 907 2177 943 νειν
2205 889 2343 958 ἅμα,
2383 889 2478 943 καὶ
2511 888 2602 942 τὸν
2635 889 2825 959 ἀπαθῆ
2872 890 3068 958 Λόγον,
3118 891 3212 944 καὶ
3252 909 3354 961 την
3401 892 3662 960 παθητὴν

2062 981 2241 1052 σάρκα
2291 982 2391 1052 τὴν
2442 981 2746 1051 γενομένην
2799 981 3052 1036 θανάτου.
3101 983 3252 1035 Ἐπεὶ
3299 982 3400 1035 καὶ
3441 983 3662 1046 Παῦλος

2064 1072 2166 1126 ούκ
2193 1068 2368 1136 εἶπεν,
2389 1071 2480 1138 Ἐξ
2511 1066 2586 1126 ὧν
2603 1071 2809 1142 γυμνὸς
2828 1076 2854 1126 6
2879 1073 3032 1139 Θεὸς,
3058 1073 3197 1136 ἀλλ’,
3221 1073 3325 1138 Ἐξ
3342 1067 3435 1127 ὧν
3458 1076 3491 1128 ό
3523 1076 3663 1140 Χρι-

2062 1167 2215 1232 στὸς
2242 1166 2309 1220 τὸ
2347 1168 2498 1220 κατὰ
2527 1171 2745 1234 σάρκα,
2779 1169 2812 1220 ὀ
2841 1165 2926 1218 ὢν
2957 1166 3056 1220 ἐπὶ
3093 1165 3332 1220 πάντων
3364 1168 3538 1232 Θεὸς,
3572 1167 3664 1220 ἵνα

2062 1258 2213 1331 δείξῃ
2256 1258 2349 1311 τὸν
2386 1259 2866 1329 μνημονευόμενον
2908 1259 3048 1312 κατὰ
3087 1260 3186 1329 μὲν
3225 1258 3323 1328 τὴν
3369 1260 3559 1328 σάρκα
3598 1260 3664 1311 ὲκ

2061 1351 2170 1404 τῶν
2214 1347 2591 1419 Ἰσραηλιτῶν,
2632 1351 2774 1402 κατὰ
2805 1348 2861 1400 δὲ
2893 1349 2990 1419 τὴν
3027 1348 3258 1420 θεότητα
3289 1350 3352 1402 ὲκ
3385 1349 3485 1402 τοῦ
3531 1351 3664 1403 αἰω-

2062 1441 2177 1494 νίου
2203 1441 2437 1514 Πατρός.
2470 1441 2563 1508 Μὴ
2587 1436 2761 1505 εἶπεν,
2781 1441 2872 1505 Ἐξ
2889 1435 2962 1494 ὧν
2991 1441 3020 1494 6
3044 1441 3174 1504 Θεὸς
3197 1441 3256 1494 τὸ
3274 1442 3421 1494 κατά
3451 1442 3661 1510 σάρκα.

2064 1534 2138 1587 Τὸ
2197 1534 2330 1586 αὐτὸ
2373 1533 2466 1586 καὶ
2518 1533 2582 1586 σὺ
2637 1532 2785 1600 λέγε,
2849 1518 2958 1585 καί
2989 1531 3293 1602 πείθομαι’
3324 1533 3581 1586 Ἔπαθεν
3632 1533 3662 1586 6

2063 1627 2300 1698 Χριστὸς
2329 1627 2471 1680 κατὰ
2513 1627 2712 1698 σάρκα.
2743 1627 2806 1680 Ei
2837 1627 2892 1680 δὲ
2921 1627 3128 1696 λέγεις,
3161 1628 3411 1680 Ἔπαθεν
3463 1629 3492 1680 6
3523 1626 3662 1689 Θεὸς

2065 1722 2130 1792 τῇ
2172 1719 2359 1790 σαρκὶ,
2396 1719 2607 1786 δίδαξόν
2644 1736 2709 1788 με
2753 1718 2964 1786 σαφῶς,
2998 1722 3225 1789 πότερον
3263 1719 3465 1772 ταυτὸν
3513 1719 3660 1772 κατά

378 1817 433 1862 ct
459 1822 610 1870 caro,
644 1822 712 1862 an
748 1807 892 1862 aliud
923 1817 1086 1879 atque
1109 1808 1276 1862 aliud.
1305 1806 1440 1862 Nam
1483 1809 1527 1862 si
1560 1807 1724 1872 idem,
1762 1821 1956 1876 passus

2071 1783 2229 1883 φύσιν
2246 1783 2408 1878 θεὸς,
2432 1783 2708 1882 καὶ-σὰρξ,
2735 1812 2768 1882 ἢ
2803 1783 2955 1875 ἄλλο,
2981 1810 3077 1866 καὶ
3101 1783 3265 1876 ἄλλος
3296 1811 3359 1863 Εἰ
3385 1811 3493 1880 μὲν
3523 1828 3658 1862 ταυ-

379 1909 459 1954 est
491 1899 634 1954 Dens
660 1899 862 1968 seipso.
889 1899 1034 1954 Idem
1060 1900 1204 1954 enim
1233 1913 1356 1954 esse
1421 1897 1585 1952 Deum
1633 1908 1688 1950 et
1733 1912 1953 1952 carnem

379 1991 600 2045 asseris.
631 1988 726 2045 Sin
760 1991 906 2046 aliud
935 1999 1098 2061 atque
1123 1992 1287 2058 aliud,
1325 1992 1596 2060 quomodo
1621 1991 1721 2045 hoc
1745 1990 1834 2044 illo
1868 2003 1957 2057 pa—

384 2084 534 2148 titur,
568 2097 693 2136 cum
725 2084 910 2138 omnis
941 2094 1138 2138 natura
1170 2084 1371 2154 seipsa,
1399 2098 1507 2139 non
1566 2083 1672 2138 alia
1719 2085 1956 2138 essentia

380 2175 652 2244 patiatur?
679 2175 852 2230 Homo
879 2191 983 2230 non
1016 2177 1220 2247 patitur
1248 2190 1414 2248 equo,
1454 2191 1555 2233 nec
1592 2177 1771 2230 anima
1841 2191 1960 2229 mo-

381 2270 521 2322 ritur
546 2282 730 2328 carne.
759 2269 851 2324 sed
885 2283 1012 2324 caro
1066 2270 1282 2338 quidem
1334 2269 1582 2336 solvitur,
1604 2269 1782 2323 anima
1835 2281 1962 2323 vero

381 2373 690 2430 separatur.
723 2360 892 2415 Homo
922 2369 1100 2416 autem
1132 2371 1382 2417 mortuus
1417 2375 1546 2418 esse
1573 2361 1791 2425 dicitur,
1819 2361 1960 2427 quod

381 2452 488 2505 duo
518 2453 808 2523 signiﬁcat,
841 2454 1080 2508 animam
1117 2453 1374 2508 nimirum
1403 2463 1460 2509 et
1481 2468 1724 2509 carnem.
1766 2452 1832 2508 Et
1873 2455 1961 2508 in-

383 2544 645 2614 telligitur
673 2555 922 2602 mortuus
942 2561 1004 2601 ea
1033 2556 1208 2616 parte,
1239 2561 1360 2617 quae
1425 2555 1654 2602 mortem
1713 2547 1962 2616 suscipit,

384 2636 435 2688 id
463 2646 544 2690 est
593 2651 779 2702 carne,
815 2651 926 2692 non
959 2647 1136 2692 autem
1176 2637 1522 2707 anima,quae
1551 2645 1635 2692 est
1684 2638 1965 2692 immorta-

384 2724 469 2778 lis.
491 2726 601 2780 Cnr
631 2727 801 2795 igitur
836 2741 997 2782 nemo
1035 2726 1206 2781 dicit:
1235 2726 1403 2794 Hujus
1457 2736 1550 2781 aut
1580 2726 1723 2783 illius
1783 2729 1966 2784 anima

387 2827 602 2874 mortua
630 2829 924 2886 estcarne,
963 2821 1081 2886 sed,
1107 2820 1206 2875 llic
1266 2832 1358 2876 aut
1414 2822 1504 2876 ille
1550 2830 1802 2876 mortuus
1860 2829 1965 2887 est,

385 2911 475 2978 qui
507 2925 571 2967 ex
596 2912 775 2967 anima
801 2925 855 2967 et
890 2928 1120 2983 corpore
1150 2913 1767 2980 constabat?Quoniam
1799 2915 1963 2968 etiam

386 3013 509 3074 post
536 3011 762 3058 mortem
795 3005 1030 3059 animam
1053 3005 1254 3060 indicat
1278 3005 1662 3060 immortalem.
1684 3003 1964 3074 Nusquam

387 3113 573 3151 vocem
604 3099 741 3152 hanc
774 3097 1009 3152 admittit
1041 3097 1345 3167 Scriptura,
1411 3107 1467 3153 at
1517 3098 1801 3154 Christum
1847 3111 1970 3153 esse

389 3205 606 3254 passum
660 3191 858 3261 ubique
904 3191 1162 3260 praedicat
1194 3190 1542 3260 apertissime
1574 3209 1588 3246 :
1622 3189 1835 3245 Pascha
1873 3205 1972 3244 no-

389 3290 560 3334 strum
595 3297 690 3348 pro
723 3283 872 3336 nobis
905 3283 1214 3338 immolatus
1249 3291 1327 3338 est
1367 3283 1610 3338 Christus
1636 3285 1678 3338 ³.
1723 3280 1783 3338 Si
1833 3281 1975 3352 pati-

391 3372 509 3425 bilis
566 3372 869 3441 Christus’,
933 3373 1174 3430 Christus
1205 3391 1395 3438 passus
1452 3385 1529 3431 est
1587 3392 1682 3447 pro
1744 3376 1972 3446 peccatis

331 3503 334 3507 .
390 3464 590 3517 nostris
625 3466 919 3519 secundum
951 3466 1257 3535 Seripluras
1277 3469 1316 3522 ³.
1341 3467 1488 3524 Crux
1527 3467 1751 3532 Christi,
1774 3481 1972 3534 corpus

389 3553 631 3622 Christi,
668 3558 889 3628 sanguis
918 3558 1146 3615 Christi.
1181 3559 1464 3626 Quomodo
1491 3570 1694 3615 tantam
1754 3559 1970 3616 testium

391 3649 588 3702 nubem
640 3660 1009 3719 praetereunt,
1066 3665 1165 3709 nec
1231 3653 1704 3718 animadvertunt,
1755 3665 1971 3708 sacrum

391 3737 541 3790 lilnm
568 3749 874 3794 sanctorum
901 3740 1119 3796 Patrum
1153 3750 1354 3799 castum
1380 3743 1432 3797 in
1506 3742 1737 3798 concilio
1758 3740 1975 3798 Nicaeno

391 3831 576 3885 statim
609 3844 730 3902 post
756 3834 846 3887 Dei
879 3844 932 3888 et
961 3833 1140 3890 Patris
1168 3836 1568 3891 confessionem
1624 3834 1970 3905 subiecisse:

394 3922 461 3978 Et
502 3925 554 3976 in
585 3941 748 3978 unum
783 3925 1064 3980 Dominum
1128 3925 1312 3981 Iesum
1361 3926 1658 3993 Christum,
1691 3928 1976 3996 deinceps-

392 4034 498 4087 que
543 4020 926 4088 pronuntiasse
967 4037 1087 4092 quae
1144 4021 1213 4077 ad
1255 4023 1458 4077 nudam
1509 4022 1782 4093 pertinent
1833 4022 1976 4076 divi-

392 4111 640 4174 nitatem,
692 4126 925 4182 quaeque
980 4112 1046 4166 ad
1107 4112 1464 4169 humanitatis
1515 4120 1810 4182 assumpta:
1865 4113 1976 4168 dis-

393 4205 791 4273 pensationem,
823 4214 1076 4274 tanquam
1139 4220 1335 4260 nomen
1367 4205 1477 4260 hoc
1535 4205 1712 4260 solum
1761 4208 1977 4275 proprie

394 4297 784 4350 convenienter
821 4297 1036 4350 diversa
1072 4295 1484 4363 complectatur,
1508 4307 1565 4350 ut
1611 4298 1808 4351 beatus
1862 4299 1977 4366 ipse

392 4385 593 4440 Paulus
657 4396 931 4441 testatur:
989 4387 1182 4453 Nemo,
1245 4387 1520 4456 inquiens,
1568 4387 1976 4456 fundamentum

2062 1909 2196 1969 τὸν,
2250 1904 2452 1958 ἔπαθεν
2503 1905 2532 1958 6
2581 1903 2714 1969 Θεὸς
2752 1901 2956 1974 ἐαυτῷ’
3004 1902 3200 1957 ταυτὸν
3251 1903 3364 1973 γάρ
3417 1901 3496 1969 τῷ
3538 1900 3664 1970 Θεῷ

2065 1999 2245 2068 λέγεις
2292 1999 2392 2069 τὴν
2433 1997 2648 2066 σάρκα’
2685 1998 2734 2049 el
2793 1996 2848 2049 δὲ
2882 1995 3070 2067 ἕτερον
3131 1998 3226 2049 καὶ
3263 1995 3495 2066 ἕτερον,
3542 1995 3660 2055 πῶς

2064 2091 2223 2146 τοῦτο
2251 2089 2442 2158 ἐκείνῳ
2456 2087 2672 2158 πάσχει,
2696 2087 2877 2157 πάσης
2900 2085 3112 2154 φύσεως
3137 2085 3301 2155 ἑαυτῇ
3333 2083 3661 2152 πασχούσης

2067 2183 2167 2255 οὐχ
2195 2182 2358 2254 ἑτέρᾳ
2388 2179 2582 2251 οὐσίας
2609 2178 2685 2232 Οὐ
2734 2178 2934 2248 πάσχει
2972 2175 3257 2242 ἄνθρωπος
3305 2174 3488 2243 ἵππῳ.
3543 2173 3660 2226 Οὐκ

2067 2274 2402 2344 ἀποθνήσκει
2427 2271 2574 2342 ψυχὴ
2599 2270 2784 2341 σαρκὶ,
2805 2267 2940 2322 ἀλλὰ
2958 2267 3147 2321 λύεται
3174 2266 3272 2336 μὲν
3298 2265 3464 2336 σὰρξ.
3494 2262 3656 2333 χωρί-

2069 2362 2222 2430 ζεται
2253 2362 2310 2415 δὲ
2341 2362 2509 2432 ψυχή.
2533 2359 2767 2428 Λέγεται
2803 2358 2883 2424 δὲ,
2915 2358 3191 2428 Τέθνηκεν
3222 2354 3518 2425 ἄνθρωπος
3539 2392 3554 2414 .
3599 2350 3662 2404 τὸ

2068 2457 2180 2510 τῶν
2211 2456 2306 2509 δύο
2335 2453 2634 2524 δηλωτικὸν
2668 2453 2845 2524 ψυχῆς
2883 2451 2980 2506 καὶ
3026 2449 3266 2520 σαρκὸς,
3315 2449 3416 2500 καὶ
3451 2448 3659 2500 νοεῖται

2071 2549 2214 2603 κατὰ
2265 2546 2326 2599 τὸ
2374 2545 2723 2616 ἐνδεχόμενον
2776 2542 3141 2614 τεθνηκέναι,
3200 2539 3454 2592 τουτέστι
3513 2535 3661 2589 κατὰ

2070 2642 2170 2713 τὴν
2204 2640 2383 2711 σάρκα
2403 2681 2417 2703 ,
2444 2639 2506 2692 ού
2533 2637 2674 2690 κατά
2700 2636 2798 2708 τὴν
2829 2635 3098 2690 ἀθάνατον
3117 2633 3318 2704 ψυχήν.
3348 2628 3660 2700 Τοιγαροῦν

2072 2733 2247 2795 οὐδεὶς
2301 2728 2457 2784 εἶπεν
2513 2729 2595 2780 ὅτι
2629 2727 2736 2780 Τοῦ
2775 2727 2946 2788 δεῖνος
3007 2727 3042 2796 ἡ
3098 2725 3245 2795 ψυχὴ
3297 2723 3537 2790 τέθνηκε
3591 2721 3659 2788 τῇ

2077 2824 2263 2896 σαρκὶ,
2303 2823 2447 2886 ἀλλ’,
2484 2820 2546 2876 Ὀ
2571 2819 2718 2873 δεῖνα
2739 2818 3026 2888 τέθνηκεν,
3048 2819 3075 2871 6
3106 2819 3169 2871 ὲκ
3198 2815 3382 2886 ψυχῆς
3423 2815 3521 2868 καὶ
3558 2812 3664 2866 σώ-

2079 2934 2248 2988 ματος
2285 2912 2598 2981 συνεστώς;
2649 2913 2761 2980 Τὴν
2801 2912 2860 2964 δὲ
2905 2910 3085 2982 ψυχὴν
3109 2911 3205 2965 καὶ
3245 2909 3390 2980 μετὰ
3429 2909 3662 2961 θάνατον

2080 3008 2306 3081 μηνύων
2347 3007 2642 3071 ἀθάνατον,
2672 3002 2915 3072 οὐδαμοῦ
2960 3002 3059 3073 τῆς
3091 3000 3317 3074 Γραφῆς
3352 3002 3390 3072 ἡ
3432 2997 3662 3066 τοιαύτη

1998 3144 2042 3204 c
2079 3107 2257 3174 φωνή.
2289 3101 2362 3154 Τὸ
2403 3099 2483 3165 δὲ,
2524 3098 2759 3167 Χριστὸς
2792 3095 2998 3160 ἔπαθε,
3045 3092 3325 3164 πανταχοῦ
3379 3090 3661 3162 προδήλως

2075 3195 2418 3265 κεκήρυκται
2451 3208 2466 3224 ο
2495 3191 2578 3255 τὸ,
2630 3189 2848 3258 Πάσχα
2882 3185 3053 3258 ἡμῶν
3087 3187 3244 3255 ὑπὲρ
3281 3184 3456 3254 ἡμῶν
3481 3183 3662 3250 ἐτύθη

2075 3287 2355 3357 Χριστός.
2393 3283 2463 3339 Et
2492 3283 2761 3350 παθητὸς
2810 3285 2843 3336 ό
2895 3282 3173 3352 Χριστὸς,
3227 3278 3488 3347 Χριστὸς
3515 3273 3663 3330 ἀπέ-

2075 3387 2262 3438 darer
2304 3375 2461 3446 ὑπὲρ
2500 3373 2621 3430 τῶν
2655 3373 2957 3444 ἁμαρτιῶν
2983 3371 3154 3442 ἡμῶν
3185 3369 3337 3425 κατὰ
3372 3373 3484 3436 τὰς
3512 3369 3664 3434 Γραο

2075 3472 2214 3543 φάς.
2268 3471 2328 3524 '0
2409 3468 2647 3538 σταυρὸς
2718 3466 2815 3521 τοῦ
2876 3465 3165 3535 Χριστοῦ,
3242 3465 3305 3518 τὸ
3354 3461 3502 3530 αἷμα
3567 3458 3660 3513 τοῦ

2075 3562 2339 3637 Χριστοῦ.
2402 3563 2528 3625 Πῶς
2598 3560 2856 3614 τοσοῦτον
2930 3559 3094 3628 νέφος
3165 3556 3470 3629 μαρτύρων
3557 3571 3665 3606 πα-

2079 3653 2406 3726 ρατρέχουσι
2462 3651 2538 3721 μὴ
2600 3649 3001 3719 προσέχοντες,
3070 3647 3153 3701 ὅτι
3222 3647 3318 3699 καὶ
3365 3645 3478 3699 τῶν
3522 3641 3663 3697 κατὰ

2075 3748 2314 3802 Νίκαιαν
2359 3743 2531 3812 ἁγίων
2576 3742 2837 3812 Πατέρων
2887 3743 2914 3794 ὁ
2956 3739 3103 3810 ἱερὸς
3153 3737 3250 3792 καὶ
3286 3737 3466 3806 μέγας
3504 3736 3664 3808 χορὸς

2079 3839 2216 3910 μετά
2261 3838 2361 3906 την
2413 3831 2507 3888 τοῦ
2561 3831 2698 3886 Θεοῦ
2731 3832 2825 3886 καὶ
2885 3831 3098 3900 Πατρὸς
3138 3828 3438 3898 ὁμολογίαν
3499 3827 3663 3888 εὐθὺς

2077 3929 2233 3995 ἔταξε
2263 3927 2322 3981 τὸ
2355 3926 2525 3993 ὄνομα
2554 3923 2649 3977 τοῦ
2679 3922 2955 3976 Δεσπότου
2989 3918 3262 3992 Χριστοῦ,
3293 3919 3395 3972 καὶ
3423 3921 3511 3984 εἰς
3555 3917 3662 3970 ἕνα

2078 4024 2300 4090 Κύριον
2317 4019 2551 4089 Ἰησοῦν
2570 4016 2852 4086 Χριστὸν,
2882 4011 2985 4067 εἶθ’
3002 4013 3177 4076 οὕτως
3204 4014 3491 4082 ἐπήγαγον
3518 4011 3586 4064 τά
3601 4024 3660 4062 τε

2079 4115 2258 4185 ὑψηλὰ
2311 4114 2409 4182 τῆς
2455 4111 2745 4177 θεότητος,
2797 4105 2868 4158 τά
2900 4123 2960 4156 τε
2989 4103 3312 4173 οἰκονομικὰ
3358 4103 3462 4173 τῆς
3495 4097 3689 4153 αὑτοῦ.

2079 4205 2543 4278 ἀνθρωπότητος,
2590 4200 2666 4262 ὡς
2709 4197 2902 4251 τούτου
2955 4196 3120 4264 μόνον
3163 4192 3258 4248 τοῦ
3291 4193 3556 4264 ὀνόματος
3589 4191 3662 4269 oi-

2078 4297 2242 4360 κείως
2283 4296 2378 4349 καὶ
2428 4292 2757 4363 προσφόρως
2797 4288 2867 4341 τὰ
2907 4287 3142 4356 διάφορα
3187 4286 3483 4354 δεχομένου
3520 4279 3662 4336 κατὰ

2081 4389 2179 4462 τὴν
2217 4387 2311 4442 τοῦ
2365 4384 2637 4457 μακαρίου
2674 4381 2891 4434 Παύλου
2929 4378 3137 4448 φωνήν.
3159 4377 3452 4448 Θεμέλιον
3469 4373 3665 4462 ἇλζζον

394 4479 544 4532 aliud
571 4490 738 4548 potest
794 4495 1003 4549 ponere,
1059 4451 1256 4543 prta-ter
1301 4451 1379 4544 id,
1417 4451 1578 4550 quod
1609 4481 1836 4549 positum
1875 4490 1968 4544 est,

2084 4451 2288 4546 ούδεὶς
2308 4451 2556 4532 δύναται
2577 4476 2764 4530 θεῖναι
2782 4471 2946 4541 παρὰ
2961 4471 3067 4524 τὸν
3086 4471 3380 4539 κείμενον,
3405 4469 3470 4534 ὃς
3493 4451 3663 4520 ἐστιν

393 4571 534 4635 quod
553 4581 630 4627 est
656 4570 900 4628 Christus
921 4572 1080 4628 Jesus
1108 4571 1238 4628 ‘.Ne
1261 4572 1633 4642 relinquamus
1658 4570 1980 4627 fundamen-

397 4669 690 4735 tum,quod
723 4667 904 4722 omnia
935 4681 1062 4721 vere
1084 4667 1314 4734 suscipit
1348 4673 1576 4734 utraque
1603 4676 1816 4730 natura,
1866 4675 1976 4718 tum

396 4759 650 4825 gloriam,
677 4768 787 4811 tum
823 4761 1126 4814 cruciatum
1183 4771 1239 4812 et
1282 4768 1536 4812 mortem.
1570 4758 1626 4812 Si
1669 4755 1838 4812 Deum
1887 4771 1979 4811 so-

397 4853 509 4905 lum
545 4851 770 4916 dixeris,
801 4851 894 4904 ubi
931 4853 1275 4906 cruciatuum
1330 4851 1632 4904 constitues
1676 4848 1980 4904 necessita-

401 4942 546 4998 tem?
568 4940 624 4996 Si
654 4943 927 4997 hominem
958 4943 1134 4998 solum
1170 4944 1396 5006 dixeris,
1421 4943 1511 4997 ubi
1559 4943 1978 5010 incomprehen-

395 5050 484 5091 sas
511 5034 698 5102 gloriae
726 5033 944 5088 divitias
965 5035 1301 5089 collocabis?
1333 5036 1400 5088 At
1453 5035 1726 5088 Christum
1798 5033 1980 5085 dicere

344 5113 352 5126 ά
400 5131 675 5194 convenit,
714 5130 804 5198 qui
844 5129 1126 5184 divinitate
1165 5130 1382 5197 quidem
1416 5129 1586 5198 gloria
1640 5124 1976 5197 perfruatur,

405 5224 748 5278 humanitate
784 5235 914 5276 vero
964 5223 1251 5290 conjuncta
1306 5222 1581 5276 cruciatus
1635 5227 1978 5288 mortemque

401 5315 686 5374 sustineat.
720 5324 774 5368 et
802 5310 1150 5382 inseparaliili
1183 5312 1570 5378 coniunctione
1627 5325 1788 5366 onme
1822 5310 1987 5362 inira-

403 5409 583 5462 culum
621 5406 885 5477 perﬁciat,
917 5418 1080 5459 omne
1127 5403 1329 5457 donum
1390 5403 1638 5457 ﬁdelibus
1695 5404 1983 5470 largiatur.

409 5496 523 5550 lloc
581 5499 740 5552 modo
789 5507 845 5552 et
897 5495 1154 5552 divinitas
1185 5493 1495 5549 ostenditur
1551 5493 1886 5560 impatihilis,
1933 5503 1989 5548 et

408 5589 526 5641 veri
584 5592 859 5647 cruciatus
905 5602 1070 5662 atque
1108 5605 1276 5654 mors,
1303 5600 1357 5645 et
1392 5603 1680 5644 commune
1708 5588 1985 5642 hominum

411 5677 622 5731 lucrum
650 5687 704 5734 et
733 5685 1017 5752 perspicua
1081 5682 1334 5738 veritatis
1374 5680 1534 5735 ratio.

487 5787 501 5818 '
533 5788 550 5840 Ι
580 5790 706 5844 Cor.
733 5808 784 5858 v,
822 5796 872 5846 7.
951 5795 1115 5848 Ἀρι.
1155 5812 1305 5863 xxvi,
1345 5794 1436 5850 93.
1517 5793 1535 5825 ³
1568 5791 1587 5846 l
1617 5791 1744 5848 Cor.
1779 5809 1868 5861 xv,
1896 5793 1949 5846 5.

2088 4575 2328 4643 Ἰησοῦς
2358 4570 2636 4639 Χριστός.
2669 4569 2760 4638 Μὴ
2792 4563 3216 4632 καταλείψωμεν
3253 4559 3344 4614 τὸν
3372 4561 3625 4631 θεμέλιον
3644 4595 3661 4620 ,

2077 4669 2137 4732 ὃς
2170 4668 2393 4722 πάντων
2438 4665 2557 4717 ἐστὶ
2601 4661 2848 4723 δεκτικὸς
2911 4656 3034 4712 καθ’
3079 4654 3276 4726 έτέραν
3331 4656 3427 4708 καὶ
3470 4653 3661 4722 ἑτέραν

2077 4755 2276 4828 φύσιν,
2318 4753 2421 4822 τήν
2453 4767 2512 4805 τε
2544 4751 2704 4816 δόξαν
2734 4749 2796 4801 τό
2833 4764 2893 4801 τε
2926 4746 3100 4808 πάθος
3136 4744 3408 4815 ἀληθινῶς
3443 4741 3664 4814 προσιέ-

2081 4863 2266 4918 μενος.
2327 4841 2457 4896 Ἐὰν
2507 4841 2670 4910 εἴπῃς
2721 4839 2854 4893 Θεὸν
2908 4840 3108 4907 μόνον,
3158 4836 3262 4890 ποῦ
3308 4837 3419 4890 τῶν
3477 4833 3664 4887 παθῶν

2087 4937 2537 5006 ὲποικοδομήσεις
2580 4933 2680 5005 τὴν
2712 4937 2942 5004 χρείαν;
3007 4932 3133 4985 Ἐὰν
3174 4929 3337 5001 εἴπης
3377 4927 3664 4996 ἄνθρωπον

2092 5030 2287 5101 μόνον,
2316 5026 2420 5080 ποῦ
2473 5025 2573 5096 τῆς
2621 5025 3006 5094 ἀκαταλήπτου
3049 5022 3207 5092 δόξης
3247 5021 3528 5090 ἐπιθήσεις
3573 5017 3663 5068 τὸν

2089 5120 2355 5188 πλοῦτον;
2403 5118 2565 5172 Ἀλλὰ
2597 5119 2830 5188 Χριστὸν
2875 5117 3056 5185 λέγειν
3085 5115 3270 5179 καλὸν,
3308 5117 3376 5184 τῇ
3408 5112 3510 5180 μὲν
3551 5108 3663 5160 θεό-

2086 5232 2211 5285 τητι
2256 5214 2353 5283 τὴν
2399 5212 2557 5280 δόξαν
2607 5211 3048 5283 καρπούμενον,“
3075 5210 3143 5280 τῇ
3179 5207 3432 5278 ἡνωμένη
3471 5204 3528 5256 δὲ
3567 5201 3661 5252 ἀν-

2041 5378 2053 5384 _
2087 5309 2400 5380 θρωπότητι
2454 5308 2515 5360 τὸ
2574 5306 2743 5368 πάθος
2792 5305 3127 5373 δεχόμενον,
3175 5305 3239 5370 τῇ
3275 5301 3330 5352 δὲ
3375 5295 3659 5366 ἀχωρίστῳ

2084 5405 2277 5457 ένώσει
2314 5405 2422 5456 πᾶν
2455 5401 2639 5470 θαῦμα
2669 5396 3146 5468 κατεργαζόμενον
3167 5436 3180 5460 ,
3213 5395 3321 5446 πᾶν
3349 5391 3518 5459 δῶρον
3551 5385 3660 5442 τοῖς

2085 5497 2297 5557 πιστοῖς
2345 5493 2728 5565 χαριζόμενον.
2779 5490 2936 5545 Οὕτω
2982 5488 3263 5541 δείκνυται·
3302 5486 3393 5536 καὶ
3432 5482 3490 5532 τὸ
3523 5476 3660 5528 θεῖον

2085 5585 2326 5652 ἀπαθὲς,
2369 5585 2464 5639 καὶ
2487 5584 2548 5636 τὸ
2574 5582 2742 5645 πάθος
2773 5581 3051 5652 ἀληθινὸν,
3096 5579 3191 5631 καὶ
3227 5577 3337 5629 τῶν
3365 5570 3660 5643 ἀνθρώπων

2092 5681 2152 5732 τὸ
2183 5679 2372 5745 κέρδος
2409 5677 2621 5742 κοινὸν,
2669 5677 2767 5730 καὶ
2795 5677 2822 5730 6
2851 5673 3010 5743 λόγος
3036 5672 3135 5743 τῆς
3169 5669 3426 5742 ἀληθείας
3462 5658 3657 5728 σαφής·

2028 5793 2048 5826 ⁸
2082 5793 2253 5848 lCur.
2299 5791 2496 5859 1H,“.
