4082 6444
271 303 412 370 ΠΟἹ

1522 304 1903 366 EUTllYMII
1947 305 2068 365 ZlG
2081 307 2118 364 A
2134 305 2311 366 BENI

3407 308 3547 374 1103

268 427 548 496 Scriptura
603 425 861 498 indigna}.
925 424 1060 479 Tota
1119 423 1262 480 enim
1326 423 1606 492 Scriptura
1669 423 1846 478 divina

1964 423 2058 494 μὲν
2087 423 2196 494 γὰρ
2229 424 2351 480 θεία
2380 421 2578 496 Γραφὴ
2613 422 2926 496 συμφώνως
2960 423 3110 478 πᾶσα
3144 423 3410 492 διδάσκει,
3441 429 3548 482 σώ-

268 527 586 574 constanter
645 519 806 572 docet
856 519 1090 572 animam
1159 516 1454 586 quamlibet
1501 514 1662 570 unius
1728 528 1850 568 esse

269 609 544 677 corporis.
568 609 608 663 E
639 609 936 679 gentilibus
967 619 1146 663 autem
1178 607 1423 663 nonnulli
1459 607 1670 662 animas
1688 606 1850 662 ratio-

270 703 420 756 nales
438 702 502 754 ad
517 703 968 756 irrationabilium
991 711 1188 756 statum
1207 701 1554 766 reduxerunt,
1571 708 1627 754 ut
1649 699 1851 771 Pytha-

277 807 439 862 goras
472 794 697 862 ejusque
720 793 961 859 asscche,
994 802 1043 847 et
1081 793 1133 848 in
1169 792 1402 848 diversis
1449 790 1849 846 irrationabili—

275 890 392 951 hns,
433 887 576 941 velut
606 888 788 954 porcis
817 896 870 940 et
899 887 1129 941 canibus
1155 895 1213 940 et
1245 886 1498 939 muribus
1543 883 1852 939 collocave-

276 991 428 1042 runt;
465 979 558 1033 alii
613 989 824 1044 autem,
859 991 918 1032 ut
974 977 1335 1048 Porphyrius,
1386 973 1850 1030 irrationabilium

273 1069 484 1123 animas
531 1069 744 1124 ratione
803 1070 1063 1138 praeditas
1115 1069 1533 1134 contenderunt,
1605 1065 1852 1121 dicentes

273 1159 508 1228 aquilam
539 1169 596 1214 et
624 1176 851 1216 corvum
877 1170 930 1214 et
957 1161 1231 1215 cornicem
1260 1170 1315 1216 et
1338 1161 1507 1214 multa
1540 1159 1658 1229 ejus
1689 1171 1854 1229 gene-

274 1253 351 1307 ris
385 1253 613 1307 rationis
652 1268 716 1308 ac
755 1254 998 1308 vaticinii
1027 1253 1328 1323 participes
1359 1267 1500 1307 esse.

349 1345 406 1398 Si
431 1347 530 1398 title
555 1345 752 1416 dzgnus
776 1355 861 1400 est
881 1346 1132 1401 Christus
1157 1345 1246 1414 qui
1273 1353 1326 1400 et
1359 1346 1474 1414 ipsa
1499 1354 1582 1400 est
1601 1346 1808 1401 veritas
1833 1363 1848 1399 :

278 1434 391 1506 Ego
417 1437 581 1501 enim,
627 1438 822 1506 inquit,
880 1454 995 1491 sum
1028 1437 1247 1492 ueritas'
1277 1455 1291 1492 :
1324 1451 1500 1506 meum
1555 1439 1713 1491 tinem
1747 1451 1853 1490 non

1954 533 2127 586 ματος
2159 515 2273 578 ἑνὸς
2306 517 2546 586 ἑκάστην
2577 513 2718 570 εἶναι
2747 516 2951 587 ψυχήν.
2971 517 3092 570 Τῶν
3119 516 3390 587 Ἐλλήνων
3408 518 3464 572 δὲ
3494 519 3548 572 oi

1956 613 2056 680 μὲν
2084 613 2185 674 τὰς
2213 611 2443 679 λογικὰς
2469 609 2653 681 ψυχὰς
2701 612 2784 674 είς
2815 612 3043 678 ἀλογίαν
3079 613 3400 680 κατήγαγον
3419 653 3433 677 ,
3469 613 3548 677 ὡς

1953 705 2003 757 oi
2039 704 2168 774 περὶ
2197 704 2288 756 τὸν
2325 704 2688 772 Πυθαγόραν,
2722 701 2906 765 ἄλλοις
2940 721 2999 756 τε
3033 704 3142 757 τῶν
3173 704 3416 774 αλόγων,
3450 708 3547 760 καὶ

1955 799 2161 868 χοίροις
2196 796 2290 850 καὶ
2320 797 2446 849 κυσὶ
2481 797 2576 848 καὶ
2614 797 2802 866 μυσὶν,
2837 796 3312 865 ἐγκατοικίζοντες
3337 815 3350 828 ·
3409 801 3458 852 οἱ
3487 799 3547 853 δὲ

1952 889 2052 952 τὰς
2103 889 2211 941 τῶν
2261 887 2475 953 ἀλόγων
2524 888 2706 958 ψυχὰς
2750 888 2978 957 λογικὰς
3026 889 3420 957 ἀντέπλαττον,
3472 891 3547 954 ὡς

1954 983 1984 1036 6
2021 981 2334 1053 Πορφύριος
2355 1022 2370 1046 ,
2401 981 2494 1034 τὸν
2520 981 2677 1034 ἀετὸν
2707 985 2801 1036 καὶ
2829 983 2919 1036 τὸν
2957 982 3172 1054 κόρακα
3201 983 3298 1036 καὶ
3326 984 3424 1053 τὴν
3452 1001 3548 1037 κο-

1959 1075 2135 1149 ρώνην
2169 1075 2265 1129 καὶ
2300 1073 2471 1129 πολλὰ
2499 1074 2726 1129 τοιαῦτα
2759 1074 2922 1143 λόγου
2960 1075 3056 1130 καὶ
3091 1075 3355 1146 μαντείας
3383 1075 3545 1146 μετέ-

1956 1183 2073 1237 χειν
2099 1165 2380 1234 λέγοντες.

2029 1346 2090 1399 Ei
2133 1347 2340 1416 ἀληθὴς
2371 1346 2398 1398 6
2432 1346 2688 1415 Χριστὸς,
2731 1345 2764 1418 ἡ
2802 1345 3189 1418 αὖτοαλήθειαο
3237 1344 3388 1416 Ἐγὼ
3415 1347 3546 1418 γὰρ,

1958 1437 2145 1508 φησὶν,
2168 1437 2284 1508 εἰμί
2304 1438 2339 1505 ἡ
2359 1438 2438 1492 ἀλ
2451 1439 2634 1505 θξθεια·
2662 1439 2760 1490 οὐκ
2780 1438 2966 1507 ἔχουσι
3001 1439 3155 1503 τέλος
3185 1439 3242 1492 αἱ
3267 1440 3543 1503 κολάσεις.

277 1530 568 1583 habebunt.
608 1529 709 1583 Ubi
736 1529 882 1583 enim
917 1529 981 1582 de
1037 1528 1217 1584 futuro
1251 1528 1460 1598 judicio
1494 1529 1773 1592 disseruit.
1803 1538 1857 1584 et

1964 1530 2151 1582 Εἰπὼν
2197 1531 2306 1600 γὰρ
2339 1531 2404 1582 τὰ
2452 1531 2581 1600 περὶ
2623 1529 2722 1598 τῆς
2757 1530 3061 1604 μελλούσης
3107 1532 3366 1603 κρίσεως,
3397 1531 3448 1584 τί
3489 1548 3550 1584 τε

277 1621 407 1690 quid
439 1621 520 1675 eis
557 1623 650 1691 qui
684 1637 713 1676 a
745 1623 968 1676 dextera
1003 1623 1120 1690 ejus
1170 1631 1224 1678 et
1250 1623 1336 1692 qui
1373 1637 1402 1674 a
1439 1622 1660 1677 sinistra
1707 1631 1855 1688 sunt,

1964 1621 2078 1692 ἐρεῖ
2108 1623 2223 1682 τοῖς
2252 1622 2317 1674 ὲκ
2347 1619 2543 1686 δεξιῶν
2571 1620 2760 1681 αὑτοῦ,
2793 1622 2888 1674 καὶ
2919 1622 2974 1674 τί
2997 1624 3114 1686 τοῖς
3139 1622 3199 1688 ἐξ
3224 1621 3547 1692 εὐωνύμων,

277 1713 525 1769 dicturus
552 1715 646 1776 sit,
675 1716 942 1784 subjecit:
978 1715 1048 1768 Et
1101 1716 1320 1768 abibunt
1371 1716 1424 1768 hi
1458 1716 1510 1767 in
1537 1714 1855 1784 srtpplicimn

1964 1714 2247 1784 ἐπήγαγεο
2279 1714 2389 1769 Καὶ
2442 1713 2888 1768 ἀπελεύσονται
2940 1710 3107 1770 οὗτοι
3156 1717 3244 1781 είς
3285 1717 3553 1770 κόλασιν

274 1817 548 1872 mnuum,
567 1805 705 1875 justi
732 1823 853 1860 vero
882 1809 937 1860 in
978 1809 1140 1862 vitam
1180 1818 1428 1860 cumam
1459 1807 1502 1860 '.
1531 1807 1613 1860 Ac
1641 1821 1855 1860 rursum

1964 1803 2239 1859 αίώνιον·
2271 1808 2326 1859 οἱ
2354 1803 2422 1858 δὲ
2452 1805 2665 1858 δίκαιοι
2692 1807 2779 1871 εις
2800 1804 2955 1874 ζωὴ-ν
2986 1806 3251 1862 αἰώνιον.
3289 1806 3403 1861 Καὶ
3442 1806 3550 1858 πά-

273 1895 452 1951 dixit:
493 1896 698 1952 γενικὴ
723 1914 905 1952 eorum
935 1915 1038 1951 non
1075 1899 1352 1962 morietur,
1412 1907 1464 1950 et
1500 1899 1638 1966 ignis
1675 1913 1857 1951 eorum

1964 1895 2046 1950 λιν
2072 1898 2315 1967 εἴρηκεν,
2361 1896 2443 1949 δτι
2479 1897 2544 1950 ’0
2561 1896 2812 1964 σκώληξ
2836 1895 3040 1951 αὐτῶν
3074 1899 3147 1952 οὺ
3172 1897 3549 1967 τελευτήσει,

279 2005 386 2044 non
422 1991 794 2060 exstinguatur
825 1991 866 2044 ⁸.
1224 2032 1240 2046 .

345 2080 402 2135 Si
430 2081 644 2136 inﬁnita
677 2091 803 2137 sunt
835 2083 936 2138 aevi
965 2083 1112 2139 illius
1149 2081 1442 2153 Supplicia,
1499 2083 1857 2151 quemadmo-

272 2175 400 2228 dum
437 2176 870 2229 demonstratum
897 2186 1002 2240 est,
1031 2190 1206 2245 neque
1247 2175 1551 2230 daemonum
1583 2175 1690 2229 erit
1743 2189 1857 2229 res-

275 2267 474 2330 titutio,
510 2281 685 2336 neque
720 2279 1064 2336 peccatorum
1091 2269 1388 2323 revocatio.

345 2358 696 2416 Resurrectio
743 2361 849 2416 erit
913 2376 1198 2431 corporum
1257 2363 1310 2417 in
1369 2371 1514 2416 terra
1560 2361 1856 2431 iacentium

275 2453 630 2516 resurrectio,
695 2468 1038 2524 nequaquam
1097 2454 1410 2509 animarum
1469 2467 1592 2523 quae
1648 2453 1860 2508 consis-

277 2550 415 2607 tunt,
439 2542 506 2596 .id
539 2552 642 2608 est,
667 2543 948 2613 pr0priam
983 2553 1234 2598 naturam
1287 2543 1488 2597 habent
1513 2550 1856 2596 constantem

275 2643 330 2687 et
389 2632 822 2689 indissolubilem
879 2635 1178 2690 secundum
1232 2633 1473 2704 ipsarum
1533 2633 1855 2689 essentiam.

274 2723 544 2778 Caeterum
577 2739 798 2778 summae
825 2722 965 2779 foret
986 2722 1289 2793 injustitite,
1326 2734 1555 2789 corpora
1577 2734 1700 2789 qua:
1731 2733 1856 2773 cum

276 2816 476 2870 animis
505 2817 558 2870 in
594 2816 810 2870 virtutis
839 2815 1115 2870 laboribus
1159 2821 1500 2877 cancertant,
1555 2811 1861 2867 communi-

279 2909 380 2962 bus
412 2908 632 2979 privare
669 2909 934 2978 praemiis,
981 2923 1046 2962 ea
1077 2915 1269 2963 contra
1325 2922 1445 2976 quae
1474 2905 1633 2962 simul
1665 2919 1860 2973 pecca-

277 3009 429 3066 runt,
455 3001 600 3058 haud
633 3003 849 3072 punire,
881 3001 1024 3056 solas
1067 3015 1194 3056 vero
1248 3000 1490 3063 animas,
1545 2997 1667 3052 sine
1722 3011 1858 3050 con-

1959 1993 2056 2042 καί
2096 1988 2162 2041 τὸ
2188 1987 2308 2055 πῦρ
2335 1985 2536 2042 αὐτῶν
2560 1991 2633 2044 οὐ
2665 1988 3099 2056 σϐεσθήσεται.

2033 2081 2094 2133 Ei
2133 2080 2486 2150 ἀτελεύτητοί
2516 2083 2654 2134 εἰσιν
2690 2084 2744 2135 αἱ
2775 2081 2867 2135 τοῦ
2904 2081 3101 2145 αἰῶνος
3136 2081 3349 2135 ἐκείνου
3383 2082 3551 2136 κολα-

1963 2186 2100 2236 σεις,
2126 2169 2200 2234 ὡς
2227 2171 2628 2237 ἀποδέδεικται,
2654 2171 2778 2224 οὗτε
2803 2173 3208 2241 τῶνζδαιμόνων
3234 2174 3389 2227 ἔσται
3416 2175 3553 2226 ἀπο-ο

1961 2265 2321 2329 κατάστασις,
2351 2263 2476 2317 οὒτε
2505 2265 2615 2318 τῶν
2645 2264 2990 2335 ἁμαρτωλῶν
3012 2265 3336 2334 ἀνάκλησις.

2049 2355 2115 2409 Ἦ
2154 2356 2476 2418 ἀνάστασις,
2525 2357 2634 2409 τῶν
2676 2357 2951 2427 κειμένων
2998 2359 3078 2420 είς
3125 2357 3230 2427 γῆν
3280 2357 3553 2428 σωμάτων

1961 2449 2116 2503 ἔσται
2146 2450 2444 2512 ἀνάστασις
2465 2490 2480 2513 ,
2511 2449 2570 2502 οὗ
2609 2449 2719 2502 τῶν
2752 2449 2942 2520 ψυχῶν
2963 2491 2977 2515 ,
3020 2449 3227 2512 αἵτινες
3268 2450 3514 2502 ἵστανται
3535 2488 3551 2514 ,

1961 2541 2245 2606 τουτέστι,
2274 2541 2372 2610 τὴν
2401 2542 2610 2594 οἰκείαν
2652 2541 2814 2609 φύσιν
2841 2541 3025 2610 ἔχουσι
3068 2541 3414 2594 συνεστῶσαν
3457 2542 3554 2594 καὶ

1961 2634 2248 2688 ἀδιάλυτον
2280 2633 2356 2703 τῷ
2391 2633 2537 2704 λόγῳ
2565 2635 2664 2703 τῆς
2701 2634 2893 2695 οὐσίας
2941 2634 3142 2687 αὐτῶν.
3193 2633 3461 2705 Ἐσχάτης
3496 2634 3554 2688 δὲ

1963 2726 2061 2779 καὶ
2081 2726 2257 2789 ἄλλως
2274 2725 2510 2790 ἀδικίας,
2531 2725 2599 2778 τὰ
2630 2725 2727 2795 μὲν
2752 2724 3167 2796 συναθλήσαντα
3183 2727 3409 2789 σώματα
3430 2728 3554 2789 ταῖς

1961 2813 2164 2884 ψυχαῖς
2185 2815 2243 2868 ὲν
2265 2817 2374 2877 τοῖς
2399 2813 2519 2867 κατ’
2545 2814 2749 2884 ἀρετὴν
2775 2813 2988 2880 πόνοις,
3022 2815 3133 2870 τῶν
3163 2816 3358 2870 κοινῶν
3384 2815 3556 2868 ἐπάθ-

1962 2906 2071 2960 λων
2102 2908 2430 2977 ἀποστερεῖν
2449 2921 2463 2937 °
2490 2906 2559 2959 τὰ
2587 2905 2633 2959 δ’
2661 2902 2729 2963 αὖ
2763 2907 2928 2962 πάλιν
2948 2907 3428 2978 συνεξαμαρτόντα
3456 2907 3555 2978 μὲ-

1965 3013 2079 3051 νειν
2118 3000 2513 3069 ἁνεπιτῐμητα,
2565 2999 2733 3068 μόνας
2763 2999 2820 3052 δὲ
2865 2999 2966 3063 τὰς
2992 2999 3198 3071 ψυχὰς,
3239 3001 3415 3071 χωρὶς
3443 2999 3554 3052 τῶν

278 3095 626 3152 currentibus
683 3095 1022 3164 corporibus,
1081 3103 1176 3148 aut
1203 3092 1401 3162 duplici
1425 3103 1586 3163 pmna
1625 3090 1858 3153 allicere,

1971 3092 2526 3164 συνδιαπραξαμένων
2545 3093 2837 3163 σωμάτων,
2863 3091 2896 3164 ἢ
2921 3092 3116 3162 διπλῆν
3128 3090 3555 3164 εἰσπράττεσθαι

285 3204 381 3248 aut
415 3190 624 3263 duplici
648 3187 873 3262 praemio
899 3187 1133 3260 dignari.
1170 3185 1324 3253 Quod
1359 3195 1541 3242 autem
1570 3198 1858 3255 corporum

279 3289 387 3343 erit
415 3285 770 3351 resurrectio,
789 3285 904 3354 ipsa
938 3284 1229 3352 Evangelia
1259 3292 1448 3353 aperte
1479 3279 1857 3352 pronuntiant,

280 3382 428 3437 sicut
458 3390 514 3436 et
546 3394 777 3450 magnus
799 3377 1000 3433 Paulus
1027 3377 1188 3432 latius
1212 3377 1266 3431 in
1299 3376 1556 3446 Epistolis
1584 3375 1717 3428 suis.

357 3561 571 3627 Daniel,
605 3561 897 3616 manufesto
953 3561 1022 3616 de
1051 3557 1255 3615 Christi
1304 3573 1474 3629 regno
1531 3559 1860 3626 vaticinans,

279 3655 456 3711 dixit:
491 3655 730 3710 Potestas
763 3653 902 3723 ejus,
931 3660 1160 3721 potestas
1182 3661 1380 3707 atteram
1407 3667 1522 3722 qua:
1554 3667 1656 3705 non
1683 3661 1862 3707 trans-

282 3749 399 3816 ibit,
448 3756 499 3802 et
555 3763 772 3818 regnum
834 3746 951 3816 ejus
1005 3761 1108 3800 non
1157 3742 1580 3814 conumpetur‘.
1643 3741 1864 3798 Gabriel

281 3851 488 3904 autem,
520 3849 806 3909 postquam
834 3847 1035 3894 sancta:
1075 3836 1282 3906 Virgini
1333 3836 1516 3891 lmtum
1549 3835 1616 3889 de
1649 3834 1853 3889 Christi

285 3936 640 4004 generatione
708 3931 951 3986 nuntium
1024 3929 1228 3997 attulit,
1293 3925 1668 3983 subdidit:Et
1713 3925 1862 3995 regni

277 4029 391 4096 ejus
425 4043 526 4080 non
559 4025 660 4080 erit
688 4025 812 4094 ﬁnis
843 4025 884 4078 '.
917 4023 983 4078 Et
1009 4033 1211 4077 nostra
1265 4021 1708 4077 incontaminatu:
1741 4018 1862 4072 ﬁdei

1967 3185 2270 3256 τιμωρίαν,
2328 3184 2361 3254 ἢ
2423 3182 2620 3253 διπλῆς
2673 3181 2862 3249 ἀξιοῦν
2917 3181 3371 3254 μισθαποδοσίας.
3431 3179 3556 3234 Ὀτι

1963 3278 2021 3331 δὲ
2043 3277 2152 3330 τῶν
2173 3276 2445 3346 σωμάτων
2468 3274 2622 3328 ἔσται
2643 3275 2964 3341 ἀνάστασις,
2987 3274 3131 3328 αὐτὰ
3155 3275 3224 3327 τὰ
3244 3271 3558 3342 Εὐαγγέλια.

1963 3371 2176 3441 τρανῶς
2205 3367 2642 3438 ἀπαγγέλλουσι,
2675 3367 2770 3420 καὶ
2801 3367 2828 3420 6
2854 3367 3028 3436 μέγας
3056 3366 3267 3431 Παῦλος
3289 3365 3558 3421 πλατύτε-

1955 3478 2061 3532 -ρον
2089 3463 2147 3514 ὲν
2171 3463 2289 3524 ταῖς
2313 3461 2472 3524 ἰδίαις
2515 3459 2883 3522 Ἐπιστολαῖς.

2036 3554 2332 3625 Προδήλως
2359 3551 2489 3625 περὶ
2513 3553 2614 3616 τῆς
2643 3551 2742 3604 τοῦ
2768 3547 3011 3620 Χριστοῦ
3035 3548 3314 3619 βασιλείας
3343 3563 3559 3619 προφη-

1964 3646 2138 3701 τεύων
2164 3650 2190 3699 6
2205 3644 2427 3715 Δανιὴλ,
2448 3643 2691 3716 εἴρηκεν*
2712 3643 2875 3698 an?!
2889 3637 3368 3708 ἐξουσίααῠτοῦ,
3386 3642 3561 3706 ἐξου-

1965 3737 2073 3792 σία
2092 3735 2351 3802 αἰώνιος,
2378 3733 2511 3803 ἣτις
2530 3735 2600 3788 οὐ
2620 3731 3189 3802 παρελεύσεται,καί
3220 3733 3254 3800 ἡ
3268 3731 3562 3797 ,βασιλεία

1965 3827 2176 3894 αὐτοῦ,
2203 3830 2274 3882 οὺ
2290 3827 2781 3896 διαφθαρήσεται.
2809 3827 2961 3881 Καὶό
2979 3825 3221 3897 Γαϐριὴλ
3245 3825 3304 3880 δὲ
3332 3828 3398 3896 τῇ
3427 3827 3562 3896 ἁγῗᾳ

1969 3921 2231 3992 Παρθένῳ
2248 3920 2349 3990 τὴν
2368 3917 2463 3973 τοῦ
2488 3913 2728 3990 Χριστοῦ
2757 3918 3012 3990 γέννησιν
3037 3915 3559 3988 εὐαγγελιζόμενος,

1971 4013 2336 4085 προσέθηκεν,
2385 4015 2468 4067 ὅτι
2511 4014 2621 4068 Καὶ
2667 4011 2780 4081 τῆς
2817 4013 3154 4080 βασιλείας
3203 4009 3394 4066 αὐτοῦ
3447 4013 3562 4065 οὐκ

279 4132 528 4174 sanctum
559 4117 886 4190 symbolum,
941 4131 971 4169 a
1009 4126 1216 4186 septem
1257 4113 1614 4169 mcumenicis
1640 4112 1858 4182 synodis

1966 4106 2140 4160 ἔσται
2169 4105 2366 4173 τέλος.
2398 4105 2507 4159 Καὶ
2537 4106 2597 4158 τδ
2633 4106 2781 4176 ἱερὸν
2807 4105 2863 4158 δὲ
2889 4104 3162 4176 σῦμόολον
3191 4103 3289 4173 τῆς
3321 4103 3564 4174 ἀμωμή-

282 4220 554 4280 receptum
587 4217 642 4262 et
667 4214 1074 4271 conservatum,
1109 4205 1241 4259 dicit
1269 4223 1285 4262 :
1322 4221 1340 4254 ι
1371 4203 1536 4273 Cujus
1571 4203 1722 4268 regni
1753 4217 1855 4254 non

1967 4217 2062 4252 του
2114 4200 2356 4264 πίστεως
2405 4200 2591 4271 ἡμῶν,
2638 4199 2743 4252 ὑπὸ
2799 4200 2909 4252 τῶν
2962 4200 3102 4254 ἑπτὰ
3161 4197 3564 4266 οίκουμενικῶν

280 4275 567 4362 erit-ﬁnis,
599 4319 619 4352 ι
656 4299 865 4355 scilicet
920 4297 1073 4368 regni
1127 4296 1355 4360 Christi,
1423 4297 1489 4350 de
1535 4309 1645 4363 quo
1682 4307 1858 4349 sermo

1970 4292 2209 4344 συνόδων
2253 4291 2440 4363 δεχοέν
2487 4311 2544 4344 τε
2587 4293 2680 4345 καὶ
2730 4292 3031 4363 φυλαχθὲν,
3071 4275 3284 4362 φἠσίνο
3321 4284 3403 4346 υῦ
3453 4287 3564 4357 τῆς

279 4407 383 4452 est.
418 4397 594 4462 Quam
643 4393 821 4449 multo
874 4393 1041 4463 igitur
1097 4389 1185 4447 isti
1249 4390 1353 4444 nde
1405 4388 1682 4457 digniores
1738 4396 1858 4441 sunt

1964 4383 2290 4450 βασιλείας
2347 4387 2460 4438 οὐκ
2515 4385 2690 4439 ἔσται
2746 4382 2960 4451 τέλος,
3016 4383 3263 4453 δηλονότι
3320 4382 3420 4451 τῆς
3465 4379 3563 4434 τοῦ

279 4491 516 4561 Origene
550 4487 641 4560 qui
677 4488 836 4542 linem
869 4484 1188 4540 habiturum
1239 4499 1358 4538 esse
1382 4481 1583 4537 Christi
1639 4496 1858 4550 regnum

1973 4477 2233 4547 Χριστοῦ,
2279 4481 2409 4550 περὶ
2443 4472 2503 4534 οὗ
2543 4479 2572 4532 6
2605 4477 2783 4548 λόγος.
2818 4477 2993 4532 Πόσον
3038 4471 3133 4530 οὖν
3170 4469 3320 4531 οὗτοι
3361 4475 3565 4538 πάντες

279 4583 554 4638 tubulatus
579 4582 701 4637 est?

351 4771 615 4841 Origenes
637 4768 775 4824 dixit
800 4769 964 4822 Deum
994 4764 1084 4836 qui
1114 4779 1144 4817 a
1173 4778 1280 4818 non
1309 4762 1548 4818 creando
1601 4759 1865 4832 processit

281 4865 347 4919 ad
373 4862 670 4917 creandum
700 4856 1044 4914 rationabilia
1076 4866 1239 4926 atque
1289 4850 1589 4918 sensibilia,
1645 4852 1868 4907 omnino

282 4963 350 5014 ah
376 4957 481 5011 alio
512 4957 579 5009 ad
611 4952 1109 5008 aliud‘conversum
1151 4964 1294 5005 esse.
1347 4948 1454 5003 Nos
1511 4955 1689 5002 autem
1726 4946 1858 5000 dici-

285 5065 407 5105 mus
444 5062 569 5103 cum
609 5060 715 5098 non
738 5043 917 5112 quoad
953 5049 1225 5106 naturam,
1255 5044 1348 5094 sed
1380 5039 1559 5110 quoad
1589 5037 1866 5104 Operatio-

285 5159 405 5197 nem
439 5154 562 5195 esse
614 5149 963 5195 conversum,
1019 5131 1102 5185 vel
1132 5132 1332 5199 potius,
1391 5144 1459 5183 ne
1515 5129 1691 5200 quoad
1731 5127 1870 5180 hanc

283 5235 526 5304 thitit'm,
583 5229 774 5286 habuit
799 5229 944 5283 enim
978 5241 1193 5296 semper
1224 5229 1544 5294 potestatem
1569 5219 1788 5274 creandi
1818 5227 1873 5271 et

283 5319 614 5387 producendi
649 5323 905 5386 :operala
925 5323 1107 5370 autem
1124 5323 1205 5368 est
1227 5313 1340 5367 huc
1366 5319 1633 5383 potestas,
1653 5307 1868 5379 quando

281 5413 384 5480 ipsi
421 5410 800 5468 conveniebat.

353 5506 622 5573 Antiquus
665 5505 883 5573 quidem
931 5501 1214 5570 Origenes,
1272 5495 1620 5549 anathemate
1677 5503 1861 5547 autem

281 5595 529 5650 mniixus
552 5609 635 5652 est
665 5615 691 5649 a
724 5599 911 5668 quinta
945 5595 1172 5666 synodo.
1208 5591 1384 5656 Quan
1417 5587 1580 5641 etiam
1612 5598 1870 5656 opportu-

282 5700 348 5738 nc
377 5687 466 5738 hic
497 5702 614 5755 quae
635 5691 699 5743 ad
733 5705 854 5743 eum
903 5688 1199 5758 pertinent,
1257 5689 1682 5735 commemorata
1711 5689 1858 5734 sunt.

354 5779 366 5807 ¹
406 5775 564 5830 Jonn.
607 5797 714 5844 xw,
742 5783 793 5835 6.

1973 4571 2411 4643 ἀξιοπιστότεροί
2431 4572 2568 4626 εἰσιν
2611 4570 2946 4643 Ὠριγένους,
2981 4569 3136 4636 τέλος
3165 4567 3309 4642 ἔχειν
3341 4567 3440 4640 τὴν
3467 4564 3564 4620 τοῦ

1973 4663 2211 4735 Χριστοῦ
2240 4663 2524 4736 βασιλείαν
2548 4662 3061 4735 μυθολογήσαντοςς

2044 4755 2279 4825 Ἔλεγεν
2320 4756 2636 4828 Ὠριγένης,
2671 4755 2754 4810 ὅτι
2776 4759 2804 4810 ὀ
2832 4757 2968 4821 Θεὸς
2990 4757 3100 4811 ἀπὸ
3129 4755 3224 4811 τοῦ
3253 4753 3329 4828 μὴ
3358 4754 3568 4820 κτίζειν

1971 4847 2144 4903 ἐλθὼν
2187 4851 2268 4912 είς
2310 4849 2370 4904 τδ
2403 4847 2614 4914 κτίζειν
2645 4850 2713 4904 τά
2745 4867 2804 4902 τε
2835 4850 3002 4922 νοερὰ
3055 4851 3153 4905 καὶ
3191 4850 3260 4904 τὰ
3305 4847 3566 4920 αἰσθητὰ,

1975 4943 2197 5006 πάντως
2246 4940 2461 5010 ἐτράπη
2518 4942 2612 5010 ἀφ’
2668 4942 2860 5013 ἐτέρου
2918 4943 2998 5007 είς
3052 4941 3261 5014 ἕτερον.
3317 4941 3570 5011 Λέγομεν

1973 5033 2028 5086 δὲ
2059 5035 2245 5102 ἡμεῖς,
2280 5033 2364 5084 ὅτι
2395 5032 2454 5084 οὐ
2487 5032 2631 5085 κατὰ
2660 5033 2758 5104 τὴν
2786 5033 2957 5101 φύσιν
2990 5035 3227 5105 ἐτράπη,
3257 5032 3394 5087 ἀλλὰ
3425 5032 3570 5086 κατὰ

1971 5127 2070 5196 τὴν
2106 5127 2392 5197 ἐνέργειαν
2423 5142 2436 5157 °
2478 5127 2680 5196 μᾶλλον
2724 5127 2812 5192 δὲ,
2845 5127 2966 5180 οὐδὲ
3000 5126 3139 5180 κατὰ
3177 5125 3405 5197 ταύτην.
3437 5124 3566 5196 Εἶχε

1976 5219 2076 5288 μὲν
2121 5219 2230 5289 γὰρ
2262 5219 2351 5272 ἀεὶ
2383 5219 2484 5288 τὴν
2525 5219 2757 5290 δύναμιν
2787 5218 2889 5272 τοῦ
2926 5219 3137 5283 κτίζειν
3170 5219 3266 5272 καὶ
3299 5219 3566 5288 δημιουρ-

1972 5314 2120 5380 γεῖψ
2155 5311 2433 5382 ἐνηργήθη
2467 5311 2522 5364 δὲ
2553 5312 2586 5381 ἡ
2617 5309 2844 5381 τοιαύτη
2878 5309 3110 5381 δύναμις
3133 5353 3150 5376 ,
3179 5311 3270 5364 ὅτε
3299 5306 3368 5382 ἦν
3394 5311 3564 5374 είκός.

2044 5493 2286 5557 Παλαιὸς
2326 5494 2425 5564 μὲν
2461 5495 2486 5547 ὁ
2528 5491 2813 5561 Ὠριγένης
2837 5532 2852 5556 ,
2881 5488 3290 5559 ἀνεθεματίσθη
3322 5489 3379 5542 δε
3411 5489 3563 5556 παρᾶ

1973 5587 2073 5655 τῆς
2107 5585 2366 5654 πέμπτης
2401 5582 2644 5635 συνόδου.
2694 5581 2784 5633 Διὸ
2820 5581 2914 5634 καὶ
2955 5578 3195 5648 εὐλόγως
3230 5580 3466 5635 ἐνταῦθα
3494 5576 3565 5633 τὰ

1979 5677 2110 5745 περὶ
2142 5676 2311 5728 αὑτοῦ
2345 5672 2601 5726 τέθειται.

873 5785 890 5811 ³
937 5780 1122 5835 Matth.
1162 5793 1284 5838 xxv,
1326 5774 1412 5828 i6.
1494 5775 1511 5804 ³
1543 5773 1711 5830 Marc.
1757 5771 1955 5838 11,“.
2033 5772 2052 5800 ⁸
2096 5772 2230 5825 Dan.
2271 5785 2366 5835 νιι,
2401 5769 2483 5824 Η.
2563 5771 2582 5799 ³
2627 5765 2760 5822 Luc.
2800 5785 2834 5836 I,
2867 5767 2954 5824 53.
