4082 6402
431 365 572 432 11Ο9

1012 470 1260 525 ’ΠΤΛΟΣ
1306 469 1436 525 KA'.

425 569 587 625 Κατὰ
617 565 1063 634 Μονοθελητῶν
1108 566 1398 634 Σεργίου,
1442 566 1717 633 Πύρῤου,
1770 565 2019 619 Παύλου

492 641 833 711 γεγονότων
857 636 1245 711 πατριαρχῶν
1273 638 1979 711 Ιςωνσταξετινουπόλεως
2001 676 2016 698 ,

494 707 593 765 ἆσαι
620 711 742 765 τῶν
777 711 1021 771 ἄλλων,
1078 707 1213 761 ὅσοι
1249 707 1360 775 τῆς
1400 708 1593 775 αὐτῆς
1639 710 2019 777 συμμορίας’

494 782 592 860 οιαὶ
635 782 859 860 ταύτης
891 779 959 832 δὲ
984 776 1095 860 τῆς
1120 777 1405 860 αἱρέσεως
1439 782 1470 831 ό
1497 776 2019 860 θεοστυγὶγςίτῖευ-

493 851 642 917 ἦρος
669 850 938 919 παρέσχε
965 848 1155 902 πάλαι
1191 852 1298 914 τὰς
1338 848 1649 916 ἀφορμάς-ο
1698 848 1813 919 tofi
1846 851 2020 919 ἁγίου

493 917 771 989 Mutilum}
808 922 881 974 ἐκ
920 919 1028 974 τοῦ
1075 922 1264 985 λόγου
1306 921 1437 983 τοῦ,
1460 920 1593 973 Ὀτι
1618 921 1732 973 οὐκ
1762 917 1939 973 εἷπον
1967 922 2022 974 οι

491 992 752 1059 ΙΙίιτέρες
781 992 879 1044 ἐπὶ
908 991 1174 1056 Χριστοῦ
1220 991 1533 1058 ποσότητα
1567 990 1881 1059 γνωμικῶν
1926 995 2023 1047 tit-

494 1064 805 1131 λημάτων,
842 1062 1005 1115 ἀλλὰ
1034 1059 1343 1130 φυσικῶν.

492 1152 719 1221 Θέλημὰ
744 1153 859 1205 ἐστι
885 1150 1115 1213 φυσικὸν
1142 1148 1375 1219 δύναμις
1400 1148 1494 1202 τοῦ
1518 1148 1662 1203 κατὰ
1680 1147 1844 1219 φὺσιν
1868 1150 2022 1213 ὄντος

421 1244 724 1315 ὀρεκτικὴ,
777 1241 873 1295 καὶ
910 1243 1019 1295 τῶν
1071 1240 1348 1305 οὐσιωδῶς
1393 1244 1459 1312 τῇ
1509 1242 1669 1311 φύσει
1712 1243 2023 1311 προσόντων

426 1335 726 1402 συνεκτικὴ
759 1335 981 1387 πάντων
1015 1331 1344 1403 ἰδιωμάτων,
1387 1332 1509 1385 καθ’
1538 1333 1604 1408 ἣν
1636 1332 1720 1386 ἀεὶ
1751 1331 1829 1400 τῷ
1860 1326 2022 1398 φύσει

420 1424 697 1496 θελητικῷ
738 1424 799 1477 τὸ
831 1425 1140 1495 πεφυκέναι
1174 1424 1351 1476 θέλειν
1393 1425 1740 1494 ἐμπέφυκεν,
1795 1422 1857 1475 οὐ
1888 1439 2022 1475 ταυ-

423 1522 520 1574 τὸν
556 1520 613 1572 δὲ
657 1516 716 1572 τὸ
762 1516 1065 1586 πεφυκέναι
1110 1515 1329 1581 θέλειν,
1372 1515 1465 1568 καὶ
1497 1515 1672 1568 θέλειν
1726 1514 1894 1578 ἐστὶν,
1947 1512 2023 1576 ὡς

423 1612 549 1665 οὐδὲ
575 1610 636 1664 τὸ
669 1610 978 1680 πεφυκέναι
1018 1607 1202 1659 λαλεῖν
1231 1646 1245 1670 ,
1292 1608 1387 1659 καὶ
1415 1605 1620 1667 λαλεῖν.
1669 1607 1891 1674 Πέφυκε
1924 1605 2022 1677 μὲν

425 1704 537 1776 γὰρ
563 1704 650 1758 ἀεὶ
677 1704 737 1756 τὸ
762 1702 1057 1772 λαλητικὸν
1084 1700 1291 1766 λαλεῖν,
1309 1700 1461 1752 λαλεῖ
1486 1701 1542 1752 δὲ
1564 1700 1667 1752 οὐκ
1692 1700 1800 1763 ἀεὶ,
1830 1698 2023 1769 ἐπειδὴ

422 1795 484 1848 τὸ
523 1797 625 1867 μὲν
657 1796 846 1858 οὐσίας
884 1794 1001 1845 ἐστὶ
1033 1793 1181 1863 λόγῳ
1217 1792 1433 1862 φύσεως
1464 1794 1845 1862 συνεχόμενον,
1876 1790 1936 1843 τὸ
1961 1790 2019 1843 δὲ
2054 1832 2097 1890 Β

424 1886 625 1958 βουλῆς
657 1890 722 1958 τῇ
756 1885 852 1939 τοῦ
896 1884 1187 1949 λαλοῦντος
1222 1884 1447 1955 γλώσσῃ
1481 1885 1840 1955 «τυπούμενον
1878 1882 2019 1936 ὥστε

424 1980 646 2048 φύσεως
677 1981 775 2050 μὲν
800 1978 888 2032 ἀεὶ
909 1979 968 2031 τὸ
1003 1978 1312 2046 πεφυκέναι
1339 1977 1543 2043 λαλεῖν,
1589 1974 1940 2038 ὑποστάσεως
1962 1973 2020 2027 δὲ

422 2070 484 2123 τὸ
511 2068 627 2131 πῶς
658 2069 857 2133 λαλεῖν,
891 2066 1081 2137 ὥσπερ
1112 2068 1207 2120 καὶ
1252 2067 1313 2119 τὸ
1347 2068 1653 2136 πεφυκέναι
1702 2066 1898 2130 θέλειν,
1929 2066 2022 2119 καὶ

420 2161 624 2215 θέλειν.
646 2160 704 2213 Ei
725 2160 781 2213 δὲ
809 2159 868 2212 τὺ
895 2161 1202 2229 πεφυκέναι
1242 2157 1419 2211 θέλειν
1451 2160 1544 2211 καὶ
1570 2158 1752 2212 θέλειν
1780 2158 1879 2212 οὐκ
1904 2158 2022 2211 ἐστι

420 2253 646 2306 ταυτὸν·
684 2254 746 2305 τὸ
785 2253 885 2323 μὲν
909 2254 1045 2323 γὰρ,
1082 2252 1156 2314 ὡς
1188 2252 1345 2321 ἔφην,
1386 2251 1596 2315 οὐσίας,
1631 2252 1690 2305 τὸ
1721 2250 1777 2305 δὲ
1808 2250 2022 2323 τῆςτοῦ

424 2346 673 2405 θέλοντος
713 2343 955 2413 ὑπάρχει
1003 2341 1198 2412 βουλῆς
1223 2359 1238 2375 ο
1287 2336 1435 2412 εἶχεν
1479 2341 1588 2412 ἄρα
1622 2339 1681 2393 τὸ
1720 2342 2023 2411 πεφυκέναι

424 2437 600 2488 θέλειν
646 2438 674 2488 ὁ
725 2436 1031 2506 σαρκωθεὶς
1067 2435 1239 2503 Λόγος
1279 2433 1355 2499 ὡς
1406 2433 1696 2504 ἅνθρωπος
1736 2434 1813 2504 τῷ
1857 2434 2025 2490 αὐτοῦ

420 2530 592 2598 θεῖκῷ
646 2529 918 2598 θελήματι
968 2528 1292 2597 κινούμενόν
1369 2543 1431 2580 τε
1506 2528 1603 2580 καὶ
1660 2527 2022 2599 τυπούμενον.

423 2623 496 2675 Τὸ
527 2624 637 2691 γὰρ
669 2623 878 2674 ἐκείνου
911 2622 1089 2675 θέλειν
1120 2663 1133 2685 ,
1180 2621 1347 2689 φησιν
1396 2622 1427 2673 ὁ
1480 2622 1654 2691 μέγας
1703 2619 2023 2693 Γρηγόριος,

420 2716 543 2766 οὐδὲ
574 2715 896 2774 ὑπεναντίον
920 2715 998 2785 τῷ
1030 2714 1174 2784 Θεῷ,
1238 2714 1440 2767 θεωθὲν
1474 2713 1614 2770 ὅλον.
1647 2716 1708 2767 Εἰ
1745 2716 1801 2767 δὲ
1828 2715 2027 2770 τεθέω-

421 2825 503 2870 το,
548 2810 613 2877 τῇ
651 2806 747 2859 τοῦ
791 2806 1043 2869 θεοῦντος
1084 2806 1330 2875 δηλονότι
1378 2807 1632 2877 συμφυῖᾳ
1668 2805 1918 2865 τεθέωτο.
1955 2808 2028 2861 Τὸ

420 2900 477 2952 δὲ
533 2900 690 2953 θεούν
739 2902 836 2953 καὶ
880 2900 1175 2971 θεούμενον
1221 2901 1313 2953 δύο
1351 2903 1603 2968 πάντως,
1642 2901 1761 2955 ἀλλ’
1800 2903 1899 2973 οὐχ
1946 2900 2026 2969 ἓν,

424 2994 515 3045 καὶ
551 2994 715 3061 φύσει
769 2993 1002 3056 ταυτὸν,
1044 2993 1204 3062 εἴπερ
1250 2992 1359 3047 τῶν
1396 2993 1534 3064 πρός
1567 3008 1623 3048 τι
1666 2995 1726 3047 τό
1754 3012 1812 3046 τε
1847 2995 2026 3063 θεοῡν,

422 3087 517 3137 καὶ
559 3086 619 3137 τὸ
660 3086 978 3152 θεούμενον.
1014 3086 1096 3138 Τὰ
1132 3085 1188 3138 δὲ
1240 3088 1376 3157 πρός
1410 3104 1462 3139 τι
1513 3089 1733 3151 πάντως
1776 3087 2029 3158 ἀλλήλοις

1384 358 1770 422 PANOPLIA
1824 360 2291 421 DOGMATICA.
2322 387 2393 396 -
2432 364 2585 426 TIT.
2630 365 2771 425 XXI

3586 366 3721 433 1110

2665 472 2965 529 TITULUS
3022 473 3143 529 XXI

2127 560 2393 639 Aduersus
2430 559 3128 639 ﬂionotlteletns,Sergium.
3156 568 3442 639 Pyrrhum,
3469 569 3717 637 Paulum,

2201 634 2694 710 Constantinopolis
2714 634 3072 710 patriarchas,
3105 634 3339 707 aliosque
3370 634 3604 710 ejusdem
3631 634 3721 710 ge;

2199 707 2361 758 neris.
2397 706 2566 769 Atque
2601 710 2755 760 istius
2786 710 2908 762 item
2931 708 3148 763 [Heresis
3184 706 3292 763 Deo
3333 706 3530 764 inuisus
3565 706 3722 765 Seec-

2200 791 2290 828 rus
2313 776 2537 844 prwbuit
2573 781 2924 832 occasionem.
2982 778 3166 834 Sancti
3200 781 3446 847 Maximi,
3503 797 3570 834 ea:
3597 800 3725 836 ora-

2201 847 2360 909 tione,
2382 863 2484 915 qua
2534 847 2796 911 declarat,
2836 848 3021 903 Patres
3048 868 3148 903 non
3189 852 3387 905 dixisse
3415 853 3478 905 de
3517 853 3725 909 Cltriuo

2196 918 2706 981 voluntatumsensu
2746 921 3162 991 discrepantium
3209 923 3583 995 quantitatem.

2202 1142 2466 1199 Voluntas
2497 1146 2763 1203 naturalis
2791 1156 2877 1203 est
2902 1148 3005 1215 vis,
3033 1160 3295 1220 appetens
3342 1152 3396 1206 id
3422 1153 3571 1222 quod
3625 1171 3724 1206 nn-

2129 1247 2264 1292 turae
2295 1239 2581 1306 convenit,
2621 1250 2674 1295 et
2697 1256 2816 1311 qua:
2841 1243 3087 1297 continet
3117 1258 3311 1299 omnes
3338 1246 3723 1313 pr0prietates,

2126 1348 2246 1400 quae
2271 1346 2365 1401 per
2389 1334 2682 1387 essentiam
2714 1336 2916 1389 adsunt
2950 1345 3185 1397 natura},
3213 1352 3312 1406 per
3339 1354 3503 1406 quam
3569 1354 3719 1392 sem-

2128 1440 2225 1493 per
2260 1434 2471 1479 natura:
2494 1425 2696 1479 volenti
2738 1426 2962 1481 insitum
2998 1436 3103 1493 est,
3135 1437 3193 1482 ut
3245 1430 3407 1485 velit.
3468 1429 3584 1484 Non
3635 1438 3721 1485 est

2129 1526 2309 1573 autem
2342 1516 2486 1571 idem
2516 1517 2723 1573 habere
2760 1518 2974 1573 volendi
3015 1520 3147 1583 vim,
3175 1533 3230 1573 et
3265 1521 3421 1576 velle.
3455 1520 3729 1587 Quemad-

2129 1607 2345 1662 modum
2375 1622 2477 1662 nec
2524 1607 2667 1663 idem
2707 1618 2791 1663 est
2819 1608 3018 1662 habere
3042 1609 3295 1677 loquendi
3318 1610 3449 1675 vim,
3468 1620 3529 1662 et
3561 1608 3731 1673 loqui.

2128 1698 2353 1766 Semper
2381 1697 2521 1750 enim
2555 1696 2982 1765 adestloquendi
3017 1696 3097 1749 vis
3125 1695 3407 1758 naturalis,
3464 1698 3558 1749 sed
3622 1711 3731 1746 non

2128 1805 2346 1859 semper
2370 1787 2633 1858 loquitur.
2674 1784 2810 1839 Nam
2847 1785 2977 1841 illud
3012 1788 3264 1841 essentne
3303 1795 3409 1852 est,
3432 1796 3487 1840 et
3507 1796 3732 1841 cstcum

2126 1882 2337 1937 ratione
2375 1890 2584 1935 natum
2606 1879 2974 1950 conjunctum.
3014 1879 3127 1935 Hoc
3163 1892 3343 1935 autem
3370 1891 3451 1933 est
3474 1881 3733 1934 volunta-

2125 1974 2219 2041 tis,
2251 1982 2305 2028 et
2342 1983 2425 2028 est
2457 1970 2652 2043 lingua:
2679 1970 2952 2038 loquentis
2988 1973 3342 2040 impressum.
3367 1974 3732 2037 Quamobrem

2125 2078 2333 2122 natura:
2360 2064 2577 2135 quidem
2597 2074 2703 2129 est,
2740 2065 2943 2120 habere
2984 2081 3198 2132 semper
3223 2066 3443 2119 insitam
3478 2066 3733 2131 loquendi

2127 2157 2471 2223 facultatem;
2502 2170 2750 2227 persona:
2782 2166 2990 2225 autem,
3020 2158 3122 2211 hoc
3152 2156 3351 2210 autillo
3377 2160 3538 2211 modo
3563 2155 3735 2223 loqui,

2126 2249 2588 2320 quemadmodum
2624 2257 2678 2302 et
2711 2247 2932 2304 insitam
2995 2250 3199 2304 habere
3249 2250 3460 2303 volendi
3496 2250 3627 2315 vim,
3682 2260 3738 2302 et

2129 2343 2231 2397 hOC
2266 2352 2360 2397 aut
2414 2339 2550 2396 illud
2582 2340 2741 2397 velle.
2782 2341 3005 2408 Quodsi
3041 2358 3144 2395 nou
3174 2344 3316 2395 idem
3354 2355 3456 2406 est,
3510 2351 3730 2395 natura-

2127 2433 2232 2487 lem
2266 2433 2469 2489 habere
2499 2431 2712 2487 volendi
2744 2441 3093 2502 patestatcm,
3130 2443 3180 2487 et
3208 2434 3343 2487 velle
3372 2451 3384 2488 :
3415 2432 3544 2487 illud
3569 2433 3737 2496 enim,

2128 2538 2188 2582 ut
2222 2526 2477 2592 diximus,
2511 2532 2596 2581 est
2630 2524 2906 2590 essentne,
2938 2525 3038 2577 hoc
3073 2536 3257 2577 autem
3292 2536 3376 2577 est
3402 2524 3572 2593 ipsius
3640 2538 3737 2579 vo-

2130 2618 2291 2675 lentis
2323 2618 2535 2677 consilii
2567 2635 2592 2673 }
2621 2618 2810 2672 habuit
2840 2615 3025 2686 utique
3056 2617 3360 2671 naturalem
3388 2617 3602 2671 volcndi
3628 2632 3739 2672 Vtm

2128 2711 2375 2769 Verbum
2422 2726 2588 2766 carne
2648 2710 2918 2773 indutum,
2973 2721 3030 2762 ut
3064 2711 3248 2775 ιιοιιιο,
3303 2709 3503 2763 divinae
3565 2711 3740 2779 ipsius

2131 2805 2396 2861 voluntati
2456 2804 2895 2866 consentientem
2954 2814 3009 2857 et
3069 2805 3418 2873 impressam.
3480 2801 3740 2856 Voluntas

2132 2899 2275 2953 enim
2309 2898 2449 2968 ejus,
2480 2904 2543 2951 ut
2575 2911 2803 2967 magnus
2844 2895 2921 2951 ait
2967 2892 3288 2963 Gregorius,
3347 2910 3452 2949 non
3497 2904 3581 2947 est
3632 2894 3741 2947 Deo

2134 2993 2431 3057 contraria,
2456 3006 2577 3045 cum
2619 3000 2727 3045 tota
2758 2992 2827 3044 sit
2876 2988 3060 3045 divina
3100 2990 3331 3045 teildita.
3370 2987 3519 3042 Talis
3551 2998 3737 3041 autem

2134 3084 2325 3140 elTecta
2346 3092 2429 3139 est
2456 3098 2681 3153 prepter
2708 3082 3149 3153 coniunctionem
3182 3081 3348 3149 illius,
3406 3081 3501 3150 qui
3561 3081 3733 3149 ipsam

425 3178 845 3245 συνεισάγεσθαι
892 3178 1144 3246 πέφυκε,
1192 3177 1289 3230 καὶ
1339 3177 1556 3251 θατέρῳ
1594 3181 2028 3234 ουνεπινοεῖσθαι

2138 3175 2373 3233 divinam
2412 3172 2616 3228 eli'ccit.
2655 3171 2811 3237 Quod
2843 3181 3023 3226 autem
3062 3171 3309 3226 divinum
3368 3169 3451 3237 ﬁt,
3487 3179 3542 3223 et
3595 3170 3740 3238 quod

424 3268 674 3338 θάτερον.
714 3269 826 3322 Καὶ
871 3272 993 3338 μετ’
1029 3269 1211 3339 ὀλίγοι⁴
1250 3267 1409 3342 Εἷχεν
1432 3268 1526 3326 οὖν
1557 3271 1768 3344 θέλημα
1799 3273 2028 3342 φυσικὸν

424 3361 498 3423 ὼς
531 3361 818 3431 ἅνθρωπος
859 3363 888 3413 ὁ
919 3362 1150 3431 Σωτὴρ,
1197 3361 1276 3433 τῷ
1323 3362 1487 3417 αὐτοῦ
1538 3363 1707 3436 οεῖκῷ
1754 3366 2028 3437 θελήματι

398 3456 597 3535 .tunoﬁ
607 3472 788 3524 μενον,
815 3455 917 3506 οὐκ
945 3457 1389 3523 ἐναντιούμενον.
1436 3456 1607 3509 Οὐδὲν
1633 3459 1740 3527 γὰρ
1766 3458 2031 3530 ἠναντίω-

423 3562 513 3597 ται
547 3548 870 3599 παντάπασι
899 3544 1020 3615 Θεῷ
1050 3548 1304 3614 φυσικὸν,
1329 3547 1534 3600 ὁπόταν
1565 3547 1692 3599 οὒτε
1726 3548 2026 3620 γνωμικὸν,

424 3637 557 3690 ἔνθα
611 3642 706 3692 καὶ
757 3640 1087 3709 προσωπικὴ
1130 3638 1421 3710 θεωρεῖται
1470 3639 1773 3711 διαίρεσις,
1847 3641 2029 3711 ἄνπερ

434 3726 468 3805 ᾖ
501 3734 644 3784 κατὰ
679 3732 844 3802 φύσιν
868 3776 882 3798 ,
920 3736 1043 3785 ἐπεὶ
1073 3733 1166 3786 τὸν
1199 3734 1436 3806 ποιητὴν
1473 3735 1746 3789 αἱτιατέον
1788 3752 2029 3809 πεποιηκ-

428 3826 565 3877 κότα
592 3826 654 3876 τὸ
687 3827 849 3894 φύσει
889 3826 1222 3896 μαχόμενον.
1260 3827 1384 3891 Πῶς
1420 3829 1477 3881 δὲ
1510 3829 1709 3897 γέγονε
1748 3829 1871 3885 κατ’
1901 3829 2032 3903 ἀλή-

428 3916 582 3969 θειαν
618 3918 909 3987 ἅνθρωπος
958 3920 1268 3991 σαρκωθεὶς
1320 3922 1347 3973 ὁ
1401 3920 1615 3989 Λόγος,
1663 3922 1757 3974 τοῦ
1797 3920 2030 3993 μάλιστα

429 4009 531 4078 τὴν
563 4010 729 4077 φύσιν
754 4013 829 4072 ὡς
863 4011 1092 4082 λογικὴν
1131 4014 1635 4084 χαρακτηρίζοντος
1676 4015 1883 4086 ἕρημος
1916 4014 2027 4081 (iw;

428 4101 503 4154 Τὸ
527 4104 635 4171 γὰρ
659 4103 758 4171 τῆς
783 4106 902 4155 κατ’
928 4103 1116 4173 ἔφεσιν
1146 4103 1439 4176 ὀρεκτικῆς
1468 4107 1840 4183 ἐστερημένον
1873 4108 2032 4180 κινή-

430 4212 605 4257 σεως,
659 4198 753 4247 καὶ
815 4199 996 4267 πάσης
1044 4197 1284 4268 ζωτικῆς
1339 4198 1623 4271 δυνάμεως
1673 4202 2033 4272 ἀμοιρήσειεν

431 4287 518 4340 ἄν.
557 4288 629 4339 Τὸ
677 4288 733 4339 δὲ
789 4288 1031 4358 ζωτικὴν
1086 4288 1187 4341 οὐκ
1248 4288 1371 4361 ἔχον
1423 4292 1487 4344 ἑκ
1536 4291 1752 4361 φύσεως
1804 4292 2034 4364 δύναμιν

430 4379 551 4431 οὐδὲ
604 4379 704 4450 τὴν
770 4379 991 4432 οἱανοῡν
1045 4379 1290 4449 δηλονότι
1359 4379 1564 4452 ψυχήν.
1634 4382 1845 4435 Οὐκοῦν
1902 4384 2032 4455 ψιλῇ

435 4468 733 4538 μορφώσειν
766 4471 967 4539 σαρκὸς
1006 4469 1105 4540 τὴν
1144 4468 1466 4539 οἰκονομίαν
1517 4470 1826 4538 ὲφάντασεν
1850 4510 1865 4535 ,
1916 4471 2034 4525 ἀλλ’

2138 3267 2380 3322 divinum
2422 3265 2571 3329 facit,
2607 3266 2712 3318 duo
2738 3266 2897 3333 plane
2932 3270 3083 3329 sunt,
3120 3274 3175 3317 et
3223 3278 3330 3315 non
3367 3276 3536 3315 unum
3576 3272 3742 3328 atque

2140 3358 2278 3413 idem
2318 3372 2532 3411 natura.
2565 3353 2846 3426 Siquidem
2881 3355 2933 3410 id
2983 3354 3128 3426 quod
3161 3355 3405 3409 divinum
3470 3352 3625 3418 facit,
3689 3363 3744 3405 et

2139 3448 2283 3518 quod
2316 3450 2557 3503 divinum
2585 3447 2839 3515 efﬁcitur,
2868 3457 2994 3503 sunt
3027 3464 3094 3503 ex
3119 3464 3309 3503 eorum
3344 3464 3593 3509 numero,
3618 3463 3738 3517 qua:

2141 3541 2209 3595 ad
2243 3539 2446 3610 aliquid
2481 3540 2817 3595 referuntur.
2856 3540 2989 3607 Quae
3022 3549 3203 3594 autem
3261 3549 3392 3595 sunt
3441 3540 3736 3610 ejusmodi,

2145 3647 2271 3687 sese
2298 3641 2487 3687 mutuo
2511 3634 2798 3699 inducunt,
2840 3641 2981 3687 etes
3013 3647 3120 3687 uno
3174 3631 3406 3687 alterum
3451 3634 3741 3701 cogitatur.

2137 3723 2206 3778 Et
2244 3725 2401 3796 paulo
2430 3734 2555 3796 post
2588 3723 2873 3783 :Habebat
2919 3726 3087 3796 igitur
3123 3724 3456 3780 voluntatem
3520 3737 3743 3779 natura-

2140 3816 2241 3870 lem
2268 3815 2547 3882 Servator,
2564 3802 2636 3872 ἰιι
2659 3818 2845 3884 homo,
2876 3832 2997 3888 qua:
3020 3826 3202 3872 tamen
3227 3815 3419 3872 divina:
3436 3814 3607 3886 ipsius
3637 3832 3745 3869 vo-

2140 3907 2438 3964 luntati'sic
2465 3920 2582 3967 erat
2602 3910 2890 3981 impressa,
2921 3918 2979 3963 ut
3006 3910 3055 3965 ei
3082 3925 3192 3964 non
3222 3919 3571 3980 repugnaret.
3597 3908 3745 3963 Nihil

2139 4002 2283 4056 enim
2315 4001 2563 4058 naturale
2589 4002 2909 4058 adversatur
2932 4001 3068 4068 Deo,
3099 4002 3317 4057 cum~ab
3349 4001 3440 4055 illo
3492 4015 3559 4056 ne
3614 4016 3744 4055 seu-

2142 4093 2316 4149 tentia
2341 4094 2556 4164 quidem
2586 4095 2882 4164 discrepet,
2926 4094 3022 4149 ubi
3047 4104 3102 4149 et
3154 4109 3401 4163 persona:
3463 4095 3747 4148 distinctio

2143 4189 2550 4254 consideratur,
2584 4190 2856 4260 siquidem
2877 4189 3263 4247 sitsecundunt
3294 4199 3575 4246 naturam.
3596 4190 3747 4243 Alio-

2145 4282 2237 4353 qui
2267 4280 2451 4352 opifex
2499 4282 2617 4353 ipse
2687 4282 3031 4339 accusandus
3063 4292 3232 4349 esset,
3257 4281 3301 4338 si
3360 4281 3585 4338 fecisset
3641 4286 3743 4335 ali-

2144 4373 2301 4446 quid,
2334 4375 2476 4444 quod
2518 4384 2715 4430 natura
2754 4390 2944 4435 secum
2978 4384 3271 4448 pugnaret.
3304 4377 3595 4444 Quomodo
3649 4393 3749 4429 au-

2148 4477 2254 4521 tem
2295 4467 2531 4523 Verbum
2592 4484 2761 4523 carne
2824 4478 3107 4538 assumpta
3165 4485 3290 4524 vere
3338 4470 3547 4525 factum
3601 4480 3750 4523 esset

431 4562 492 4613 οὐ
530 4564 693 4629 φύσιν
732 4563 934 4631 σαρκὸς
982 4561 1188 4632 νοερῶς
1247 4577 1308 4614 τε
1349 4565 1444 4615 καὶ
1483 4561 1719 4630 λογικῶς
1759 4564 2031 4633 ὲνεψυχω-

2146 4560 2330 4624 Ιιοιιιο.
2367 4562 2410 4617 si
2441 4577 2507 4617 eo
2538 4564 2681 4634 quod
2706 4570 2957 4617 naturam
2993 4569 3053 4617 ut
3080 4564 3295 4618 ratione
3354 4566 3646 4633 praeditam
3694 4564 3746 4615 in

437 4656 608 4725 μένην
654 4655 781 4706 καθ’
819 4654 1126 4708 ὑπόστασιν
1176 4654 1491 4727 σαρκωθεὶς
1531 4656 1559 4709 6
1602 4655 1780 4724 Λόγος
1824 4658 2037 4729 πεπλήι

438 4763 618 4816 ρωκε,
669 4748 885 4816 θέλημα
920 4747 1155 4814 φυσικὸν
1191 4749 1333 4801 κατὰ
1358 4747 1599 4818 Σευῆρον
1640 4748 1742 4801 οὐκ
1782 4747 1920 4819 ἔχων
1963 4750 2037 4813 ὡς

437 4843 746 4912 ἅνθρωπος.
794 4842 857 4893 Et
897 4842 1004 4911 γὰρ
1043 4839 1262 4911 φυσικῷ
1304 4841 1573 4915 θελήματι
1620 4840 1743 4895 κατ’
1775 4842 2039 4913 ἀλήθειαν

439 4936 512 4996 ὡς
543 4934 831 5004 ἅνθρωπος
872 4929 941 5006 ἦν
983 4933 1232 5002 ἐλλιπὴς,
1274 4932 1481 4995 τέλειος
1524 4934 1650 4987 κατ’
1680 4934 1938 5005 ἀλήθειαν
1976 4937 2038 4988 οὐ

438 5031 663 5097 γέγονεν
694 5028 980 5097 ἄνθρωπος
1002 5066 1017 5090 ,
1060 5026 1171 5079 οὐδ’
1202 5026 1340 5089 ὅλως
1373 5026 1663 5097 ἄνθρωπος
1693 5034 1911 5098 γέγονε.
1942 5030 2041 5095 Τίς

440 5122 550 5190 γὰρ
581 5118 805 5182 ἀτελοῦς
854 5118 1072 5189 φύσεως
1115 5118 1384 5188 ὕπαρξις,
1415 5114 1476 5189 ἧς
1533 5120 1658 5173 οὐδὲ
1695 5121 1852 5191 λόγος
1880 5122 2039 5190 ὲστί;

441 5214 647 5276 Σκοπὸς
675 5213 767 5266 οὗν
809 5214 1040 5283 Σευήρῳ
1060 5252 1077 5278 ,
1119 5211 1215 5264 καὶ
1256 5213 1374 5276 τοῖς
1405 5211 1546 5282 ἀμφ’
1577 5213 1741 5267 αὑτὸν
1776 5214 1866 5269 διὰ
1897 5233 2039 5281 τινος

441 5308 657 5369 πάντως
688 5306 980 5376 ἐλλείψεως
1024 5305 1262 5374 φυσικῆς
1289 5308 1391 5375 τὴν
1430 5306 1882 5376 προσληφθεῖσαν
1916 5309 2041 5363 καθ’

440 5398 634 5452 ἕνωσιν
683 5398 923 5469 ἄρρητον
965 5398 1276 5462 ὲξὼσασθαι
1310 5399 1499 5468 φύσιν,
1525 5400 1626 5472 τῆς
1668 5417 1728 5454 τε
1765 5403 2043 5468 Μάνεντος

441 5488 742 5556 φαντασίας
764 5527 780 5552 ,
824 5488 918 5541 καὶ
953 5489 1051 5555 τῆς
1090 5486 1507 5559 Ἀπολλιναρίου
1541 5489 1862 5562 συγχύσεως
1884 5532 1899 5557 ,
1948 5485 2059 5547 καὶ¹

439 5581 540 5650 τῆς
571 5579 848 5651 Εὑτυχοῦς
892 5584 1307 5644 συνουσιωσεως
1356 5584 1703 5653 ἐπικυρῶσαι
1750 5585 1811 5638 τὸ
1858 5587 2040 5654 μῖσος.

446 5672 758 5743 Μέμνημαι
796 5673 905 5740 γὰρ
944 5672 1086 5726 κατὰ
1114 5673 1212 5744 τὴν
1241 5673 1353 5726 τῶν
1383 5672 1613 5746 Κρητῶν
1645 5675 1811 5746 νῆσον
1835 5678 2043 5747 διάγων

440 5763 604 5818 τινῶν
655 5763 1111 5833 ψευδεπισκὸπων
1169 5767 1309 5835 πρὸς
1368 5766 1468 5835 ἐμὲ
1530 5767 1915 5837 διενεχθέντων
1975 5769 2041 5823 ἐκ

442 5856 541 5929 τῆς
582 5857 823 5927 Σευήρου
872 5857 1090 5931 μερίδος
1141 5856 1424 5925 ἀκούσας,
1478 5859 1551 5925 ὠ,
1588 5860 1677 5917 διὰ
1730 5863 1889 5915 τοῦτο
1947 5862 2039 5917 δύο

2146 4655 2338 4725 primis
2363 4655 2613 4727 insignit,
2639 4657 2897 4712 careret?
2926 4656 3083 4723 Quod
3120 4656 3269 4712 enim
3299 4656 3555 4727 cupiendi
3582 4671 3752 4724 appe-

2151 4750 2409 4820 tendique
2440 4761 2588 4804 motu
2626 4760 2802 4815 caret,
2834 4749 2888 4805 id
2943 4750 3100 4805 vitali
3158 4751 3328 4805 etiam
3390 4751 3544 4804 onmi
3599 4759 3752 4804 caret

2150 4840 2432 4895 facultate.
2464 4840 2618 4908 Quod
2652 4851 2836 4895 autem
2872 4836 3093 4896 vitalem
3136 4857 3165 4893 ει
3205 4847 3402 4894 natura
3434 4840 3749 4896 facultatem

2150 4948 2255 4989 non
2277 4934 2457 4997 habet,
2489 4935 2542 4988 id
2569 4948 2634 4987 ne
2654 4936 2894 4989 animam
2920 4933 3141 5005 quidem
3165 4932 3335 4990 habet
3363 4934 3557 4990 ullam?
3585 4935 3750 4989 Nuda

2150 5026 2319 5097 igitur
2358 5024 2542 5083 carnis
2569 5038 2854 5094 assumpta
2885 5028 3096 5097 specie,
3160 5043 3271 5082 non
3298 5041 3482 5082 autem
3559 5036 3752 5081 natura

2151 5121 2335 5175 carnis
2359 5126 2544 5173 mente
2568 5119 2895 5188 rationeque
2928 5118 3177 5189 przeditte
3204 5134 3303 5188 per
3330 5133 3618 5189 personam
3637 5133 3755 5173 sus-

2151 5226 2332 5283 cepta,
2370 5210 2605 5268 Verbum
2636 5211 2893 5267 humanae
2925 5210 3123 5268 salutis
3147 5211 3436 5267 consilium
3486 5210 3751 5280 explevit,

2151 5308 2220 5369 si,
2266 5315 2323 5357 ut
2350 5304 2521 5360 sentit
2557 5301 2820 5371 Severus,
2857 5304 3196 5359 voluntatem
3241 5302 3567 5364 naturalem,
3613 5317 3753 5369 qua-

2154 5408 2310 5451 tenus
2336 5404 2423 5455 est
2456 5401 2642 5461 homo,
2678 5414 2785 5451 non
2822 5398 3011 5452 habet.
3050 5395 3186 5449 Nam
3211 5398 3255 5451 si
3292 5404 3348 5446 ιιι
3380 5398 3546 5447 homo
3592 5402 3752 5446 natu-

2152 5487 2252 5541 rali
2310 5502 2438 5542 vere
2492 5490 2669 5542 caruit
2732 5488 3036 5553 voluntate,
3070 5500 3196 5541 vere
3241 5484 3520 5555 perfectus
3586 5485 3753 5539 boum

2151 5595 2261 5633 non
2299 5581 2634 5635 estfactum.
2665 5580 2822 5646 Quod
2857 5580 2902 5633 si
2941 5594 3067 5633 vere
3126 5575 3405 5646 perfectus
3454 5576 3616 5629 homo
3667 5574 3752 5629 ia-

2153 5683 2301 5727 ctum
2334 5688 2440 5727 non
2471 5682 2576 5736 est,
2620 5689 2685 5723 ne
2715 5673 2875 5725 homo
2918 5669 3159 5739 quidem.
3190 5667 3322 5733 Quae
3353 5668 3500 5724 enim
3552 5671 3756 5738 imper-

2158 5765 2311 5819 fectte
2346 5777 2560 5819 naturae
2594 5762 2835 5817 essentia
2885 5763 2978 5826 sit,
3008 5761 3164 5828 cujus
3215 5776 3283 5813 ne
3342 5761 3485 5815 ratio
3531 5763 3749 5831 quidem

2153 5859 2416 5913 exsistat?
2444 5858 2574 5911 lllud
2602 5856 2806 5910 Severo
2837 5866 2890 5909 cl
2924 5854 3209 5921 discipulis
3235 5852 3355 5921 ejus
3412 5854 3749 5922 propositum
