4082 6480
330 354 463 419 illi

1573 349 1961 410 EUTIIYMII
2000 349 2361 411 ZlGABENl

3477 352 3618 421 1112

326 473 453 535 fuit,
484 482 541 526 ιιι
573 486 671 542 per
700 469 968 527 defectum
1005 470 1299 541 quemdam
1350 470 1655 524 naturalem
1715 485 1914 523 arcana

2039 472 2165 524 (ατὰ
2211 471 2304 524 τὸν
2354 470 2586 535 Λέοντος
2617 470 2784 542 τόμον
2827 470 3110 543 ἐνεργείας
3156 474 3218 527 ού
3247 475 3479 548 λέγομεν
3522 480 3618 532 ἐπὶ

326 564 723 635 conjunctione
779 571 1085 630 susceptain
1138 571 1387 616 naturam
1441 562 1815 626 excluderent,
1849 564 1914 615 ti—

326 669 580 727 ctamque
608 656 840 710 Manetis
874 655 1134 725 speciem,
1169 664 1224 710 et
1274 656 1596 726 Apollinarii
1633 655 1915 710 confusio-

328 766 476 813 nem,
527 758 583 803 et
622 747 945 817 Eutychetis
992 749 1349 802 nintationem
1373 749 1599 803 duarqu
1641 748 1691 801 in
1753 762 1915 801 unam

325 839 622 894 essentiam
651 838 1058 893 contirmarent.
1094 836 1314 893 Memini
1367 839 1537 902 enim,
1561 853 1685 893 cum
1740 853 1915 894 essem

327 936 382 987 in
413 931 753 988 Cretensium
826 931 1026 996 insula,
1081 932 1249 988 falsos
1302 933 1566 1003 quosdam
1628 933 1916 1004 episcopos

329 1025 515 1080 Severi
539 1025 847 1093 opinionem
869 1024 1221 1079 defendentes
1243 1026 1316 1078 ita
1349 1042 1559 1081 mecum
1588 1026 1916 1097 disputasse,

328 1129 387 1171 ut
416 1117 680 1182 dicerent,
713 1133 813 1171 nos
835 1117 958 1171 ideo
986 1118 1122 1173 duas
1156 1118 1210 1172 in
1244 1117 1465 1173 Christo
1499 1118 1743 1173 actiones
1764 1118 1918 1189 juxta

329 1208 526 1264 Leonis
584 1218 794 1263 ternum
844 1222 1081 1278 negare,
1140 1209 1395 1278 quoniam
1430 1209 1741 1264 voluntates
1795 1210 1922 1265 inde

328 1309 759 1370 consequuntur,
792 1316 858 1355 ex
886 1300 1084 1370 quibus
1115 1301 1331 1370 gemina
1361 1315 1591 1370 persona
1615 1300 1914 1371 colligitur.

329 1394 387 1447 Si
430 1394 613 1464 igitur,
646 1403 703 1445 nt
735 1392 975 1447 Severus
1000 1393 1278 1463 opinatur,
1300 1407 1366 1447 ex
1397 1390 1705 1447 actionibus
1729 1392 1923 1446 volun-

330 1498 491 1553 tates,
524 1496 579 1542 et
606 1501 673 1541 ex
707 1486 1085 1541 voluntatibus
1123 1501 1370 1556 personae
1401 1493 1659 1556 tanquam
1696 1500 1783 1540 res
1808 1484 1922 1540 suis

2018 561 2292 631 Χριστοῦ,
2353 561 2441 615 διὰ
2474 561 2546 615 τὰ
2589 562 2835 620 ἑπόμενα
2873 563 3099 627 ταύταις
3168 566 3452 637 θελήματα
3476 609 3493 633 ,
3534 565 3618 633 οἷς

2019 653 2076 720 ἐξ
2116 652 2364 725 ἀνάγκης
2421 653 2734 723 προσώπων
2768 656 3150 724 συνεισάγεται
3201 658 3354 720 δυάς.
3411 661 3472 713 Ei
3523 660 3619 714 οὖν

2020 745 2163 798 κατὰ
2191 744 2284 797 τὸν
2319 743 2565 814 Σεϐῆρον
2600 746 2722 807 ταῖς
2755 747 3062 815 ἐνεργείαις
3088 744 3323 800 ἕπεσθαι
3354 751 3420 801 τὰ
3456 749 3619 819 θελή.

2022 852 2170 906 ματα
2199 835 2435 904 πέφυκε,
2462 838 2576 898 τοῖς
2601 836 2658 889 δὲ
2687 836 2962 907 θελήμασι
2992 838 3419 907 συνεισάγεσθαι
3444 842 3617 911 πρξσ·

2019 944 2147 981 ωπα
2165 965 2182 992 ,
2220 926 2477 997 καθάπερ
2503 927 2703 990 αἰτίοις
2728 930 2971 995 αἱτιατὰ,
3016 929 3113 983 καὶ
3136 934 3304 983 παντὶ
3335 949 3433 1002 πρς
3446 933 3619 1002 σώπῳ

2019 1021 2264 1091 δηλονότι
2313 1021 2437 1074 κατ’
2488 1020 2651 1074 αὐτὸν
2708 1021 2955 1095 θέλημα,
3017 1026 3112 1079 καὶ
3168 1024 3347 1096 τούτῳ
3398 1024 3622 1091 πάντας

2022 1114 2272 1185 ινέργεια
2324 1112 2823 1184 συνεισαχθήσεται
2873 1115 3207 1188 πρόσφορος.
3259 1116 3319 1171 '0
3357 1118 3466 1188 γὰρ
3512 1118 3623 1172 τῶν

2022 1208 2162 1279 πρός
2203 1224 2257 1260 τι
2287 1204 2441 1275 λόγος
2476 1205 2674 1260 ἄλυτον
2708 1206 2851 1277 ἔχων
2876 1208 2978 1279 τήν
3010 1208 3197 1280 σχέσιν
3227 1209 3352 1278 ῐσην
3383 1212 3624 1263 ποιεῖται

2021 1302 2122 1372 τήν
2154 1299 2263 1353 τῶν
2295 1299 2501 1370 σχετῶν
2532 1297 2848 1364 ἀκολούθως
2896 1300 3292 1372 ἀντιστροφὴν.
3327 1301 3541 1356 Οὐκοῦν
3574 1301 3626 1356 ει

2026 1392 2127 1462 μὲν
2176 1391 2389 1462 φυσικὰ
2436 1392 2506 1443 τὰ
2558 1389 2701 1445 κατὰ
2756 1391 3129 1465 ἀντιστροφὴν
3183 1395 3627 1466 συνεισαγόμενα

2022 1485 2137 1548 τοῖς
2178 1481 2497 1552 προσώποις
2537 1476 2649 1536 εἷεν
2702 1481 3025 1555 θελήματα,
3068 1485 3102 1557 ἠ
3148 1486 3400 1558 μακαρία
3439 1487 3626 1552 Μονὰς

331 1593 396 1631 ex
422 1577 604 1635 causis
633 1579 1020 1647 provenientes
1060 1577 1415 1646 colliguntur,
1461 1586 1517 1632 et
1569 1591 1636 1631 ex
1690 1590 1920 1646 persona

2039 1577 2167 1630 ιατὰ
2209 1576 2448 1647 Σευῆρον
2488 1575 2585 1629 καὶ
2627 1573 2845 1644 φύσεων
2884 1574 3041 1631 ἔσται
3071 1577 3246 1648 Τριάς
3274 1593 3291 1609 ο
3322 1580 3371 1631 sl
3397 1578 3456 1631 δὲ
3489 1595 3621 1647 γνω-

332 1668 594 1724 nimirum
622 1668 900 1735 voluntas,
935 1677 1101 1740 atque
1121 1685 1185 1723 ex
1223 1670 1531 1737 voluntate,
1559 1668 1923 1740 quemadmo-

2039 1668 2186 1738 αικὰ,
2212 1668 2497 1723 στασιάσει
2522 1669 2740 1732 πάντως
2767 1669 2905 1739 πρὸς
2928 1669 3129 1739 ἑαυτὴν
3159 1672 3233 1742 μὴ
3252 1672 3627 1741 συμϐαίνουσα

333 1764 461 1815 dum
498 1762 612 1832 ipse
642 1770 1084 1831 argumentatur,
1108 1763 1254 1818 actio
1282 1761 1361 1817 illi
1399 1776 1714 1833 congruens
1768 1760 1923 1816 colli-

2039 1760 2137 1823 τοῖς
2183 1757 2525 1829 θελήμασιν,
2576 1757 2651 1822 ὡς
2701 1759 3016 1829 προσώπων
3056 1760 3255 1831 Τριάς.
3293 1763 3365 1816 Ἦ
3412 1764 3629 1827 πάντως

332 1865 509 1922 gctur.
550 1854 755 1910 Eorum
778 1856 925 1911 enim
955 1870 1076 1924 quas
1103 1856 1247 1909 inter
1270 1870 1331 1911 se
1366 1854 1609 1911 vicissim
1668 1850 1919 1908 referun-

2039 1850 2189 1920 εῐπερ
2249 1848 2309 1901 ἓν
2365 1847 2584 1919 θέλημα
2640 1848 2743 1919 τῆς
2810 1849 3143 1922 ὑπερουσῐου
3193 1854 3426 1926 Τριάδος
3470 1854 3630 1919 lett,

332 1955 440 2013 tur,
492 1956 679 2002 mutua
728 1956 817 2005 est
882 1948 1189 2004 conversio.
1222 1947 1588 2015 Quamobrem
1634 1946 1678 2001 si
1723 1953 1920 2000 natura

2039 1939 2466 2012 μονοπρόσωπος
2507 1937 2665 1992 ἐσται
2708 1939 2912 2009 Θεότης
2957 1942 3287 2015 τριώνυμος.

331 2051 549 2096 mutnus
598 2050 745 2098 esset
798 2041 944 2097 inter
1004 2056 1265 2111 personas
1306 2042 1731 2108 voluntatesque
1795 2044 2087 2105 respectus
2157 2045 2322 2103 atque
2359 2033 2668 2099 conversio,
2710 2032 2866 2088 beata
2910 2036 2999 2091 illa
3048 2037 3360 2094 Divinitatis
3422 2041 3627 2106 unitas,

329 2147 391 2189 ut
445 2136 684 2191 Severus
738 2136 918 2201 docet,
953 2144 1067 2189 tres
1126 2134 1255 2189 item
1309 2134 1618 2190 voluntates
1680 2132 1929 2188 haberet.
1968 2130 2064 2186 Sin
2101 2138 2281 2183 autem
2310 2127 2579 2183 sententia
2641 2139 2938 2194 constaret,
3004 2146 3190 2185 secum
3246 2130 3358 2201 ipsa
3412 2132 3631 2188 dissen-

332 2231 483 2290 tiret,
550 2227 932 2284 voluntatibus
993 2241 1100 2282 non
1168 2228 1530 2298 conveniens,
1599 2237 1659 2283 ut
1713 2226 1955 2282 Trinitas
1998 2236 2381 2296 personarum.
2424 2221 2533 2276 Aut
2593 2222 2842 2289 omnino,
2908 2222 3183 2291 siquidem
3244 2225 3631 2283 una'sumlne

329 2320 617 2377 Trinitatis
639 2321 890 2376 voluntas
920 2328 1025 2377 est.
1059 2319 1327 2378 Divinitas
1349 2338 1514 2378 unam
1548 2330 1760 2378 tantum
1824 2321 1989 2378 habet
2014 2332 2323 2390 personam,
2355 2324 2411 2371 et
2455 2315 2655 2386 triplici
2687 2316 2905 2372 nomine
2931 2317 3258 2388 appellatur.

814 2413 901 2469 Ea:
948 2415 1131 2470 eadem
1175 2416 1434 2471 aratione.

405 2507 486 2562 Tn
511 2507 604 2578 qui
648 2520 814 2561 unam
844 2505 1050 2563 Christi
1075 2496 1412 2564 voluntatem
1445 2506 1668 2573 asseris,
1701 2504 1785 2560 vir
1831 2520 1932 2576 op-

335 2602 491 2668 time,
522 2601 819 2671 quomodo,
842 2607 898 2654 et
931 2599 1149 2670 qualem
1198 2614 1321 2655 eam
1375 2598 1516 2655 dicis
1565 2597 1722 2653 esse?
1774 2596 1832 2652 Si
1876 2607 1936 2651 ut

333 2692 541 2750 Christi
600 2691 938 2757 naturalem,
971 2706 1093 2747 eum
1129 2707 1156 2745 a
1186 2690 1351 2748 Patre
1384 2702 1487 2748 eta
1515 2690 1690 2747 Matre
1737 2700 1932 2745 natura

333 2787 598 2856 sejungis,
629 2784 833 2855 quippe
864 2784 956 2855 qui
987 2783 1170 2840 neutri
1198 2783 1444 2855 ipsorum
1480 2796 1579 2853 per
1631 2780 1935 2837 essentiam

333 2879 662 2950 conjunctae
694 2878 787 2933 sit.
815 2875 1018 2933 Neuter
1046 2875 1194 2931 enim
1264 2875 1508 2945 ipsorum
1543 2884 1738 2928 natura
1770 2873 1935 2929 Chri-

334 2985 472 3030 stus.
498 2973 552 3028 ld
585 2982 767 3028 autem
796 2971 841 3026 si
891 2970 1124 3038 dixeris,
1158 2984 1342 3025 nonne
1372 2967 1679 3041 periculum
1713 2967 1837 3031 erit,
1869 2981 1938 3022 ne

335 3069 520 3138 plures
549 3065 683 3121 deos
729 3062 1081 3119 constituas?
1116 3062 1272 3130 Quod
1317 3061 1363 3117 si
1423 3060 1697 3116 sententia
1757 3058 1934 3115 solius

2476 2408 2580 2464 Ἐκ
2610 2409 2720 2464 τοῦ
2754 2410 2950 2465 αὐτοῦ
2984 2412 3198 2481 λόγου.

2113 2502 2211 2556 Ἐν
2242 2502 2298 2555 δὲ
2332 2501 2579 2572 Χριστοῦ
2611 2501 2832 2573 θέλημα
2856 2502 3056 2572 λέγων,
3082 2497 3129 2558 ὧ
3170 2503 3444 2575 βέλτιστε,
3476 2507 3626 2576 πῶς,

2037 2596 2133 2650 καὶ
2171 2596 2326 2648 ποῖον
2360 2592 2522 2647 τοῦτο
2564 2593 2705 2665 φῄς;
2732 2593 2792 2647 Εἰ
2828 2596 2928 2665 μὲν
2962 2597 3041 2659 ὡς
3094 2597 3337 2668 Χριστοῦ
3369 2600 3628 2669 φυσικὸν,

2038 2692 2252 2765 [ἰατρὸς
2280 2690 2443 2762 φύσει
2493 2693 2590 2745 καὶ
2641 2693 2852 2764 μητρὸς
2873 2692 3040 2748 αὐτὸν
3069 2694 3467 2766 ήλλοτρίωσας,
3512 2697 3629 2752 οὐδ’

2037 2784 2219 2857 ἑτέρῳ
2253 2784 2377 2838 κατ’
2406 2782 2600 2838 ούσίαν
2637 2783 2955 2855 ἑνούμενον·
2986 2786 3099 2840 οὐδ’
3150 2788 3341 2859 ἕτερον
3367 2791 3478 2862 γὰρ
3524 2792 3629 2844 αύ-

2035 2878 2149 2930 τοϊν
2182 2874 2350 2945 φύσει
2380 2873 2619 2945 Χριστός
2645 2893 2657 2906 ·
2686 2876 2784 2928 καὶ
2817 2876 2935 2939 πῶς
2966 2878 3210 2952 ἐκφεύξῃ
3259 2879 3420 2935 τοῦτο
3450 2881 3630 2951 λέγων

2037 2970 2137 3040 τῆς
2165 2968 2474 3034 πολυθετας
2502 2969 2597 3023 τδν
2640 2968 2932 3037 κίνδυνονς
2985 2972 3038 3025 ei
3079 2972 3136 3026 δὲ
3178 2975 3484 3045 γνωμικὸν,
3523 2977 3632 3046 μό-

2037 3080 2135 3134 νης
2168 3061 2324 3117 ἔσται
2352 3065 2454 3133 τῆς
2498 3059 2666 3115 αὐτοῦ
2697 3064 3207 3135 χαρακτηριστικὸν
3249 3066 3629 3130 ὑποστάσεως.

338 3160 446 3215 erit
480 3158 741 3214 iudicium
777 3170 1026 3228 persona;
1060 3172 1076 3211 :
1108 3154 1409 3210 voluntatis
1452 3154 1598 3208 enim
1660 3151 1932 3209 sententia

2043 3153 2353 3225 Προσώπου
2393 3155 2504 3226 γὰρ
2536 3154 2897 3223 ἁφοριστικδν
2946 3156 3189 3228 ὑπάρχει
3227 3159 3289 3212 τὸ
3317 3160 3627 3230 γνωμικὸν,

340 3268 572 3326 persona
604 3249 937 3306 describitur
957 3258 1012 3304 et
1041 3247 1303 3304 delinitur
1327 3263 1343 3302 :
1370 3246 1779 3303 demonstrabis
1807 3262 1931 3300 eum

341 3362 373 3401 ε
405 3345 568 3400 Patre
599 3353 655 3400 et
682 3341 888 3413 Spiritu
910 3341 1191 3397 voluntate
1227 3340 1497 3397 dissidere
1518 3350 1572 3394 et
1595 3339 1932 3409 discrepare.

347 3440 444 3496 Sin
484 3438 654 3494 solius
684 3436 991 3491 divinitatis
1028 3434 1222 3505 ipsius,
1257 3433 1495 3506 patibilis
1527 3431 1933 3496 eritdivinitas,

343 3541 397 3587 et
431 3538 633 3600 prmter
658 3537 912 3583 naturam
944 3538 1134 3597 potum
1165 3533 1221 3581 et
1246 3525 1428 3580 cibum
1485 3533 1729 3596 appetet.
1757 3523 1828 3577 At
1889 3522 1934 3578 sl

348 3619 709 3679 humanitatis
728 3619 846 3687 ejus
872 3618 1192 3689 solius,{non
1216 3618 1323 3674 erit
1344 3615 1531 3673 eﬂicax
1555 3624 1779 3682 natura,
1812 3628 1935 3670 cum

344 3712 419 3765 sit
446 3712 681 3763 humana
710 3722 725 3773 ;
767 3716 827 3762 et
853 3715 1096 3761 monstra
1120 3704 1280 3777 plane
1304 3702 1635 3759 videbuntur
1667 3716 1790 3757 esse
1821 3699 1937 3753 mi-

348 3800 557 3857 racula.
584 3796 741 3865 Quod
772 3796 818 3853 si
849 3804 1058 3851 natura:
1092 3793 1381 3863 utriusque
1408 3805 1755 3848 communem
1784 3787 1940 3844 dixe-

345 3892 451 3959 ris,
473 3887 748 3961 quomodo
776 3887 1031 3941 voluntas
1052 3899 1243 3940 eorum
1272 3892 1463 3938 natura
1493 3880 1803 3938 communis
1831 3875 1940 3934 erit

346 3997 577 4053 quorum
604 3989 691 4035 est
716 3988 913 4033 natura
944 3975 1201 4034 diversa?
1226 3973 1323 4031 Sin
1350 3981 1412 4028 ut
1443 3974 1611 4029 totius
1662 3982 1939 4042 composi-

348 4085 400 4128 tu
411 4082 551 4142 m,ut
580 4072 881 4128 novitatem
909 4079 965 4126 et
985 4067 1387 4125 absurditatem
1404 4064 1605 4122 fabula:
1626 4064 1940 4119 omittamus

347 4168 488 4233 (quae
503 4163 648 4219 enim
664 4172 844 4232 potest
862 4174 982 4238 esse
1019 4159 1344 4228 compositio
1375 4155 1728 4227 voluntatis?)
1753 4166 1941 4207 rursus

346 4258 524 4328 ipsum
541 4271 572 4311 a
585 4254 748 4311 Patre
765 4255 1004 4310 alienum
1022 4253 1465 4315 constituis,cum
1488 4249 1768 4305 voluntate
1788 4260 1941 4302 com-

345 4352 525 4422 posita
569 4348 746 4405 solam
786 4360 1080 4421 personam
1106 4345 1467 4416 compositam
1495 4343 1792 4412 exprimas.
1822 4340 1939 4409 Qua

349 4443 575 4515 quidem
605 4442 820 4498 ratione
843 4438 1026 4495 omnis
1062 4439 1349 4508 plantatio,
1381 4452 1543 4509 quam
1567 4452 1674 4491 non
1723 4436 1939 4506 planta-

2044 3248 2143 3301 καὶ
2201 3247 2552 3318 δειχθήσεται
2593 3247 2786 3317 σαφῶς
2833 3248 3189 3319 ἐτερόόουλος
3222 3251 3400 3321 lla.va
3432 3268 3491 3304 τε
3534 3253 3633 3305 καὶ

2044 3336 2329 3407 Πνεύματι
2355 3338 2500 3391 κατὰ
2534 3338 2617 3400 σὲ,
2643 3339 2739 3392 καὶ
2774 3338 3111 3411 μαχόμενος.
3143 3340 3207 3394 El
3235 3340 3293 3394 δὲ
3330 3342 3432 3411 τῆς
3456 3341 3628 3395 αὑτοῦ

2045 3428 2217 3500 μόνης
2244 3428 2527 3499 θεότητος,
2557 3431 2818 3503 ιμπαθής
2862 3432 3022 3486 ἔσται
3055 3433 3251 3503 θεότης
3283 3438 3439 3502 παρὰ
3470 3438 3634 3501 φύσιν

2045 3520 2305 3593 βρώσεως
2337 3522 2435 3576 καὶ
2481 3522 2700 3588 πόσεως
2757 3525 3052 3596 ἔφιεμένη.
3115 3524 3180 3579 Et
3231 3524 3289 3579 δὲ
3330 3527 3433 3596 τῆς
3463 3526 3632 3581 αὑτοῦ

2046 3614 2219 3685 μόνης
2250 3614 2700 3687 ἀνθρωπότητος,
2731 3615 2834 3671 οὐκ
2875 3616 3030 3672 ἔσται
3063 3616 3228 3686 φύσει
3275 3618 3631 3690 δραστήριον.

2044 3706 2172 3772 Πῶς
2198 3707 2333 3778 γὰρ,
2386 3707 2548 3779 εἰπερ
2591 3706 2942 3779 ἀνθρώπινον
2967 3725 2983 3775 ;
3011 3711 3129 3764 Καὶ
3179 3711 3496 3782 τερατώδης
3525 3713 3636 3764 δειο

2045 3800 2314 3872 χθήσεται
2356 3801 2550 3869 σαφῶς
2588 3803 2622 3869 ή
2673 3801 2784 3856 τῶν
2820 3802 3124 3872 θαυμάτων
3151 3804 3436 3869 ιπίδειξις.
3472 3806 3533 3857 Εἰ
3573 3805 3635 3859 δὲ

2044 3891 2396 3965 ἀμφοτέρων
2423 3892 2587 3963 φύσει
2612 3893 2816 3962 κοινὸν,
2849 3895 2968 3958 πῶς
3018 3894 3174 3948 ἔσται
3227 3894 3443 3966 θέλημα
3470 3898 3635 3966 φύσει

2046 3984 2246 4050 κοινὸν,
2277 3976 2353 4037 ὧν
2383 3986 2416 4055 ή
2446 3984 2609 4055 φύσις
2638 3985 2902 4058 διάφορος
2928 4004 2944 4053 ;
2975 3987 3039 4040 Ei
3088 3986 3148 4040 δὲ
3172 3986 3248 4051 ῶς
3283 3987 3409 4041 ὅλου
3442 3988 3631 4042 σύνθε-

2045 4095 2165 4147 τον,
2226 4078 2366 4149 πρὸς
2405 4078 2484 4147 τῷ
2546 4079 2723 4150 καινῷ
2768 4078 2927 4150 μύθῳ
2963 4080 3054 4134 καὶ
3086 4080 3367 4152 πλάσματ(
3403 4082 3488 4145 τίς
3525 4081 3637 4152 γὰρ

2047 4164 2353 4235 θελήματος
2384 4165 2663 4237 σύνθεσις)
2697 4185 2712 4233 ;
2744 4168 2912 4223 πάλιν
2943 4169 3108 4224 αὑτὸν
3136 4170 3233 4224 τοῦ
3278 4172 3497 4244 Πατρός
3533 4174 3637 4244 ήλ-

2047 4257 2370 4329 λοτρίωσας,
2404 4260 2650 4331 συνθέτῳ
2690 4261 2963 4333 θελήματι
2993 4264 3167 4334 μόνην
3210 4267 3635 4336 χαρακτηρίσας

2050 4350 2350 4403 ὑπόστασιν
2377 4350 2655 4407 σύνθετον.
2684 4352 2843 4408 Οὕτω
2882 4354 2981 4423 μὲν
3016 4351 3112 4408 οῦν
3164 4357 3347 4411 πᾶσαν
3400 4357 3636 4427 φυτείαν

2051 4443 2260 4511 ἑκριζοῖ
2290 4444 2577 4517 προελθὼν
2607 4448 2635 4501 ό
2677 4446 2859 4517 λόγος,
2894 4449 2961 4521 ἢν
2985 4451 3014 4503 ὁ
3036 4451 3225 4520 Πατήρ
3249 4452 3350 4505 οὐκ
3397 4453 3633 4522 ἐφύτευ-

351 4539 427 4592 vlt
472 4537 636 4591 Pater
662 4534 998 4591 eradicatur.
1051 4530 1201 4589 Nova
1238 4533 1384 4587 enim
1436 4529 1564 4601 tingi
1603 4546 1709 4585 non
1762 4536 1933 4600 potest

2053 4556 2169 4603 σεν,
2205 4540 2327 4593 ἐπεὶ
2357 4539 2435 4607 μὴ
2458 4542 2678 4608 πέφυκε
2723 4540 2785 4594 τὸ
2818 4540 2971 4606 ξένον
3014 4544 3424 4612 περιποιεῖσθαι
3452 4542 3641 4614 γεώρ-

353 4630 713 4700 agricultura,
752 4629 846 4684 sed
876 4626 1188 4681 naturalem
1223 4624 1279 4679 in
1307 4624 1532 4680 Christo
1582 4622 1942 4678 humanitatis

349 4722 687 4778 voluntatem
718 4719 953 4776 Severus
982 4716 1227 4783 sustulit,
1259 4724 1319 4770 ut
1348 4715 1580 4780 videtur,
1609 4727 1732 4769 cum
1763 4715 1943 4769 omnis

351 4827 560 4871 natura:
584 4813 890 4885 praesertim
911 4811 1125 4868 ratione
1146 4808 1386 4881 praedita:
1402 4809 1639 4863 maxime
1656 4807 1938 4878 proprium

352 4917 407 4963 et
440 4908 673 4977 primum
706 4920 831 4961 esse
862 4905 1144 4976 ignoraret
1172 4903 1461 4973 appetendi
1528 4911 1757 4956 motum.
1786 4898 1939 4967 Quod

351 5003 547 5057 Patres
580 4997 1081 5052 animadvertentes
1107 4993 1419 5049 voluntates
1456 4994 1507 5048 in
1564 4992 1788 5048 Christo
1843 5006 1941 5045 na-

355 5105 498 5155 tura,
526 5103 635 5144 non
667 5095 847 5141 autem
878 5086 1151 5141 sententia
1192 5084 1503 5142 diﬂ'erentes
1527 5083 1763 5140 confessi
1780 5096 1934 5149 sunt.

354 5185 641 5253 Nunquam
669 5179 815 5235 enim
844 5179 899 5231 in
924 5178 1143 5233 Christo
1172 5178 1483 5234 voluntates
1517 5179 1785 5232 sententia
1840 5175 1942 5230 dif-

352 5279 591 5333 ferentes
653 5273 935 5335 dixerunt,
990 5283 1061 5324 ne
1107 5271 1284 5341 ipsum
1335 5271 1548 5327 diversa
1599 5271 1828 5335 sentire,
1886 5278 1944 5323 et

260 5381 286 5423 γ’
353 5369 512 5434 velle,
542 5377 599 5423 et
629 5366 908 5420 rationum
933 5363 1204 5418 seditione
1236 5378 1423 5417 secum
1484 5379 1750 5434 pugnare,
1777 5374 1941 5437 atque

289 5446 292 5451 ’
354 5464 426 5516 ita
460 5460 726 5530 duplicem
761 5458 964 5512 habere
988 5470 1293 5527 personant.
1315 5455 1704 5524 prtedicarent.
1737 5455 1942 5509 Intelli-

353 5552 704 5622 gebantenim
735 5552 838 5606 hac
870 5549 981 5606 sola
1013 5549 1349 5604 voluntatum
1372 5549 1640 5606 sententia
1676 5549 1942 5607 dissiden-

358 5643 492 5695 tium
532 5640 867 5706 diﬂerentia,
919 5651 1032 5695 tum
1069 5650 1296 5709 peccato
1320 5640 1374 5695 in
1400 5641 1539 5695 hanc
1591 5639 1759 5695 vitam
1827 5644 1943 5696 adi-

355 5741 469 5783 tum
492 5742 615 5784 esse
641 5730 995 5797 patefactum,
1034 5739 1147 5783 tum
1174 5728 1492 5787 inimicitias
1535 5730 1693 5787 nobis
1720 5744 1939 5788 exortus

356 5835 479 5877 esse
508 5834 636 5879 cum
662 5820 790 5878 Deo.
827 5820 985 5879 Nulla
1019 5824 1165 5881 enim
1190 5825 1297 5880 alia
1329 5824 1382 5880 in
1421 5839 1479 5882 re
1532 5827 1734 5887 malum
1810 5845 1941 5885 con-

2050 4652 2193 4703 γιον.
2243 4632 2385 4687 Ἀλλ’
2408 4632 2483 4697 ὡς
2511 4635 2683 4701 ἔοικε,
2720 4633 2780 4687 τὸ
2817 4635 3052 4704 φυσικὸν
3092 4634 3311 4707 θέλημα
3352 4639 3450 4707 τῆς
3492 4636 3637 4689 κατὰ

2048 4724 2286 4795 Χριστὸν
2314 4724 2746 4794 ἀνθρωπότήτος
2775 4726 3022 4798 Σευῆρος
3048 4727 3281 4788 ἀνεῖλεν.
3313 4728 3413 4781 οὐκ
3455 4726 3635 4792 εἰδὼς,

2049 4818 2132 4869 ὅτι
2170 4816 2511 4887 κυριώτερόν
2549 4832 2608 4868 τε
2651 4818 2746 4869 καὶ
2791 4818 3009 4888 πρῶτον
3050 4819 3253 4890 ἰδίωμα
3290 4821 3474 4890 πάσης
3533 4822 3639 4887 μά-

2048 4910 2212 4963 λιστα
2243 4908 2461 4985 φδύσεως
2516 4905 2747 4977 λογικῆς
2808 4912 2840 4981 ἡ
2910 4910 3033 4964 κατ’
3066 4912 3258 4980 ἔφεσιν
3297 4911 3473 4983 αὐτῆς
3505 4914 3637 4967 καθ-

2050 5002 2251 5071 ἐστηκε
2282 5000 2521 5073 κίνησις,
2547 5004 2615 5072 ἢν
2646 5006 2694 5057 oi
2726 5005 2973 5075 Πατέρες
3030 5007 3437 5075 σκοπήσαντες,
3476 5023 3643 5076 φυσιν

2050 5090 2187 5154 κῶν,
2239 5090 2356 5144 ἀλλ’
2407 5091 2468 5144 οὐ
2523 5095 2825 5163 γνωμικῶν
2853 5096 2945 5147 ἐπὶ
2998 5093 3240 5166 Χριστοῦ
3309 5094 3639 5165 θελημάτων

2048 5182 2316 5254 διαφορὰν
2348 5183 2619 5254 λαμπρῶς
2645 5185 3030 5255 ὡμολόγησαν.
3060 5186 3135 5240 Ού
3175 5188 3285 5258 γὰρ
3334 5189 3403 5242 ἂν
3450 5186 3640 5256 ἔλεγόν

2051 5292 2183 5329 ποτε
2218 5277 2516 5346 γνωμικῶν
2547 5277 2643 5330 ἐπὶ
2678 5279 2926 5349 Χριστοῦ
2977 5279 3307 5349 θελημάτων
3346 5280 3636 5350 διαφορὰν,

2051 5367 2138 5421 ἵνα
2169 5366 2246 5439 μὴ
2269 5365 2569 5437 δίγνωμον,
2603 5368 2700 5419 καὶ
2726 5368 2993 5433 δίϐουλον,
3023 5371 3118 5423 καὶ
3146 5364 3259 5423 οἷον
3310 5373 3493 5424 εἰπεῖν
3536 5388 3640 5439 μα-

2028 5462 2287 5533 ,χόμενον
2327 5460 2509 5527 ἑαυτῷ
2543 5462 2610 5532 τῇ
2666 5461 2856 5517 στάσει
2908 5462 3018 5515 τῶν
3049 5462 3355 5532 λογισμῶν,
3407 5462 3505 5517 καὶ
3550 5461 3643 5515 διὰ

2054 5555 2217 5608 τοῦτο
2274 5555 2627 5624 διπρόσωπον
2676 5555 2842 5609 αὑτὸν
2882 5556 3231 5625 κηρύττωσιν
3281 5556 3334 5609 οῖ
3392 5571 3456 5624 γε
3496 5554 3643 5610 κατὰ

2054 5648 2227 5717 μόνην
2254 5648 2459 5716 ταύτην
2487 5646 2854 5716 γινώσκοντες
2906 5650 3007 5718 τήν
3055 5649 3165 5703 τῶν
3205 5649 3505 5720 γνωμικῶν
3554 5650 3645 5703 θε-

2055 5741 2321 5810 λημάτων
2381 5740 2653 5811 διαφορὰν
2703 5741 2762 5792 ὲν
2800 5739 2879 5811 τῷ
2925 5739 3025 5812 βίῳ
3076 5742 3410 5814 γεγενῆσθαι
3439 5742 3539 5810 τήν
3583 5757 3643 5793 τε

2048 5834 2149 5904 τῆς
2196 5831 2477 5905 ἁμαρτίας
2508 5833 2738 5903 εἴσοδον,
2778 5833 2876 5891 καὶ
2907 5835 3006 5905 τὴν
3042 5836 3172 5906 πρὸς
3213 5835 3307 5891 τὸν
3341 5834 3478 5890 Θεὸν
3507 5834 3645 5908 ήμετ·
