4082 6460
458 369 597 438 1113

1416 364 1795 426 PANOPLIA
1833 362 2298 424 DOGMATICA.
2338 386 2407 397 --
2445 363 2592 426 TIT.
2635 363 2795 428 XXI.

3584 359 3724 427 1114

452 490 621 559 τέραν
653 483 955 540 διάστασιν.
994 480 1085 535 Ἐν
1110 478 1289 533 οὑδενὶ
1320 478 1429 549 γάρ
1460 477 1605 549 ἄλλῳ
1631 479 1936 551 καθέστηκε
1975 478 2027 530 τί

2139 478 2306 539 sistit,
2332 476 2439 532 nisi
2471 478 2521 530 in
2548 492 2612 531 eo
2634 478 2974 544 discrimine,
2999 480 3143 551 quod
3172 489 3257 535 est
3286 480 3431 533 inter
3472 481 3725 535 volunta-

452 581 649 642 κακὸν,
680 578 729 630 εί
768 576 844 647 μὴ
872 574 1035 644 μόνον
1066 571 1125 625 ἐν
1144 573 1212 642 τῇ
1250 569 1387 641 πρὸς
1425 570 1486 623 τὸ
1511 572 1656 622 θεῖον
1682 568 1896 641 θέλημα
1917 570 2037 623 δια-

456 673 600 743 φορᾷ
636 670 732 725 τοῦ
776 668 918 723 κατὰ
952 665 1182 737 γνώμην
1216 664 1492 736 ἡμετέρου
1523 664 1858 734 θελήματος,
1892 658 2037 737 ᾗτινι

454 769 674 828 πάντως
725 761 1082 831 ἀντικειμένη
1143 760 1529 826 συνεισάγεται
1591 758 1850 829 ποσότης,
1885 761 1979 810 καὶ
2008 761 2038 810 6

453 858 659 929 ταύτης
702 854 1003 927 δηλωτικὺς
1055 849 1293 922 ἀριθμὸς
1334 850 1556 911 δεικνὺς
1591 850 1726 920 ἡμῖν
1775 849 1909 918 πρὸς
1944 848 2037 902 τὸν

454 952 589 1004 Θεὸν
611 948 708 1003 τοῦ
731 945 1019 1017 γνωμικοῦ
1051 944 1360 1016 θελήματος
1397 943 1771 996 ἀντιπάθειαν.
1812 936 1905 1005 Εἷς
1942 938 2037 996 οὑν

454 1042 739 1112 Νεστορίῳ
768 1057 826 1094 τε
859 1039 956 1092 καὶ
986 1037 1212 1108 Σευήρῳ
1241 1038 1372 1107 περλ.
1402 1034 1500 1088 τοῦ
1537 1035 1823 1088 δυσσεσείν
1854 1034 2038 1104 ὑπάρ-

454 1150 543 1202 χει
579 1130 809 1195 σκοπὸς,
853 1129 957 1182 κᾶν
1014 1129 1042 1181 6
1083 1127 1287 1197 τρόπος
1344 1125 1629 1194 διάφορος.
1672 1125 1730 1178 '0
1781 1126 1881 1195 μὲν
1925 1126 2036 1196 γὰρ

450 1225 540 1279 διά
573 1226 675 1294 τὴν
709 1223 975 1298 σύγχυσιν
1009 1220 1230 1291 φεύγων
1260 1218 1359 1289 τὴν
1399 1218 1522 1272 καθ’
1565 1219 1870 1271 ὑπόστασιν
1902 1217 2037 1271 ἐνω-

453 1336 562 1383 σιν,
593 1316 694 1386 τὴν
745 1314 980 1385 οὐσιὼδη
1039 1311 1308 1383 διαφοράν
1359 1312 1724 1382 προσωπικὴν
1766 1310 2035 1382 διαίρεσιν

454 1411 724 1463 ποιεῖταιο
753 1408 783 1460 6
836 1407 894 1462 δέ
923 1406 1013 1460 διά
1046 1405 1146 1476 τὴν
1204 1404 1472 1475 διαίρεσιν
1525 1403 1627 1476 τὴν
1687 1404 1922 1474 οὑσιώδη
1958 1405 2037 1477 μὴ

450 1498 626 1568 λέγων
645 1497 934 1567 διαφοράν,
984 1497 1087 1567 τὴν
1123 1495 1246 1550 καθ’
1291 1495 1595 1550 ὑπόστασιν
1638 1496 1833 1549 ἐνωσιν
1872 1512 2035 1565 φυσι-

448 1589 555 1659 κὴν
605 1590 903 1659 ἐργάζεται
954 1590 1248 1660 σύγχυσιν,
1292 1589 1417 1642 δέον
1467 1591 1606 1659 μήτε
1641 1589 1908 1661 σύγχυσιν
1940 1590 2034 1644 ἐπὶ

450 1682 716 1749 Χριστοῦ,
747 1682 886 1753 μήτε
915 1681 1208 1753 διαίρεσιν,
1255 1680 1371 1737 ἀλλ’
1400 1681 1597 1735 ἐνωσιν
1635 1676 1745 1735 τῶν
1777 1682 1899 1736 κατ’
1938 1683 2034 1737 οὑ-

2143 580 2247 624 tem
2289 568 2384 624 Dei
2437 570 2843 626 etvoluntatem
2888 582 3154 628 nostram.
3185 570 3304 637 Quo
3364 571 3577 639 quidem
3601 586 3732 624 rou-

2145 663 2308 716 traria
2342 678 2564 732 prorsus
2595 667 2870 733 quantitas
2891 666 3261 730 constituitur,
3294 673 3350 720 et
3374 664 3516 719 illius
3563 665 3729 719 index

2141 772 2424 821 numerus,
2462 759 2552 823 qui
2591 758 2747 812 nobis
2775 758 3013 813 ostendit
3039 758 3337 813 voluntatis
3361 773 3390 811 α
3446 756 3560 812 Deo
3618 757 3730 811 dis-

2140 850 2418 917 crepantis
2447 847 2853 905 diversitatem.
2900 850 3048 905 Idem
3076 849 3242 919 igitur
3275 849 3525 905 Nestorio
3550 861 3601 902 et
3632 849 3730 904 Se-

2142 955 2273 994 vero
2332 947 2398 996 ad
2448 942 2784 1011 impietatem
2843 943 3184 1013 propositum
3234 953 3339 1007 est,
3412 942 3522 997 Stet
3583 942 3723 995 ratio

2143 1034 2356 1091 diversa
2390 1036 2484 1090 sit.
2509 1037 2604 1091 llle
2642 1036 2787 1092 enim
2816 1036 2943 1091 dum
2979 1036 3363 1091 confusionem
3418 1035 3578 1100 vitat,
3642 1048 3724 1090 sic

2138 1130 2327 1200 effugit
2354 1130 2619 1184 unitatem
2653 1143 2926 1197 personae,
2953 1139 3010 1183 ut
3067 1144 3167 1199 pro
3206 1126 3515 1183 differentia
3575 1137 3726 1179 natu-

2142 1220 2236 1273 rali
2268 1235 2512 1289 personae
2539 1218 2861 1274 divisionem
2919 1220 3246 1274 constituat.
3286 1217 3384 1273 Hic
3424 1232 3553 1270 vero
3596 1216 3722 1269 dum

2140 1313 2461 1367 divisionem
2517 1312 2775 1376 declinat,
2812 1311 2885 1367 ita
2908 1321 3118 1366 naturae
3141 1319 3304 1378 negat
3364 1308 3728 1364 differentiam

2139 1407 2191 1459 in
2223 1421 2471 1473 persona:
2532 1406 3008 1476 coniunctionem,
3061 1413 3121 1458 ut
3176 1404 3479 1460 naturalem
3530 1402 3732 1456 elliciat

2140 1498 2539 1554 confusionem.
2593 1497 2729 1553 Cum
2754 1512 2855 1553 nec
2908 1496 3159 1552 confusio
3210 1495 3266 1550 in
3320 1495 3562 1558 Christo,
3623 1507 3727 1548 nec

2143 1592 2367 1658 divisio,
2401 1590 2499 1646 sed
2529 1590 2768 1646 essentia
2800 1587 3164 1644 diﬂ'erentium
3205 1585 3545 1656 coniunctio,
3581 1591 3636 1638 et
3670 1585 3725 1638 in

2139 1699 2369 1755 persona
2394 1683 2811 1753 coniunctorum
2858 1679 3172 1736 diﬁ‘erentia
3221 1681 3294 1735 sit
3345 1679 3669 1734 confitenda
3708 1693 3725 1729 :

452 1771 576 1824 σίαν
602 1772 1003 1843 διαφερόντων,
1025 1773 1121 1828 καὶ
1153 1774 1419 1842 διαφορὰν
1451 1773 1560 1827 τῶν
1580 1773 1707 1827 καθ’
1732 1776 2027 1829 ὑπόστασιν

2140 1788 2196 1830 ιιι
2220 1785 2275 1831 et
2305 1762 2633 1832 naturarum
2664 1776 2828 1841 ratio,
2852 1785 2907 1829 et
2939 1773 3341 1844 conjunctionis
3384 1772 3583 1826 modus
3636 1771 3724 1841 pie

450 1862 751 1933 ἡνωμένων
776 1864 1087 1933 ὁμολογεῖν,
1121 1865 1209 1918 ἵνα
1239 1868 1336 1919 καὶ
1373 1866 1484 1917 τῶν
1527 1867 1729 1919 οὐσιῶν
1778 1868 1807 1919 6
1850 1868 2032 1937 λόγος,

449 1956 544 2010 καὶ
566 1957 665 2026 τῆς
687 1954 937 2023 ἐνὼσεως
966 1958 995 2011 6
1017 1958 1218 2028 τρόπος
1253 1958 1499 2023 εὐσεϐῶς
1549 1960 2026 2031 καταγγέλληται·

448 2039 524 2097 ὧν
569 2046 739 2116 ἄμφω
781 2046 1201 2119 διαρραγέντες,
1232 2050 1259 2101 6
1308 2050 1409 2119 μὶν
1439 2048 1540 2120 τὴν
1575 2049 1685 2101 τῶν
1726 2049 2030 2119 γνωμικῶν

452 2137 635 2205 μόνων
690 2140 997 2210 ποιοτήτων
1053 2141 1274 2205 ἕνωσιν,
1323 2143 1350 2195 6
1398 2141 1582 2210 δὲτὴν
1621 2140 1733 2195 τῶν
1782 2141 2030 2210 φυσικῶν

452 2228 634 2297 μόνων
694 2228 834 2298 μετά
889 2231 988 2300 τὴν
1041 2230 1243 2286 ἐνωσιν
1316 2228 1670 2301 ἐπικυρώσας
1731 2231 2026 2303 διαφορὰν,

444 2322 616 2391 ἄμφω
643 2321 745 2392 τῆς
797 2323 909 2376 τῶν
960 2324 1307 2394 πραγμάτων
1350 2323 1613 2394 ἀληθείας
1658 2322 1968 2390 ἀπέπεσαν,
1999 2328 2029 2380 6

2141 1867 2545 1934 pronuntietur.
2571 1865 2815 1931 Quorum
2851 1863 2926 1918 illi
2966 1874 3264 1931 utrumque
3321 1861 3726 1932 perfregerunt,

2141 1958 2268 2013 dum
2302 1973 2439 2011 unus
2469 1957 2795 2027 qualitatum
2825 1954 2878 2009 in
2938 1954 3211 2010 sententia
3250 1961 3458 2006 tantum
3494 1950 3728 2019 conjun-

2140 2051 2402 2115 ctinnem,
2432 2049 2565 2105 alter
2596 2048 2923 2105 naturalium
2948 2045 3325 2103 tantummodo
3352 2053 3476 2115 post
3499 2043 3727 2113 conjun-

2136 2145 2374 2198 ctionem
2399 2140 2763 2199 diﬂ'erentiam
2790 2141 3011 2197 asserit.
3055 2140 3239 2210 Atque
3274 2139 3347 2193 ita
3378 2139 3542 2192 ambo
3570 2152 3597 2189 a
3627 2152 3721 2190 ve-

2136 2246 2297 2292 ntate
2318 2236 2663 2301 exciderunt,
2697 2237 2824 2291 dum
2873 2251 3018 2290 unus
3064 2232 3312 2305 mysterii
3370 2231 3721 2299 divisionem,

2136 2330 2276 2387 alter
2298 2332 2676 2388 confusionem
2700 2331 2966 2387 audacter
3008 2329 3293 2401 diiudicat.

451 2414 553 2483 μέν
567 2411 858 2484 διαίρεσιν,
875 2417 902 2469 6
922 2415 978 2470 δέ
999 2415 1265 2487 σύγχυσιν
1282 2416 1377 2470 τοῦ
1403 2419 1710 2489 μυστηρίου
1728 2419 2021 2492 τολμηρῶς
2063 2428 2517 2497 κατακρίναντες.

446 2534 562 2591 Τοῦ
589 2537 779 2593 αὐτοῦ
805 2538 874 2592 ἐκ
904 2538 1015 2593 τοῦ
1037 2540 1181 2596 ἴσου
1208 2539 1312 2666 τεῆς
1339 2541 1489 2609 πρὸς
1524 2542 1868 2609 Νίκανδρον
1898 2545 2025 2599 ἐπι-

1105 2627 1218 2665 ato
1264 2633 1357 2666 nc.

1105 2627 1357 2681 στολης.

509 2701 646 2753 Οὖδέ
695 2702 806 2770 γὰρ
866 2701 968 2772 τὴν
1026 2700 1177 2754 Θείαν
1239 2703 1403 2770 φύσιν
1456 2702 1552 2756 καὶ
1605 2702 1867 2757 ᾶκτιστον
1897 2702 2029 2758 ἁνύ-

436 2795 688 2864 παρκτόν
736 2811 798 2848 τε
852 2799 945 2848 καὶ
992 2793 1257 2865 άθέλητον
1305 2795 1732 2869 ἣάνενέργητον
1779 2796 2026 2867 καθορῶ-

441 2906 565 2961 μεν·
598 2886 723 2941 οὕτε
761 2887 868 2959 μὴν
924 2888 1025 2958 τὴν
1051 2888 1278 2959 κτιστὴν
1325 2889 1447 2942 καθ’
1481 2891 1631 2960 ἡμᾶς
1664 2891 1760 2944 καὶ
1813 2890 2024 2961 ἀνθρω-

439 2983 603 3052 πίνην
634 2981 823 3035 οὐσίαν
858 2980 1210 3051 ἀνύπαρκτόν
1237 2998 1297 3034 τε
1328 2982 1424 3034 καὶ
1476 2981 1743 3052 ἀθέλητον
1794 2982 1827 3053 ἢ
1865 2984 2022 3035 ἀνεν-

438 3078 670 3147 έργητον
694 3072 1156 3143 ἐπιγινώσκομεν.
1177 3075 1288 3128 Καὶ
1305 3076 1351 3127 εί
1374 3074 1647 3144 μηδεμίαν
1663 3076 1872 3129 τούτων
1891 3076 2019 3147 ἐρη-

442 3183 544 3239 μον
590 3164 937 3235 ἐπιστάμεθα
982 3164 1225 3235 φυσικῆς
1277 3165 1593 3237 ὑπάρξεως,
1638 3166 1910 3237 θελήσεώς
1964 3182 2024 3218 τε

2127 3174 2181 3217 ct
2253 3160 2534 3218 voluntate
2607 3163 2724 3217 sive
2805 3163 3124 3233 operatione
3202 3174 3502 3219 carentem.

439 3256 537 3311 mi.
564 3256 871 3327 ἐνεργείας,
894 3258 961 3311 ἐκ
991 3255 1204 3311 τούτων
1245 3255 1324 3322 δέ,
1369 3256 1527 3321 θείας
1558 3257 1774 3328 φύσεως
1805 3256 1903 3311 καὶ
1929 3256 2024 3311 άν-

440 3345 720 3419 θρωπίνης
756 3348 975 3418 φύσεως
1015 3347 1182 3418 λέγω,
1210 3351 1307 3427 καὶ
1333 3352 1390 3404 ἐν
1417 3351 1670 3417 ταύταις,
1698 3354 1793 3406 καὶ
1817 3351 2024 3405 τούτων

440 3437 739 3503 ὑπόστασίς
784 3442 901 3494 ἐστι
935 3440 1056 3494 κατ’
1088 3442 1350 3513 ἀλήθειαν
1390 3444 1419 3497 6
1464 3440 1547 3507 εἷς
1577 3446 1672 3498 καὶ
1708 3445 1866 3515 μόνος
1891 3445 2024 3517 Χρι-

438 3528 563 3593 στος
585 3532 682 3584 καὶ
712 3530 859 3596 Υίδς,
899 3532 1038 3597 πῶς,
1088 3534 1245 3604 εῐπερ
1290 3534 1449 3602 φύσει
1497 3534 1702 3606 κυρίως
1744 3534 1898 3600 Θεὸς,
1929 3535 2024 3589 καὶ

437 3621 600 3689 φύσει
634 3623 840 3695 κυρίως
883 3623 1173 3697 ἄνθρωπος
1204 3627 1232 3679 6
1258 3626 1444 3693 αὐτὸς,
1470 3626 1591 3698 οὐχὶ
1636 3627 1731 3680 καὶ
1760 3626 1904 3681 θεῖον
1932 3627 2024 3682 θέ-

435 3711 588 3782 λημα
638 3713 732 3767 καὶ
781 3715 1069 3785 ἐνέργειαν
1101 3717 1264 3785 φύσει
1304 3718 1530 3789 κυρίως,
1560 3719 1659 3773 καὶ
1686 3717 2026 3791 ἀνθρώπινον

437 3804 668 3875 θέλημα,
696 3808 792 3860 καὶ
819 3806 1101 3878 ἐνέργειαν
1133 3808 1293 3880 φύσει
1323 3811 1531 3882 κυρίως
1557 3805 1692 3881 εἷχε,
1724 3811 2022 3883 μηδετέρου

434 3893 640 3948 τούτων
678 3896 821 3950 κατὰ
861 3896 1024 3965 φύσιν
1058 3897 1133 3952 ὢν
1174 3899 1418 3971 ἐλλιπὴς,
1450 3899 1519 3954 δι’
1544 3893 1620 3955 ὧν
1669 3901 2024 3973 ἐπαληθεύων

432 3989 547 4050 τοῖς
581 3988 875 4059 πράγμασι
904 3990 973 4044 τά
1007 3989 1267 4061 ὀνόματα,
1298 3991 1395 4046 καὶ
1425 3991 1639 4056 τούτοις
1698 3990 1856 4057 αὖθις
1904 3995 2025 4047 ἐπι-

433 4078 620 4149 κυρῶν
649 4081 719 4133 τὰ
739 4079 1066 4152 πράγματα,
1099 4083 1384 4153 προδήλως
1409 4084 1438 4137 6
1467 4082 1631 4147 αὑτὸς
1673 4083 2022 4155 ἐγνωρίζετο,

431 4171 503 4227 τά
545 4188 604 4225 τε
662 4171 783 4225 θεῖα
800 4172 897 4225 καὶ
927 4172 1246 4244 ἀνθρώπινα
1279 4174 1528 4246 φυσικῶς
1555 4175 1697 4247 ἔχων
1719 4175 1815 4229 καὶ
1845 4177 2015 4232 θέλων

432 4263 528 4316 καὶ
554 4264 815 4334 ἐνεργῶν,
857 4267 969 4319 κάκ
997 4265 1189 4320 τούτου
1230 4267 1300 4321 τὰ
1337 4269 1395 4336 ἐξ
1433 4260 1529 4334 ὧν,
1558 4272 1653 4326 καὶ
1703 4274 1761 4326 ἐν
1788 4268 1893 4337 οἷς,
1926 4274 2023 4328 καὶ⁵

433 4353 577 4425 άπερ
632 4355 872 4426 ὑπῆρχε,
915 4356 1346 4427 πιστευόμενος;
1399 4358 1575 4427 Ἐπεὶ,
1633 4360 1730 4415 τοῦ
1788 4364 2021 4433 φυσικοῦ

433 4445 735 4548 θελήματος
778 4448 872 4548 καί,
914 4448 1017 4548 τῆς
1058 4448 1348 4548 ούσιιῦδους
1377 4452 1661 4548 ἐνεργείας
1681 4455 2025 4548 -ἀναιρουμέ-
2048 4494 2090 4548 D

430 4557 557 4605 νων,
606 4540 708 4612 τῆς
740 4557 801 4594 τε
844 4540 995 4606 θείας
1035 4541 1130 4597 καὶ
1175 4542 1527 4615 ἀνθρωπίνης
1569 4545 1781 4613 οὐσίας,
1812 4547 1906 4601 τοῦ
1958 4549 2024 4603 ἐκ

429 4631 635 4686 τούτων
669 4632 764 4687 καὶ
802 4633 1009 4697 ταύτας
1046 4634 1200 4697 ὄντος
1250 4637 1343 4689 καὶ
1391 4630 1659 4701 σώζοντος
1701 4639 1845 4692 κατὰ
1892 4640 2023 4711 μίαν

429 4724 750 4790 ὑπόστασιν,
777 4725 896 4789 πῶς
926 4725 1057 4791 Θεὸς
1103 4727 1135 4800 ἢ
1185 4726 1474 4801 ἄνθρωπος
1529 4729 1684 4783 ἐσται
1717 4747 1731 4797 ;
1767 4733 1861 4785 καὶ⁹
1904 4733 2023 4797 πῶς

427 4812 605 4878 τοῦτο,
652 4814 685 4884 ἢ
739 4816 917 4869 ἐκεῖνο
958 4816 1080 4869 κατ’
1111 4816 1300 4872 οὐσίαν
1350 4819 1615 4891 ὑπάρχων
1648 4819 2019 4892 δειχθήσεται,

432 4905 507 4975 μὴ
540 4904 729 4969 σώζων
758 4907 1026 4979 ἑκατέρας
1047 4907 1263 4976 φύσεως
1294 4910 1599 4975 άνελλιπῶς
1620 4912 1720 4984 τὴν
1755 4913 2019 4984 ἰδιότητα,

429 4998 612 5069 πάσης
667 5000 946 5071 ἁμαρτίας
988 5002 1191 5073 χωρίς;
1246 5001 1320 5055 T6
1367 5003 1474 5075 γὰρ
1518 5004 1630 5058 τῶν
1672 5006 1815 5061 κατὰ
1859 5006 2021 5077 φύσιν

428 5091 648 5161 ὲκστᾷν,
676 5092 781 5146 κᾶν
808 5092 908 5161 τῆς
930 5092 1035 5157 ἔξω
1064 5095 1161 5163 τῆς
1188 5094 1379 5159 οὐσίας
1401 5098 1715 5167 γεγένηται,
1747 5098 2021 5171 μηδεμίαν

431 5181 666 5254 ὕπαρξιν
715 5184 867 5256 ἔχον·
915 5186 998 5239 ὅτι
1055 5186 1190 5258 μηδέ
1220 5186 1438 5258 κίνησιν
1472 5192 1731 5261 φυσικήν.
1769 5211 1787 5244 ι
1810 5191 1885 5246 T6
1910 5192 2021 5265 γὰρ

432 5274 703 5346 μηδεμίαν
739 5276 955 5347 κίνησιν
998 5277 1141 5350 ἔχον,
1169 5297 1186 5330 ι
1299 5296 1466 5350 φησιν
1508 5281 1538 5334 6
1570 5281 1893 5355 θεοφάντωρ
1924 5285 2021 5337 καὶ

432 5365 605 5435 μέγας
634 5366 791 5436 ἅγιος
821 5369 1096 5434 Διονύσιος
1118 5370 1184 5436 ⁸⁸,
1214 5390 1231 5423 ι
1257 5370 1382 5424 οὔτε
1413 5370 1582 5438 ἐστιν,
1624 5372 1751 5428 οὔτε
1766 5375 1819 5428 τί
1847 5377 2017 5430 ἐστιν·

429 5454 551 5509 οὔτε
600 5457 716 5510 ἐστι
768 5475 854 5521 τις
896 5458 1065 5513 αὑτοῦ
1117 5460 1398 5524 παντελῶς
1431 5462 1603 5527 θέσις.
1649 5483 1669 5517 ι
1796 5465 1897 5520 Διά
1937 5483 2018 5520 τοι

427 5548 588 5602 τοῦτο
633 5548 734 5613 τὰς
780 5550 1023 5621 Χριστοῦ
1064 5551 1159 5606 τοῦ
1202 5551 1339 5607 Θεοῦ
1385 5553 1577 5623 φύσεις
1618 5556 2016 5627 ὁμολογοῦντας

427 5643 596 5711 ἡμᾶς,
629 5642 729 5713 τὴν
759 5642 912 5697 θείαν
948 5646 1094 5716 φημὶ
1128 5647 1224 5701 καί⁸
1263 5647 1363 5718 τὴν
1400 5648 1523 5702 καθ’
1553 5650 1705 5719 ἡμᾶς
1743 5650 2019 5722 ἀνθρωπί-

427 5751 547 5804 νην,
577 5736 716 5808 πρὸς
766 5736 991 5808 βεϐαίαν
1036 5739 1134 5811 τῆς
1162 5757 1219 5793 τε
1250 5740 1457 5794 τούτων
1486 5742 1778 5815 ὑπάρξεως
1814 5746 2017 5800 πίστιο-

431 5842 535 5894 σιν,
568 5830 663 5883 καὶ
699 5830 801 5909 τῆς
827 5831 987 5905 ἡμῶν
1021 5833 1150 5907 περὶ
1184 5832 1369 5891 αὐτῶν
1413 5834 1701 5908 ὁμολογίας
1735 5838 2013 5913 ἀλήθειαν,

2350 2547 2606 2616 Ejusdem
2640 2563 2706 2602 ea:
2737 2545 2959 2617 epistola
3010 2545 3082 2601 ad
3121 2542 3482 2601 Nicandrum.

2199 2688 2388 2763 Neque
2461 2692 2702 2749 divinam
2778 2706 2832 2751 et
2912 2697 3212 2754 increatam
3289 2710 3538 2756 naturam
3601 2716 3712 2757 non

2125 2799 2255 2841 vere
2342 2786 2698 2843 exsistentem
2775 2790 3065 2859 videmus,
3153 2794 3563 2865 voluntatisque
3648 2811 3715 2850 ac

2130 2880 2466 2951 Operationis
2525 2896 2839 2953 eXpertem;
2919 2894 2976 2938 at
3038 2899 3218 2955 neque
3284 2903 3479 2944 rursus
3554 2902 3714 2943 crea-

2129 2985 2241 3029 tam
2327 2974 2487 3030 nobis
2555 2976 2790 3031 similem
2858 2985 3022 3045 atque
3086 2977 3380 3033 humanam
3455 2980 3716 3035 substan.

2129 3070 2301 3135 tiam,
2381 3070 2552 3138 ipsam
2630 3083 2737 3123 non
2809 3085 2937 3124 vere
3013 3073 3367 3127 exsistentem
3438 3074 3716 3142 novimus,

3612 3164 3713 3220 Sin

2128 3265 2312 3313 autem
2401 3264 2665 3311 neutram
2744 3254 2903 3312 defici
2979 3258 3188 3313 scimus
3266 3272 3393 3313 vera
3476 3258 3717 3314 naturali

2120 3352 2441 3408 exsistentia
2466 3368 2530 3409 ac
2557 3353 2892 3420 substantia,
2934 3368 3154 3410 necnon
3177 3354 3464 3408 voluntate
3491 3366 3555 3406 ac
3582 3366 3715 3420 ope-

2122 3444 2364 3509 ratione;
2407 3452 2573 3513 atque
2617 3459 2687 3499 ex
2724 3445 2813 3500 his
2860 3445 3069 3518 (divina
3110 3445 3324 3501 scilicet
3362 3444 3712 3513 humanaque

2122 3538 2337 3606 natura)
2376 3543 2434 3590 et
2470 3535 2528 3589 in
2568 3535 2677 3601 his,
2710 3545 2876 3606 atque
2916 3537 3114 3590 harum
3150 3553 3285 3591 vere
3331 3553 3568 3607 persona
3603 3544 3709 3600 est,

2125 3643 2270 3682 unus
2317 3641 2382 3681 ac
2428 3627 2581 3682 solus
2630 3627 2888 3683 Christus
2937 3638 3103 3698 atque
3145 3628 3350 3695 Filius;
3400 3628 3710 3698 quomodo,

2118 3732 2184 3772 ac
2215 3732 2339 3771 cum
2371 3719 2828 3789 natura-proprie
2860 3719 3025 3783 Deus,
3052 3718 3315 3789 idemque
3350 3727 3545 3774 natura
3579 3735 3712 3789 pro~

2118 3808 2239 3880 prie
2266 3809 2434 3864 homo
2458 3818 2629 3873 esset,
2653 3825 2765 3864 non
2799 3810 2965 3865 etiam
2993 3809 3239 3864 divinam
3263 3818 3461 3863 natura
3484 3810 3711 3879 preprie

2117 3901 2463 3955 voluntatem
2504 3908 2561 3956 et
2606 3900 3020 3971 Operationem,
3059 3901 3468 3969 humanamque
3509 3908 3708 3954 natura

2117 3991 2340 4063 proprie
2361 3992 2704 4048 voluntatem
2731 4000 2787 4047 et
2816 3993 3195 4063 operationem
3219 3992 3482 4057 habebat,
3506 3999 3709 4048 neutro

2118 4083 2318 4140 horum
2349 4094 2549 4141 natura
2583 4100 2813 4151 carens;
2847 4086 3072 4155 quibus,
3100 4085 3354 4140 faciendo
3389 4093 3453 4138 ut
3485 4085 3710 4139 nomina

2118 4176 2288 4233 rebus
2328 4192 2461 4234 vere
2501 4178 2892 4243 convenirent,
2922 4188 3089 4247 atque
3132 4178 3219 4231 his
3254 4192 3452 4231 rursus
3487 4176 3710 4231 easdem

2118 4269 2441 4335 astruendo,
2476 4269 2770 4324 manifeste
2815 4269 2963 4324 idem
3007 4268 3147 4338 ipse,
3186 4283 3310 4323 cum
3357 4268 3546 4322 divina
3595 4274 3711 4320 tum

2119 4361 2360 4416 humana
2392 4361 2726 4417 naturaliter
2757 4361 2999 4427 habens,
3026 4362 3331 4430 volensque
3372 4376 3437 4415 ac
3475 4374 3713 4430 operans

2117 4450 2482 4517 noscebatur;
2517 4466 2582 4507 ac
2609 4452 2705 4522 qui
2740 4451 2892 4518 inde,
2920 4468 3006 4517 ea,
3034 4468 3100 4508 ex
3144 4452 3371 4522 quibus,
3402 4458 3458 4507 et
3492 4452 3546 4505 in
3581 4451 3710 4520 qui-

2117 4542 2244 4609 bus,
2270 4552 2328 4598 et
2356 4558 2478 4613 quae
2508 4553 2648 4609 erat,
2678 4544 3028 4599 crederetur.
3058 4543 3309 4599 Naturali
3337 4542 3486 4599 enim
3512 4543 3711 4598 volun-

2118 4641 2229 4688 tate
2271 4648 2338 4689 ac
2374 4634 2657 4689 essentiali
2696 4636 3020 4704 operatione
3053 4636 3306 4699 sublatis,
3337 4637 3478 4707 ejus,
3509 4634 3604 4705 qui
3645 4650 3715 4689 ex

2118 4724 2226 4792 his,
2252 4741 2317 4780 ac
2343 4726 2428 4781 hze
2455 4736 2560 4791 est,
2587 4734 2884 4797 servatque
2916 4729 2973 4782 in
3004 4744 3114 4783 una
3145 4743 3406 4798 persona.
3434 4729 3713 4799 quomodo

2117 4818 2265 4874 Deus
2286 4826 2343 4872 et
2365 4818 2531 4873 homo
2554 4817 2777 4873 futurus
2802 4820 2921 4875 est?
2943 4819 3021 4874 Ac
3044 4818 3323 4889 quomodo
3347 4819 3455 4874 hoc
3507 4819 3716 4875 illudve

2119 4915 2491 4971 essentialiter
2532 4929 2655 4971 esse
2697 4912 3126 4979 monstrabitur,
3152 4913 3246 4983 qui
3288 4913 3581 4982 utriusque
3618 4928 3717 4966 na-

2120 5012 2259 5060 turae
2282 5005 2706 5076 proprietatem,
2732 5005 2944 5075 absque
2974 5005 3124 5060 omni
3151 5012 3401 5076 peccato,
3427 5005 3717 5061 indefecti-

2117 5096 2305 5152 hiliter
2326 5113 2439 5152 non
2471 5096 2695 5153 servet?
2716 5096 2874 5163 Quod
2902 5098 3050 5153 enim
3078 5099 3322 5155 excessit
3344 5098 3413 5155 iis
3439 5116 3560 5170 quae
3585 5107 3714 5153 sunt

2118 5205 2189 5245 ex
2230 5198 2450 5254 natura,
2483 5190 2554 5246 ab
2596 5190 2715 5261 ipsa
2751 5206 2975 5262 quoque
3019 5192 3285 5258 essentia,
3316 5194 3524 5248 nullam
3563 5191 3714 5247 exsi-

2117 5281 2377 5337 stentiam
2414 5279 2628 5335 habens
2660 5295 2725 5335 ac
2759 5280 3125 5336 substantiam
3164 5281 3343 5354 (quod
3379 5297 3557 5351 neque
3591 5296 3711 5334 mo-

2119 5369 2257 5441 tum)
2289 5378 2584 5427 extraneus
2607 5371 2787 5427 factus
2814 5380 2920 5427 est.
2948 5373 3087 5428 Nam
3116 5382 3178 5428 ut
3205 5373 3381 5427 divini
3410 5373 3706 5443 magnique

2119 5463 2364 5520 doctoris
2396 5463 2543 5519 beat:
2582 5464 2824 5536 Dionysii
2858 5464 3133 5521 sententia
3167 5472 3253 5519 est
3282 5481 3295 5519 :
3336 5484 3353 5517 ι
3387 5463 3544 5531 Quod
3580 5465 3707 5519 nul-

2118 5555 2232 5611 lum
2256 5555 2425 5610 habet
2451 5562 2682 5619 motum,
2705 5572 2886 5626 neque
2908 5564 3013 5621 est,
3034 5571 3217 5626 neque
3243 5556 3453 5626 aliquid
3479 5566 3584 5620 est,
3608 5570 3712 5611 nec

2120 5648 2231 5703 ulla
2262 5662 2495 5718 prorsus
2519 5648 2640 5721 ejus
2663 5647 2955 5703 afﬁrmatio
2982 5656 3086 5703 est.
3117 5667 3136 5700 ι
3166 5649 3358 5721 Igitur,
3383 5649 3476 5720 qui
3505 5648 3710 5705 Christi

2120 5741 2216 5796 Dei
2252 5748 2478 5796 naturas
2514 5741 2652 5811 (tum
2691 5740 2903 5795 scilicet
2933 5740 3207 5807 divinam,
3236 5748 3352 5801 tum
3384 5757 3505 5811 qum
3536 5736 3711 5795 nostri

2122 5832 2320 5889 similis
2349 5840 2454 5897 cst,
2481 5832 2802 5905 humanam)
2837 5832 3223 5902 conflteamur,
3250 5833 3317 5890 ad
3348 5848 3535 5890 earum
3563 5830 3711 5889 exsi-
