4082 6462
411 368 553 449 1115

1687 374 2071 440 ΕΙΓῙἭΥΜῘΙ
2108 366 2476 436 ZIGABENI

3548 362 3694 433 1116

404 515 624 572 ειεηιίω
667 521 878 571 certam
917 509 1271 568 astruendam
1317 507 1511 573 ﬁdem,
1547 520 1845 579 veramque
1891 520 1994 562 no—

2103 504 2198 560 καὶ
2228 502 2296 559 τά
2336 500 2545 574 φυσικὰ
2569 499 2781 556 τούτων
2813 496 3124 571 ίσαρίθμως
3168 494 3252 552 δεῖ
3292 497 3511 564 πάντως
3556 517 3702 571 πρε-

406 619 577 666 stram
611 607 681 663 de
712 605 824 662 illis
855 603 1284 668 confessionem,
1317 600 1544 656 omnino
1575 614 1797 670 quoque
1828 607 1994 653 natu-

409 702 554 758 rales
587 700 831 771 ipsarum
865 697 987 769 pari
1022 711 1255 751 numero
1285 694 1601 749 voluntates
1633 694 1996 764 profiteamur

408 809 638 850 necesse
685 805 800 855 est.
847 790 1191 861 totidemque
1238 788 1563 845 essentiales
1613 786 1995 858 operationes;

408 903 515 944 nec
546 888 743 942 harum
779 884 989 956 aliquid
1022 899 1253 955 prorsus
1286 884 1605 938 minuamus
1672 889 1769 937 aut
1827 897 1997 953 nege-

411 996 555 1047 mus,
580 995 651 1035 eo
687 986 979 1050 praetextu,
1007 978 1254 1048 hincque
1294 976 1456 1032 nobis
1491 976 1676 1031 fucum
1711 974 1997 1040 facientes,

411 1073 561 1143 quod
607 1073 665 1128 in
711 1087 948 1147 persona
998 1070 1268 1127 divinitus
1316 1069 1483 1125 unitre
1532 1069 1675 1135 sint;
1723 1084 1847 1124 eum
1899 1082 2003 1123 nos

409 1164 641 1219 minime
673 1163 861 1225 lateat,
890 1176 1014 1232 qua:
1051 1160 1107 1215 in
1149 1175 1385 1230 persona
1419 1158 1551 1213 unio
1582 1167 1687 1223 est,
1713 1158 1849 1212 nihil
1893 1157 2001 1212 illis

408 1270 535 1326 qua:
565 1255 843 1311 naturalia
877 1260 1035 1319 sunt,
1070 1252 1151 1306 uti
1192 1266 1295 1307 nec
1335 1251 1550 1306 naturis
1582 1250 1717 1321 ipsis
1751 1249 2003 1316 officere;

412 1349 634 1403 tametsi
661 1347 753 1403 illa
777 1348 829 1402 vi
862 1363 981 1411 sua,
1006 1346 1172 1402 unius
1199 1359 1452 1417 personze
1479 1342 1715 1400 ratione.
1748 1342 1804 1397 in
1832 1358 2003 1396 unum

410 1456 507 1497 eas
541 1449 702 1512 cogat
741 1439 919 1513 (haud
962 1447 1145 1494 tamen
1182 1437 1419 1503 eximat,
1456 1434 1589 1505 quin
1630 1441 1842 1489 naturae
1887 1433 2006 1509 ipsa

412 1535 630 1593 ratione
650 1532 775 1589 duae
815 1529 1135 1600 exsistant),
1188 1529 1265 1584 uti
1314 1527 1483 1584 etiam
1530 1525 1814 1582 naturales
1858 1524 2006 1596 ipsas

414 1625 806 1696 proprietates,
834 1636 1026 1677 earum
1064 1621 1210 1675 inter
1238 1634 1297 1674 se
1327 1616 1640 1672 colimsione
1668 1630 1733 1670 ac
1762 1615 2007 1671 necessi-

417 1712 633 1779 tudine,
658 1711 822 1769 unius
851 1727 1043 1767 rursus
1070 1723 1297 1781 prorsus
1326 1723 1471 1762 nexu
1501 1704 1833 1778 astringens,
1862 1721 2004 1761 neu-

420 1815 671 1877 tramque
718 1805 838 1861 sine
881 1805 1083 1868 altera,
1118 1809 1342 1856 extrave
1385 1798 1619 1855 alterius
1660 1798 2007 1853 communio-

2104 594 2321 650 σϐεύειν
2349 593 2654 666 θελήματα,
2687 590 2780 646 καὶ
2809 590 2911 654 τὰς
2940 586 3219 655 οὑσιώδεις
3253 590 3523 656 τοσαύτας
3552 593 3703 662 ἐνερ-

2103 687 2265 760 γείας
2305 688 2618 760 ὁμολογεῖν·
2662 686 2758 740 καὶ
2804 684 2972 757 μηδὲν
3011 681 3193 737 αὐτῶν
3232 682 3506 755 προφάσει
3537 682 3704 754 δῆθεν

2104 783 2201 856 τῆς
2232 783 2354 838 καθ’
2387 783 2683 837 ὑπόστασιν
2712 782 2865 847 θείας
2886 781 3135 846 ὲνώσεως
3162 780 3514 854 ἀπομειοῦνή
3536 780 3706 852 ἐξαρ-

2105 876 2316 931 νείσθαι
2355 876 2419 930 τὸ
2464 875 2714 930 σύνολον-
2753 874 3147 945 γινώσκοντας,
3192 871 3269 938 ὡς
3306 874 3340 944 ἡ
3382 872 3505 926 καθ’
3567 873 3709 926 ὑπό-

2108 987 2299 1025 στασιν
2325 970 2521 1034 ἓνωσις
2547 969 2700 1022 οὐδὲν
2734 968 3123 1041 παραϐλάπτει
3149 966 3260 1020 τῶν
3288 965 3560 1035 φυσικῶν,
3597 984 3705 1019 κα-

2108 1063 2287 1135 θάπερ
2322 1061 2443 1116 οὑδὲ
2471 1060 2572 1125 τὰς
2597 1062 2789 1130 φύσεις
2819 1061 2991 1124 αὑτάς
3012 1077 3026 1091 ·
3067 1061 3115 1113 εί
3156 1059 3254 1113 καὶ
3278 1056 3488 1122 ταύτας
3528 1058 3609 1121 είς
3642 1057 3703 1110 ἓν

2109 1155 2233 1222 ἄγει
2270 1153 2337 1207 δι’
2364 1153 2563 1224 ἑαυτῆς
2606 1153 2748 1206 κατᾶ
2782 1152 2879 1223 τὴν
2924 1152 3055 1224 μίαν
3095 1150 3395 1205 ὑπόστασιν
3421 1167 3434 1180 ·
3467 1149 3564 1204 τοῦ
3586 1150 3704 1216 δύο,

2109 1246 2188 1318 τῷ
2216 1246 2432 1318 φυσικῷ
2474 1244 2620 1318 λόγῳ
2658 1245 2929 1316 ὑπάρχειν
2960 1242 3214 1314 οὐδαμῶς
3246 1242 3519 1310 ἐξιστῶσα
3539 1231 3560 1274 θ’
3588 1241 3705 1295 ὥσ-

2109 1356 2214 1410 περ
2266 1333 2359 1392 οὑν
2408 1337 2587 1391 καύτὰ
2629 1335 2693 1410 δὴ
2739 1335 2887 1404 λέγω
2941 1335 3008 1390 τὰ
3058 1333 3264 1417 φυσικὰ
3314 1331 3705 1404 ἱδιώματσ,τῇ

2110 1427 2247 1500 πρὸς
2297 1427 2502 1498 ἄλληλα
2547 1428 2795 1498 συμφυῖᾳ
2831 1427 3006 1480 διόλου
3060 1425 3221 1480 πάλιν
3274 1424 3557 1489 ἐνίζουσα,
3604 1424 3707 1478 καὶ

2113 1519 2409 1593 μηδέτερον
2455 1518 2549 1573 τοῦ
2601 1519 2791 1591 ἐτέρου
2840 1518 3033 1591 χωρὶς,
3071 1519 3102 1590 ἦ
3153 1517 3254 1589 τῆς
3294 1518 3523 1589 θατέρου
3562 1517 3708 1589 πρὸς

2112 1612 2340 1684 θάτερον
2377 1610 2660 1674 κοινωνίας
2708 1611 2887 1675 ἐκτὸς,
2936 1610 3080 1664 κατὰ
3120 1610 3211 1662 τὸν
3260 1609 3368 1665 τῶν
3412 1609 3709 1680 Ῥωμαίων

2116 1704 2308 1759 πάπαν
2375 1703 2620 1774 ἀοίδιμον
2675 1702 2882 1758 Λέοντα
2953 1701 3281 1773 θεωρεῖσθαι
3415 1701 3707 1755 καθοτιοῦν

2115 1797 2498 1869 συγχωροῦσα,
2543 1796 2643 1868 τὴν
2686 1793 2894 1849 τούτων
2940 1793 3174 1866 οὐσιώδη
3205 1795 3299 1848 καὶ
3331 1794 3575 1865 φυσικὴν
3601 1794 3709 1847 οὐκ

417 1910 564 1957 nem,
598 1895 711 1950 ullo
740 1893 927 1959 modo,
957 1893 1039 1948 uti
1074 1889 1416 1947 clarissimus
1453 1889 1610 1944 urbis
1644 1889 1833 1944 Romae
1865 1905 2001 1961 papa

2113 1892 2356 1963 ἀμαυροῖ
2386 1887 2687 1953 παντελῶς,
2720 1887 2855 1942 ἀλλὰ
2883 1888 3108 1953 τελείως
3140 1886 3399 1958 φυλάττει
3414 1886 3707 1958 διαφοράν·

417 1985 529 2043 Leo
559 1993 745 2050 sentit,
786 1984 1027 2056 spectari
1084 1986 1301 2052 sinens,
1368 1985 1717 2042 essentialem
1786 1999 1852 2041 ac
1907 2001 2008 2041 na-

417 2077 650 2134 turalem
677 2091 868 2133 earum
915 2076 1333 2133 distinctionem
1367 2094 1473 2132 non
1537 2092 1768 2149 prorsus
1797 2077 2002 2143 abolet,

413 2168 514 2228 sed
533 2168 778 2241 perfecte
809 2156 1017 2225 servat.
1053 2168 1340 2225 Servando
1371 2170 1517 2224 enim
1577 2176 1862 2236 servatur;
1914 2162 2002 2235 ac,

416 2277 523 2331 qua
556 2267 779 2331 praestat
823 2261 1179 2325 incolumem,
1235 2261 1354 2333 ipsa
1428 2260 1728 2316 incolumis
1774 2270 2003 2331 perstat.

418 2352 696 2408 llactenus
717 2346 861 2407 enim
893 2349 1181 2407 manifeste
1209 2359 1392 2407 exstat
1418 2368 1601 2409 rerum
1625 2350 1777 2415 unio,
1824 2366 2005 2421 quan-

2107 1981 2188 2053 τῷ
2222 1982 2333 2052 γὰρ
2373 1982 2673 2050 φυλάττειν
2723 1981 3081 2051 φυλάττεται,
3141 1985 3237 2038 καὶ
3280 1981 3360 2054 τῷ
3400 1987 3703 2056 συντηρεῖν

2119 2076 2491 2147 συντηρεῖται.
2516 2074 2697 2146 Μέχρι
2730 2074 2836 2145 γάρ
2858 2075 2993 2128 τότε
3029 2076 3219 2146 σαφῶς
3258 2075 3456 2140 ἓνωσις
3514 2096 3701 2149 πραγ-

2114 2168 2300 2239 μάτων
2330 2165 2499 2234 tat-iv,
2518 2166 2623 2231 ἕως
2654 2165 2720 2220 ἂν
2751 2169 2784 2239 ἡ
2814 2168 3022 2224 τούτων
3069 2168 3311 2241 σώζηται
3342 2177 3547 2242 φυσικὴ
3581 2173 3701 2225 δια-

2114 2256 2277 2326 φορά·
2327 2258 2455 2312 ἐπεὶ
2507 2256 2711 2330 ταύτης
2757 2262 3145 2331 παυσαμένης,
3206 2259 3440 2316 παύεται
3483 2265 3708 2328 πάντως

2115 2353 2373 2423 κάκείνη,
2411 2356 2477 2427 τῇ
2513 2357 2781 2428 συγχύσει
2811 2358 3036 2422 τελείως
3064 2358 3452 2427 ἀφανισθεῖσα.

415 2447 510 2502 diu
540 2445 837 2501 incolumis
879 2453 966 2501 est
995 2447 1269 2503 naturalis
1308 2460 1501 2501 earum
1545 2443 1854 2500 distinctio.
1882 2443 2022 2501 Nam
2051 2447 2155 2501 bac
2179 2456 2451 2515 cessante,
2506 2456 2692 2506 cessat
2730 2448 2958 2506 omnino
2987 2459 3043 2506 et
3077 2450 3190 2517 illa,
3215 2450 3558 2507 confusionis
3578 2452 3708 2509 labe

419 2571 648 2628 prorsus
671 2556 894 2612 abolita.

484 2650 625 2707 Cum
674 2652 795 2709 haec
843 2654 1031 2725 itaque
1082 2654 1312 2728 (nempe
1362 2657 1529 2729 unio)
1577 2659 1788 2714 nullam
1837 2658 2006 2715 rebus

409 2741 595 2799 labem
621 2743 847 2811 inferat,
873 2761 979 2801 nec
1010 2746 1228 2802 illarum
1259 2748 1672 2804 distinctionem
1698 2750 2004 2820 quidquam

410 2832 606 2899 lmdat,
649 2835 749 2891 sed
792 2837 1143 2894 solummodo
1188 2839 1601 2895 accommodate
1644 2841 1716 2895 ad
1757 2843 2006 2899 nominis

408 2927 908 2997 nuncupationem,
934 2945 1058 2999 quae
1090 2945 1155 2986 ea
1185 2931 1539 3001 copulantur,
1566 2933 1779 2989 unitate
1813 2944 2000 3005 cogat;

407 3019 636 3074 omnino
669 3035 1013 3091 prorsusque
1041 3022 1193 3079 nullo
1221 3023 1537 3079 desiderato
1558 3032 1728 3094 atque
1760 3025 2002 3095 perfecte
2034 3053 2041 3059 -

400 3107 463 3164 in
505 3124 570 3165 ea
610 3110 912 3168 incolumia
955 3122 1109 3180 sunt,
1137 3129 1262 3185 quae
1301 3123 1504 3171 natura
1541 3115 1804 3173 distincta
1849 3128 2001 3185 sunt,

401 3216 473 3256 ne
502 3203 594 3258 vel
628 3203 915 3259 minimam
950 3205 1082 3263 inde
1115 3206 1461 3263 eversionem
1495 3224 1563 3267 ac
1592 3210 2000 3278 confusionem,
2032 3240 2074 3296 ο

404 3291 462 3346 in
503 3293 637 3363 ipsis
675 3296 934 3351 essentiis
980 3312 1080 3352 seu
1124 3298 1361 3360 naturis.
1401 3299 1459 3355 in
1501 3300 1906 3368 voluntatibus,
1942 3303 2003 3359 in

402 3385 847 3454 operationibus,
872 3387 1054 3444 ullove
1081 3389 1189 3443 alio
1215 3389 1364 3459 quod
1394 3400 1607 3462 spectet
1628 3392 1696 3449 ad
1722 3403 1998 3463 naturam,

406 3491 588 3547 passa.
616 3476 866 3544 Quonam
899 3478 1067 3550 igitur
1089 3480 1255 3536 modo
1283 3481 1414 3555 (qua
1440 3483 1677 3540 honesta
1701 3499 1835 3541 voce
1866 3502 2000 3541 con-

409 3568 640 3625 vestiam
682 3570 894 3641 nescio)
928 3571 1122 3642 probae
1166 3573 1369 3630 mentis
1413 3590 1528 3631 suae
1567 3591 1632 3632 ac
1670 3578 2002 3635 verecundae

408 3661 686 3729 velamen,
728 3662 877 3719 hanc
908 3664 1135 3735 quidam
1169 3675 1502 3737 praetexunt,
1525 3683 1594 3724 ac
1624 3668 1868 3725 Verbum
1910 3670 1999 3727 in-

408 3746 695 3810 carnatum
730 3764 930 3815 natura
962 3757 1268 3816 voluntatis
1300 3776 1499 3831 expers
1531 3776 1595 3816 ac
1627 3762 1996 3833 operationis,

407 3853 600 3905 nostra
631 3854 832 3918 natura
867 3846 944 3919 (id
979 3856 1084 3913 est,
1114 3848 1379 3922 humana)
1412 3859 1697 3917 asserunt;
1736 3860 1998 3923 tanquam

405 3950 540 3992 vere
592 3937 836 3997 inanima
881 3954 947 3995 ac
990 3950 1214 3997 carente
1258 3943 1510 4008 ratione,
1554 3958 1678 4014 quae
1721 3958 1791 3998 ex
1837 3944 2000 4003 nobis

406 4037 691 4097 assumpta
736 4029 795 4085 in
836 4045 905 4085 eo
948 4030 1263 4087 substantia
1289 4041 1394 4089 est.
1420 4033 1579 4101 Quod
1608 4034 1755 4091 enim
1799 4051 1999 4106 opera-

408 4119 577 4182 tionis
594 4137 658 4177 ac
673 4130 859 4179 motus
873 4137 1074 4193 expers
1101 4130 1208 4189 est,
1232 4123 1396 4194 plane
1413 4125 1581 4180 etiam
1603 4124 1846 4183 inanime
1880 4134 1997 4192 est;

406 4212 666 4281 quodque
712 4214 868 4269 nulla
918 4214 1152 4271 rationis
1195 4215 1483 4272 voluntate
1534 4217 1827 4287 praeditum
1876 4227 1996 4283 est,

404 4304 586 4385 palam
632 4304 800 4358 etiam
852 4305 1066 4363 ratione
1114 4314 1412 4378 menteque
1453 4316 1630 4363 caret.
1668 4309 1769 4365 Sin
1812 4318 1998 4366 autem

406 4393 615 4465 absque
660 4395 750 4451 his
795 4404 996 4451 natura
1035 4406 1156 4453 erat
1196 4398 1548 4456 incarnatum
1589 4399 1853 4468 Verbum,
1889 4418 1997 4473 qua

405 4484 800 4545 commercium
823 4486 1113 4542 nobiscum
1137 4487 1361 4554 inierat,
1384 4504 1623 4560 quonam
1643 4490 1809 4547 etiam
1832 4493 1998 4549 modo

404 4573 665 4638 credetur
704 4575 987 4633 hominem
1024 4577 1206 4649 ipsum
1245 4580 1556 4637 exstitisse?
1574 4581 1678 4649 Qui
1714 4598 1849 4638 vero
1883 4600 1996 4640 non

403 4667 611 4743 potius,
643 4668 832 4726 divina
861 4670 1205 4729 demutatum
1233 4680 1451 4741 natura.
1478 4689 1545 4730 ea
1577 4691 1799 4747 quoque
1834 4693 1995 4741 mon-

404 4759 672 4821 strabitur
722 4762 909 4819 carnis
964 4763 1257 4819 affectibus
1308 4765 1544 4827 invitum
1599 4769 1998 4827 succubuisse?

401 4853 746 4915 Naturalium
787 4855 936 4909 enim
995 4854 1452 4927 interemptione,
1490 4856 1656 4914 Arius
1704 4844 1993 4929 Apollina—

404 4944 633 5013 riusquc
655 4983 670 5007 ,
700 4944 796 4999 tali
836 4945 892 4999 in
925 4945 1107 5016 ipsum
1130 4945 1249 5004 acie
1274 4947 1694 5017 impressionem
1721 4950 1992 5007 fecerunt.

402 5033 561 5100 Alter
597 5033 747 5088 enim
788 5034 991 5102 anima,
1028 5036 1169 5091 alter
1206 5037 1420 5098 ratione
1456 5037 1783 5101 destitutum
1823 5039 1994 5110 (quod

399 5134 487 5181 est
518 5125 864 5198 operationis
889 5142 1087 5196 expers
1114 5143 1180 5185 ac
1205 5128 1531 5199 voluntatis)
1563 5129 1817 5200 professi,
1841 5148 1996 5188 crea-

400 5222 583 5275 turam
616 5223 781 5285 atque
808 5214 1077 5270 facturam
1108 5215 1288 5287 ipsum
1317 5219 1623 5274 secundum
1649 5235 1707 5276 se
1738 5221 1992 5292 blasphe—

398 5315 643 5360 marunt.
668 5306 913 5377 Uterque
943 5307 1093 5363 enim
1116 5307 1471 5380 Unigenitum
1503 5318 1702 5367 natura
1732 5311 1993 5371 divinita-

399 5399 472 5455 tis
504 5401 813 5470 patibilem,
840 5417 955 5457 non
982 5388 1167 5456 carnis
1198 5409 1419 5470 natura,
1444 5403 1735 5473 dixerunt;
1774 5408 1988 5465 tametsi

2175 2656 2397 2730 Ταύτης
2429 2654 2767 2729 τοιγαροῦν,,
2781 2656 2931 2726 λέγω
2973 2655 3030 2709 δὲ
3063 2655 3166 2724 τῆς
3208 2654 3476 2723 ἑνώσεως,
3516 2659 3579 2713 οὑ
3605 2658 3704 2713 λυ-

2106 2752 2442 2824 μαινομένης
2469 2752 2583 2814 τοῖς
2614 2748 2959 2822 πράγμασιν,
3007 2749 3129 2803 οὐδὲ
3159 2752 3227 2821 τῇ
3270 2750 3474 2805 τούτων
3512 2751 3707 2822 διαφο-

2109 2844 2214 2914 ρᾷ,
2248 2841 2387 2897 ἀλλὰ
2434 2841 2594 2912 μόνον
2644 2842 2712 2911 τῇ
2758 2839 2952 2910 κλήσει
2997 2839 3290 2911 προσφυῶς
3344 2841 3701 2913 ὲνοποιρύσης

2102 2932 2172 2985 τὰ
2204 2931 2325 2986 κατ’
2350 2929 2545 3002 αὐτὴν,
2572 2930 2682 2984 εἰσὶ
2709 2930 2942 2985 πάντοτε
3039 2931 3135 2984 καὶ
3158 2931 3379 2996 πάντως
3404 2933 3699 3003 ἀμειώτως

2103 3026 2161 3078 ὲν
2190 3025 2332 3096 αὑτῇ
2375 3024 2468 3079 καὶ
2508 3023 2732 3087 τελείως
2765 3024 3074 3094 σωζόμενα,
3105 3024 3178 3076 τὰ
3205 3024 3348 3078 κατὰ
3381 3024 3544 3093 φύσιν
3575 3025 3697 3078 διὰ-

2105 3132 2270 3187 φορα,
2309 3115 2408 3186 τὴν
2439 3114 2660 3168 οίανοῦν
2690 3115 3056 3188 παρατροπὴν
3073 3116 3133 3168 οὐ
3162 3115 3405 3171 παθόντα
3442 3117 3536 3173 καὶ
3567 3117 3696 3186 σύγ-

2100 3223 2260 3280 χυσιν
2277 3223 2290 3236 ’
2310 3208 2410 3261 οὐκ
2434 3209 2491 3261 ὲν
2512 3206 2725 3270 οὐσίαις
2753 3207 3036 3273 αὐταῖς,οὑ
3064 3206 3387 3278 θελήμασιν,
3411 3208 3512 3262 οὐκ
3539 3211 3695 3280 ὲνερ-

2102 3297 2302 3368 γείαις,
2331 3298 2432 3351 οὐκ
2461 3297 2607 3368 ἄλλῳ
2634 3298 2743 3352 τινὶ
2772 3297 3008 3368 φυσικῷ.
3057 3297 3181 3362 Πῶς
3212 3286 3305 3352 οὖν
3334 3299 3699 3370 ἐπικάλυμμα

2100 3390 2204 3462 τῆς
2236 3390 2392 3454 ἰδίας,
2429 3389 2530 3444 οὐκ
2559 3385 2663 3444 οἷδ’
2694 3391 2845 3453 ὅπως
2878 3389 3144 3460 εὐφήμως
3178 3391 3376 3456 εἰπεῖν,
3425 3391 3701 3462 καλοφρο-

2104 3482 2270 3555 σύνης
2321 3482 2420 3555 (ρ),
2477 3481 2685 3553 ταύτην
2743 3482 2888 3546 τινὲς
2936 3481 3406 3555 προφασίζονται·
3462 3484 3558 3539 καὶ⁸
3604 3483 3698 3536 τὸν

2100 3576 2460 3649 σαρκωθέντα
2490 3576 2664 3645 Λόγον
2695 3575 2960 3643 ἀθέλητον
2993 3574 3179 3645 φύσει,
3206 3577 3300 3631 καὶ
3326 3575 3695 3647 ἀνενέργητον

2099 3669 2179 3741 τῷ
2205 3668 2328 3724 καθ’
2364 3670 2531 3740 ἡμᾶς,
2560 3670 2729 3741 ἤγουν
2758 3667 2835 3739 τῷ
2877 3667 3229 3738 ἀνθρωπίνῳ,
3260 3668 3394 3739 φασί
3418 3686 3430 3697 ν
3466 3666 3560 3721 ἆτε
3594 3685 3694 3720 κυ-

2103 3760 2234 3832 ρίως
2272 3760 2486 3831 ἀψύχου
2525 3759 2623 3814 καὶ
2654 3759 2852 3828 ἀλόγου
2896 3758 2995 3829 τῆς
3025 3759 3087 3826 ἐξ
3128 3743 3286 3829 ημῶν
3319 3756 3695 3830 προσληφθεί-

2101 3868 2204 3923 σης
2242 3850 2432 3915 οὐσίας
2467 3852 2527 3905 ἐν
2570 3849 2731 3920 αὐτῷ
2770 3847 3170 3918 τυγχανούσης.
3215 3847 3289 3900 Τὸ
3317 3846 3427 3917 γάρ
3465 3846 3696 3917 ἀνενέρ-

2099 3959 2290 4015 γητον,
2327 3941 2590 4015 ἀκίνητόν
2624 3958 2686 3995 τε
2732 3941 2827 3994 καὶ
2854 3939 3063 4011 ἄψυχον
3096 3938 3379 4010 προδήλως
3403 3937 3523 3991 ἐστί
3548 3953 3563 3969 ο
3599 3938 3698 3991 καὶ

2097 4034 2161 4089 τὸ
2196 4034 2469 4105 μηδεμίαν
2489 4031 2716 4104 λογικὴν
2742 4032 2963 4103 θέλησιν
2986 4030 3129 4101 ἔχον,
3158 4029 3351 4097 ἄλογον
3380 4028 3567 4098 σαφῶς
3598 4028 3698 4083 καὶ

2100 4125 2350 4197 ἀνόητον.
2385 4124 2499 4181 Καὶ
2537 4126 2587 4179 εἰ
2641 4124 2847 4179 τούτων
2882 4125 3051 4194 χωρἰς
3081 4124 3222 4178 κατὰ
3253 4122 3414 4193 φύσιν
3446 4122 3697 4192 ὑπῆρχεν

2098 4218 2128 4270 ὁ
2163 4215 2472 4289 σαρκωθεὶς
2514 4216 2688 4284 Λόγος
2728 4216 2790 4268 τὸ
2842 4215 2964 4270 καθ’
2997 4217 3171 4286 ἡμᾶς,
3203 4215 3322 4279 πῶς
3357 4215 3439 4269 ὃτι
3471 4215 3566 4269 καὶ
3596 4214 3697 4268 άν-

2101 4304 2323 4380 θρωπος
2359 4307 2553 4376 γέγονε
2601 4305 3057 4375 πιστευθήσεται;
3088 4306 3203 4369 πῶς
3236 4304 3291 4360 δὲ
3323 4305 3524 4376 μᾶλλον
3570 4305 3696 4375 οὐχὶ

2094 4400 2333 4473 τραπεὶς
2354 4400 2452 4472 τὴν
2488 4400 2638 4455 θείαν
2671 4399 2857 4470 φύσιν,
2885 4400 2983 4456 καὶ
3012 4400 3218 4474 σαρκὸς
3263 4398 3492 4453 πάθεσιν
3518 4398 3695 4455 ἀκου-

2101 4491 2233 4556 σίως
2256 4490 2546 4546 ὑποπεσὼν
2568 4490 2918 4562 δειχθήσεται
2946 4489 3065 4544 κατ’
3093 4491 3299 4562 αὑτήν;
3331 4487 3411 4561 Τῇ
3441 4490 3551 4560 γὰρ
3582 4490 3696 4544 τῶν
3754 4508 3767 4519 κ

2031 4624 2073 4678 D
2103 4574 2351 4655 φυσικῶν
2396 4584 2697 4655 ἀναιρέσει,
2733 4582 2831 4656 τὴν
2865 4583 2975 4637 τῶν
3020 4581 3279 4636 τοιούτων
3322 4580 3695 4654 καταδρομὴν,

2108 4675 2328 4748 ’Δρειός
2362 4692 2422 4728 τε
2459 4676 2554 4730 καὶ
2593 4674 2970 4746 Ἀπολινάριος
3001 4674 3124 4728 κατ’
3178 4674 3347 4727 αὑτοῦ
3381 4675 3694 4742 πεποιήκα-

2106 4785 2214 4826 σιν.
2255 4769 2315 4822 '0
2352 4768 2453 4840 μὲν
2485 4768 2617 4840 γὰρ,
2651 4769 2895 4841 ἄψυχον.
2936 4769 2966 4822 ὀ
3002 4766 3084 4835 δὲ,
3137 4768 3367 4836 ἄλογον,
3415 4769 3553 4840 ὅπερ
3599 4770 3695 4823 ἀν·
3785 4780 3793 4811 τ

2107 4859 2405 4931 ενέργητόν
2444 4860 2561 4915 ἐστι
2598 4861 2693 4914 καὶ
2726 4862 3011 4929 ἀθέλητον,
3042 4860 3209 4915 αὐτὸν
3238 4861 3688 4931 δογματίσαντες,

2102 4953 2313 5020 κτίσμα
2358 4949 2551 5005 τοῦτον
2580 4952 2676 5007 καὶ
2708 4953 2922 5025 ποίημα
2952 4951 3077 5007 καθ’
3110 4953 3306 5007 ἑαυτὸν
3329 4953 3689 5023 ἐϐλασφήμη-

2104 5058 2227 5097 σαν.
2270 5041 2566 5115 Ἐκάτερος
2614 5043 2724 5116 γὰρ
2775 5044 3025 5116 παθητὸν
3073 5044 3235 5114 φύσει
3274 5044 3551 5114 θεότητος,
3577 5040 3694 5097 ἀλλ’

2102 5136 2163 5189 οὐ
2198 5134 2360 5205 φύσει
2392 5137 2597 5209 σαρκὸς
2621 5132 2775 5193 εἷπον
2798 5137 2890 5192 τὸν
2916 5138 3228 5208 Μονογενῆ*
3262 5137 3365 5193 κᾶν
3407 5136 3697 5191 ’Δπολινά-

2103 5244 2224 5300 ριος
2272 5228 2354 5291 ἔτι
2393 5231 2517 5285 κατ’
2545 5230 2804 5287 ἀσέϐειαν
2845 5230 3300 5301 δαψιλενόμενος,
3350 5230 3451 5285 καὶ
3482 5228 3697 5285 τελείαν

2101 5321 2205 5392 τὴν
2242 5321 2323 5386 είς
2356 5323 2538 5394 σάρκα
2568 5323 2875 5396 μεταϐολήν
2907 5323 3029 5378 κατ’
3052 5323 3332 5378 ἔκπτωσιν
3362 5325 3458 5377 καὶ⁵
3486 5319 3698 5394 τροπὴν

2100 5414 2202 5484 τῆς
2234 5415 2401 5469 αὐτοῦ
2422 5415 2679 5487 θεότητος
2707 5415 3047 5486 ἀπεφήνατο.

405 5501 608 5569 majori
644 5500 825 5558 adhuc
850 5499 1137 5571 impietate
1158 5497 1562 5572 Apollinarius,
1580 5499 1883 5573 perfectam
1909 5516 2125 5574 quoque
2182 5505 2237 5560 in
2269 5520 2491 5561 carnem
2539 5507 2986 5575 conversionem,
3024 5504 3203 5578 ipsius
3232 5505 3543 5563 divinitatis
3585 5521 3688 5563 oc-

405 5602 538 5642 casu
574 5602 639 5643 ac
666 5591 975 5645 mutatione
1007 5588 1213 5646 sanxit.

475 5675 668 5745 Opera;
697 5678 934 5748 pretium
971 5664 1160 5748 igitur,
1198 5686 1257 5733 ut
1292 5676 1496 5748 quibus
1524 5678 1889 5738 constitutum
1916 5684 1987 5738 sit

413 5767 667 5837 pietatem
680 5768 888 5835 colere,
918 5771 1328 5827 confessionem
1353 5771 1623 5844 ejusmodi
1648 5783 1988 5837 evertamus.

409 5865 836 5939 sanctorumque
862 5858 1087 5924 Patrum
1118 5861 1428 5927 doctrinam
1471 5873 1799 5935 teneamus;
1830 5874 1995 5939 atque

2178 5680 2302 5753 Χρὴ
2331 5681 2628 5754 τοιγαροῦν
2673 5679 3037 5747 εὐσεϐοὖντας
3073 5683 3243 5754 ἡμᾶς,
3293 5685 3397 5754 τὴν
3428 5685 3690 5755 τοιαύτην

2101 5773 2398 5843 ὁμολογίαν
2424 5775 2749 5841 διώσασθαι,
2810 5773 2906 5829 καὶ
2938 5774 3037 5848 τὴν
3072 5775 3179 5828 τῶν
3220 5774 3392 5844 ἁγίων
3423 5776 3687 5847 Πατέρων

2105 5869 2400 5940 κρατύνειν
2443 5867 2820 5923 διδασκαλίαν
2879 5870 2973 5923 καὶ
3006 5866 3346 5941 δύοφυσικὲ
3404 5867 3690 5943 θελήματα
