4082 6430
346 317 483 383 1117

1272 326 1649 388 PANOPLIA
1685 324 2147 390 DOGMATJCA.
2183 352 2252 363 —
2280 329 2429 391 TIT.
2464 331 2623 393 XXI.

3474 340 3616 409 1118

330 463 457 515 κατ’
494 461 714 527 αὐτοὺς,
757 461 856 517 καὶ
896 461 1181 529 οὑσιὼδεις
1214 465 1520 536 ἐνεργείας,
1557 468 1652 521 ἐπὶ
1700 470 1795 524 τοῦ
1824 473 1927 525 αὑ-

2037 475 2165 533 luas
2195 475 2482 532 naturales
2504 475 2840 544 voluntates,
2867 492 2938 534 ex
2965 492 3162 535 eorum
3190 487 3376 535 mente
3400 494 3463 535 ac
3486 496 3615 536 sen-
3680 458 3683 459 ν

332 556 427 609 τοῦ
461 557 555 610 καὶ
584 556 702 620 ἐνὸς
729 554 1035 627 ὁμολογεῖν.
1068 557 1132 611 Et
1166 558 1276 630 γὰρ
1300 558 1359 612 ἓν
1385 560 1475 613 ἐπ’
1509 560 1676 615 αὑτοῦ
1713 562 1929 638 θέλημα

335 649 432 702 καὶ
456 648 589 719 μίαν
629 647 916 720 ἐνέργειαν
954 648 1231 722 εἴποιμεν,
1256 652 1500 724 ἢτοῦτον
1526 655 1627 710 οὐκ
1662 655 1794 711 ὄντα
1822 658 1928 729 φύ-

337 756 418 792 σει
451 740 546 792 καὶ
570 739 883 811 ἄνθρωπον,
906 739 1045 798 ἀλλὰ
1079 742 1242 813 μόνον
1280 743 1416 798 Θεόν
1438 760 1451 774 '
1486 745 1520 818 ἢ
1563 746 1726 816 φύσει
1762 749 1927 818 μόνον

334 824 645 905 ἄνθρωπον,
683 836 780 887 καὶ
806 835 867 887 οὑ
898 835 1032 889 Θεόν
1057 853 1072 866 ·
1114 835 1148 908 ἢ
1182 835 1304 890 οὔτε
1334 837 1620 911 ἄνθρωπον
1642 839 1767 896 οὔτε
1791 841 1928 897 Θεὸν

337 928 527 997 σαφῶς
563 927 990 1000 δογματὶσομεν.
1021 923 1167 994 Οἷον,
1201 932 1251 984 εί
1284 932 1385 1000 μὲν
1416 933 1644 1001 φυσικὸν
1669 934 1733 988 τὸ
1770 933 1928 1006 θέλη-

339 1035 414 1087 μα
441 1017 607 1088 τυχὸν
650 1018 923 1089 εἴποιμεν,
973 1019 1006 1089 ἢ
1055 1018 1199 1073 θεῖον
1240 1023 1543 1093 πάντως,ῆ
1585 1024 1929 1095 ἀνθρώπινον

338 1109 498 1165 τοῦτό
540 1112 679 1163 ἐστι·
711 1111 806 1164 καὶ
845 1112 894 1164 εί
945 1111 1108 1177 θεῖον,
1141 1112 1212 1167 τὰ
1238 1112 1358 1168 θεῖα
1404 1117 1524 1168 κατ’
1550 1115 1683 1169 αὐτὸ
1711 1115 1930 1186 θελήσει

336 1200 587 1271 φυσικῶς
630 1204 658 1254 ὁ
697 1201 869 1270 Λόγος
895 1219 910 1234 ο
952 1202 1087 1256 Θεὸν
1129 1204 1289 1274 φύσει
1332 1206 1495 1276 μόνον
1539 1209 1633 1261 καὶ
1664 1208 1927 1279 συνθελή-

336 1294 435 1366 τὴν
484 1292 563 1364 τῷ
608 1294 724 1365 ἰδίῳ
758 1295 1046 1367 γεννήτορι
1094 1296 1309 1361 δεικνὺς
1337 1300 1554 1366 ἑαυτὸν,
1590 1301 1686 1354 καὶ
1711 1303 1811 1357 οὐκ
1838 1302 1926 1357 ἄν·

337 1386 558 1457 θρωπον
579 1404 591 1417 ·
631 1387 691 1439 ού
734 1387 844 1458 γὰρ
879 1389 1094 1457 πέφυκε
1116 1388 1207 1443 διὰ
1228 1389 1321 1443 τοῦ
1347 1392 1508 1459 φύσει
1540 1392 1707 1458 θείου,
1737 1394 1797 1446 τὸ
1824 1394 1926 1447 ἀν-

338 1479 612 1550 θρώπινον
656 1478 816 1548 φύσει
864 1480 1377 1553 χαρακτηρίζεσθαι
1401 1501 1415 1515 ο
1451 1483 1645 1557 ὥσπερ
1688 1487 1813 1542 οὑδέ
1840 1487 1930 1542 διὰ

336 1572 431 1624 τοῦ
470 1570 594 1625 κατ’
640 1572 833 1625 οὐσίαν
879 1572 1252 1645 ἀνθρωπίνου,
1287 1576 1349 1628 τὸ
1393 1576 1514 1631 κατ’
1552 1577 1739 1631 οὐσίαν
1786 1578 1931 1635 θεῖον

337 1662 732 1733 γνωρίζεσθαι.
757 1662 931 1717 Τοῦτο
960 1663 1045 1728 δὲ,
1074 1665 1170 1718 καὶ
1200 1666 1250 1717 εί
1278 1665 1621 1739 ἀνθρώπινον
1648 1670 1842 1741 φῶμεν
1868 1672 1931 1725 τὸ

342 1754 558 1825 θέλημα
610 1756 796 1824 φύσει,
851 1756 993 1809 κατὰ
1036 1755 1097 1809 τὸ
1136 1757 1434 1813 ἀκόλουθον
1502 1762 1929 1834 συναχθήσεται.

339 1845 403 1896 Et
439 1843 497 1896 δὲ
540 1844 925 1910 ὑποστατικὸν,
971 1846 1074 1916 τῆς
1117 1846 1283 1900 αὑτοῦ
1342 1850 1511 1922 μόνης
1576 1852 1929 1919 ὑποστάσεως

340 1934 498 1987 ἔσται
556 1938 1088 2007 χαρακτηριστικὸνσ
1140 1938 1237 1991 καὶ
1285 1938 1472 1993 οὔποτ’
1526 1941 1595 1996 ἃν
1635 1945 1756 1997 κατ’
1799 1945 1933 2001 αὐτὸ

342 2028 654 2101 κοινωνήσῃ
705 2029 884 2099 Harp}.
930 2030 1027 2082 mi.
1076 2029 1239 2100 ἡμῖν·
1276 2032 1385 2086 τῶν
1420 2034 1531 2105 γὰρ
1573 2035 1761 2108 ἄκρων
1794 2040 1933 2094 ὑπο-

342 2122 536 2174 στάσει
594 2121 969 2175 διαστέλλεται
1018 2124 1113 2177 καὶ
1164 2125 1480 2197 χωρίζεται.
1539 2128 1620 2183 Τὰ
1671 2131 1816 2186 αὑτὰ
1871 2132 1931 2185 δὲ

340 2214 507 2268 πάλιν
536 2214 781 2282 καὶπερὶ
816 2215 1111 2285 ἐνεργειῶν
1144 2218 1290 2270 ἔστιν
1324 2221 1521 2275 εἰπεῖν.

2024 568 2219 635 tentia,
2244 568 2679 639 essentialesque
2707 572 3061 641 operationes
3092 572 3150 627 in
3174 588 3286 627 uno
3311 573 3619 643 eodemque

2024 660 2391 718 conﬁteantur
2431 676 2498 717 ac
2536 662 2917 720 admittamus.
2953 665 3126 732 Nam,
3159 666 3205 721 si
3252 681 3419 720 unam
3458 667 3517 721 in
3552 682 3621 721 eo

2024 756 2369 811 voluntatem
2554 771 2835 827 unamque
2876 757 3253 827 operationem
3296 758 3621 826 dixerimus,

2026 856 2125 902 aut
2166 863 2296 903 eum
2342 863 2458 903 non
2504 849 2673 904 etiam
2717 859 2911 905 natura
2953 850 3269 917 hominem,
3303 852 3401 907 sed
3445 853 3624 907 solum

2027 940 2227 1008 Deum,
2253 951 2351 996 aut
2379 950 2577 996 natura
2608 952 2822 998 tantum
2855 942 3158 1009 hominem,
3188 954 3243 999 et
3272 961 3384 999 non
3412 946 3621 1012 Deum;

2029 1039 2126 1086 aut
2174 1048 2358 1102 neque
2412 1032 2733 1099 hominem,
2785 1049 2966 1104 neque
3015 1035 3191 1090 Deum
3241 1052 3396 1102 esse,
3441 1038 3623 1106 palam

2028 1124 2434 1194 proﬁtebimur.
2474 1125 2634 1190 Puta,
2668 1126 2715 1180 si
2754 1128 3063 1181 naturalem
3104 1129 3244 1182 forte
3281 1130 3621 1184 voluntatem

2029 1215 2354 1283 dixerimus,
2375 1217 2492 1271 haac
2519 1228 2614 1271 aut
2638 1217 2827 1272 divina
2859 1235 3089 1289 prorsus
3113 1230 3218 1283 est,
3239 1230 3335 1274 aut
3359 1222 3621 1277 humana.

2029 1308 2087 1363 Si
2111 1308 2317 1373 divina,
2340 1324 2404 1363 ea
2426 1309 2667 1363 Verbum
2699 1319 2898 1364 natura
2922 1312 3072 1367 volet
3096 1328 3219 1381 quas
3251 1322 3381 1368 sunt
3405 1313 3621 1378 divina;

2027 1414 2088 1455 se
2134 1409 2338 1455 natura
2391 1401 2605 1466 Deum,
2654 1402 2961 1473 eademque
3013 1420 3077 1459 ac
3122 1406 3284 1460 Pater
3332 1406 3623 1476 praeditum

2027 1494 2334 1559 voluntate,
2359 1492 2711 1548 solummodo
2736 1494 3067 1561 ostendens;
3100 1512 3210 1551 non
3239 1504 3425 1552 autem
3450 1499 3629 1552 homi-

2030 1598 2178 1635 nem.
2208 1581 2328 1636 Non
2366 1581 2514 1635 enim
2546 1597 2634 1637 res
2666 1583 2897 1651 patitur,
2926 1592 2989 1637 ut
3019 1583 3167 1652 quod
3201 1594 3400 1638 natura
3430 1584 3627 1637 huma-

2029 1687 2162 1726 num
2194 1682 2300 1736 est,
2329 1680 2461 1727 nota
2493 1672 2566 1726 sit
2592 1688 2657 1727 ac
2692 1673 2907 1742 insigne
2956 1674 3079 1743 ejus
3128 1674 3278 1743 quod
3314 1682 3399 1731 est
3429 1684 3631 1730 natura

2030 1763 2313 1817 divinum:
2360 1764 2439 1820 uti
2480 1780 2678 1834 neque,
2714 1774 2775 1820 ut
2815 1764 2959 1833 quod
3002 1764 3252 1818 divinum
3297 1772 3400 1831 est,
3434 1781 3533 1834 per
3573 1765 3630 1818 id

2031 1852 2178 1923 quod
2218 1862 2304 1908 est
2343 1855 2715 1909 essentialiter
2752 1854 3057 1909 humanum
3098 1865 3480 1926 cognoscatur.
3513 1855 3631 1913 Hoc

2027 1961 2162 2000 vero
2190 1946 2370 2016 ipsum
2396 1956 2803 2015 consequenter
2826 1946 2941 2011 ﬁat,
2959 1946 3006 2000 si
3034 1954 3091 2001 et
3110 1956 3303 2002 natura
3329 1948 3627 2004 humanam

2030 2041 2370 2097 voluntatem
2396 2041 2718 2096 dixerimus.
2747 2040 2849 2095 Sin
2878 2049 3065 2095 autem
3097 2042 3442 2111 personalem
3472 2043 3626 2098 diea—

2031 2147 2187 2199 mus;
2237 2133 2358 2203 ejus
2398 2132 2668 2187 duntaxat
2716 2147 2969 2202 personae
3013 2141 3146 2187 nota
3197 2140 3365 2204 atque
3414 2135 3629 2206 insigne

2030 2226 2169 2289 erit;
2212 2240 2316 2279 nec
2353 2225 2661 2279 secundum
2699 2240 2821 2281 eam
2864 2241 2990 2281 eum
3036 2227 3197 2281 Patre
3234 2236 3401 2296 atque
3441 2229 3632 2283 nobis-

340 2319 469 2358 cum
513 2303 815 2373 quidquam
870 2306 1328 2362 communicabit.
1377 2308 1621 2365 Persona
1669 2310 1819 2365 enim
1867 2309 1937 2365 ab
1974 2311 2235 2367 extremis
2297 2312 2638 2367 discernitur
2665 2328 2730 2368 ac
2760 2313 3088 2386 sejungitur.
3149 2315 3282 2383 Quae
3315 2317 3432 2387 ipsa
3466 2317 3635 2373 etiam

339 2395 410 2451 de
440 2396 860 2465 operationibus
884 2397 1119 2453 dicenda
1146 2406 1297 2453 sunt.

430 2496 570 2548 Ἀλλ’
600 2496 662 2548 οὑ
694 2494 785 2548 διὰ
806 2493 989 2559 τοῦτο,
1024 2494 1099 2566 μὴ
1130 2493 1369 2563 γένοιτο,
1395 2492 1496 2558 τὰς
1523 2492 1632 2549 τῶν
1655 2494 1934 2566 θεοφόρων

342 2588 610 2659 Πατέρων
645 2588 779 2660 περὶ
814 2587 1022 2652 αὐτῶν,
1072 2588 1218 2658 φημὶ
1253 2586 1365 2640 τῶν
1415 2587 1729 2659 ἐνεργειῶν,
1772 2606 1939 2659 μονα-

341 2682 500 2744 δικὰς
528 2679 931 2752 ἐξαρνούμεθα,
960 2682 1061 2752 τήν
1095 2698 1156 2733 τε
1190 2679 1287 2734 τοῦ
1312 2679 1605 2750 λεχθέντος
1636 2681 1936 2750 θεοφάντο-

351 2792 444 2846 ρος
497 2772 660 2842 ἁγίου
713 2774 993 2829 Διονυσίου
1108 2790 1129 2825 ι
1174 2771 1510 2844 Θεανδρικὴν
1577 2772 1882 2845 ἐνέργειαν,
1912 2793 1934 2827 ι

345 2864 442 2917 καὶ
483 2864 585 2933 τὴν
632 2862 907 2933 Κυρίλλου
958 2861 1054 2916 τοῦ
1107 2862 1277 2932 σοφοῦ
1327 2882 1346 2915 ι
1373 2862 1505 2935 μίαν
1556 2880 1616 2916 τε
1666 2865 1763 2921 καὶ
1809 2882 1941 2933 συγ-

348 2955 487 3026 γενῆ
534 2955 602 3009 δι’
631 2956 837 3025 ἀμφοῖν
883 2955 1334 3026 ἐπιδεδειγμένην
1371 2950 1675 3027 ἐνέργειαν.
1711 2975 1735 3009 ο
1768 2952 1942 3014 Δῦται

352 3047 452 3118 μὲν
485 3046 595 3119 γὰρ
625 3047 714 3100 διὰ
738 3045 836 3115 τὴν
867 3046 1083 3111 ἕνωσιν,
1112 3048 1208 3101 καὶ
1245 3047 1345 3120 τὴν
1388 3048 1528 3119 πρὸς
1574 3048 1812 3120 ἀλλήλας
1858 3049 1941 3103 δι-

2103 2501 2171 2556 Αι
2196 2515 2308 2554 non
2336 2508 2631 2571 pmpterea
2664 2499 2877 2571 (apage)
2908 2498 3228 2554 divinorum
3259 2500 3484 2555 Patrum
3512 2499 3632 2553 sin-

2035 2596 2256 2664 gulares
2291 2592 2361 2647 de
2394 2593 2483 2647 his
2511 2608 2678 2647 voces
2710 2592 2793 2662 (id
2828 2601 2932 2655 est,
2958 2591 3397 2660 operationibus)
3434 2606 3633 2660 nempe

2036 2702 2206 2740 unum
2249 2686 2385 2756 quid
2426 2684 2803 2757 signiﬁcantes
2840 2684 3227 2753 repudiamus;
3273 2694 3391 2739 tum
3433 2698 3635 2752 nempe

2032 2777 2175 2847 ejus,
2203 2778 2365 2849 cujus
2388 2774 2532 2830 facta
2561 2774 2770 2829 mentio
2797 2783 2903 2839 est,
2929 2775 3107 2828 divini
3138 2775 3458 2845 interpretis
3487 2774 3633 2829 beati

2032 2869 2277 2941 Dionysii
2322 2888 2340 2920 ι
2377 2868 2697 2923 Dcivirilem
2728 2868 3134 2938 operationem,
3174 2886 3193 2920 ι
3253 2877 3368 2922 tum
3405 2867 3627 2936 sapien-

2033 2960 2233 3016 tissimi
2276 2958 2502 3031 Cyrilli,
2552 2977 2571 3010 ι
2629 2958 2804 3015 Unam
2854 2968 3022 3028 atque
3073 2957 3289 3013 aﬁinem
3340 2957 3629 3026 utriusque

2033 3069 2266 3109 munere
2297 3052 2503 3107 editam
2537 3051 2940 3120 operationem.
2980 3071 2996 3102 ι
3044 3050 3153 3105 llas
3192 3050 3340 3105 enim
3380 3049 3458 3103 illi
3497 3064 3630 3117 pro-

351 3142 475 3196 ὀλου
519 3142 631 3197 τῶν
680 3143 933 3212 φυσικῶν
991 3142 1291 3214 ἐνεργειῶν
1349 3144 1649 3215 συμφυΐαν,
1696 3144 1938 3209 εὐσεϐῶς

2037 3156 2157 3218 pter
2180 3147 2470 3210 unionem,
2498 3144 2950 3214 naturaliumque
2982 3144 3366 3213 operationum
3401 3142 3543 3195 inter
3572 3158 3632 3195 se

354 3235 540 3298 αὐτοῖς
583 3233 972 3305 ἐκηρύχθησαν
991 3248 1006 3266 °
1036 3234 1229 3305 ὥσπερ
1260 3234 1357 3288 καὶ
1399 3236 1457 3288 αἱ
1489 3236 1693 3300 δυῐκαὶ,
1729 3236 1820 3290 διὰ
1843 3234 1943 3307 τὴν

2034 3252 2264 3310 prorsus
2302 3235 2462 3306 quasi
2505 3246 2708 3291 natura
2750 3247 3060 3292 consertam
3106 3234 3507 3296 cohaesionem,
3542 3234 3633 3302 pie

353 3325 587 3397 οὐσιώδη
666 3327 763 3380 καὶ
832 3326 1071 3397 φυσικὴν
1146 3327 1352 3382 τούτων
1413 3327 1700 3400 διαφοράν.
1742 3329 1806 3381 Ἠ
1835 3328 1938 3399 γὰρ

2037 3328 2448 3400 praedicarunt;
2498 3328 2578 3381 uti
2631 3338 2689 3382 et
2740 3328 2990 3397 duplices
3046 3327 3199 3397 (qua:
3260 3326 3471 3380 scilicet
3524 3325 3635 3379 duo

357 3415 689 3486 Θεανδρικὴ
734 3418 834 3488 τῆς
877 3418 1027 3482 θείας
1070 3418 1209 3488 ὁμοῦ
1243 3420 1340 3472 καὶ
1363 3418 1627 3489 ἀνδρικῆς
1652 3419 1940 3489 ἐνεργείας

355 3509 600 3583 ὑπάρχει
653 3510 974 3583 περίληψις.
1024 3510 1380 3581 Κατὰλληλον
1429 3511 1543 3583 γὰρ
1570 3512 1599 3564 ὁ
1624 3510 1945 3575 διδάσκαλος

352 3608 651 3676 ἐπινοήσας
677 3606 885 3676 φωνὴν,
937 3604 1327 3676 ἐκατέραν,ῶς
1356 3603 1524 3674 ἔφην,
1577 3607 1644 3676 τῇ
1692 3606 1938 3677 προφορᾷ

2037 3608 2445 3676 humanamque
2511 3607 2890 3675 operationem
2953 3606 3363 3676 complectitur.
3418 3603 3635 3658 Conve-
3726 3640 3729 3645 -

356 3697 874 3768 ωλλαμόἁνουσαν,
902 3697 1000 3751 καὶ
1036 3696 1244 3767 ταύτην
1271 3695 1573 3767 μοναδικῶς
1597 3698 1944 3768 ἐκφωνήσας,

352 3790 455 3861 τὴν
486 3790 706 3862 διπλῆν,
742 3791 843 3844 τοῦ
871 3789 1062 3843 διπλοῦ
1093 3790 1194 3860 τὴν
1226 3788 1413 3861 φύσιν,
1443 3790 1731 3862 ἐνέργειαν
1785 3806 1944 3861 περι-

357 3882 690 3953 φραστικῶς
738 3882 1150 3954 παρεδήλωσεν.

420 4164 537 4221 Καὶ
563 4164 595 4235 ἠ
618 4161 892 4234 Κυρίλλου
923 4161 981 4214 δὲ
1014 4163 1110 4215 τοῦ
1142 4159 1314 4230 σοφοῦ
1361 4176 1382 4213 ι
1420 4160 1521 4229 μία
1568 4177 1639 4221 τε,
1673 4162 1770 4216 καὶ
1806 4178 1941 4231 συγ-

350 4257 513 4328 γενὴς
555 4256 624 4309 δι’
652 4257 858 4326 ἀμφοῖν
892 4254 1311 4325 ὲπιδεδειγμένη
1348 4253 1624 4324 ἐνέργεια,
1648 4272 1670 4306 ι
1706 4255 1807 4326 τῆς
1844 4252 1942 4309 τοῦ

351 4349 813 4421 μεγάλουτούτου
838 4347 1056 4418 Πατρὸς
1086 4345 1355 4418 μεγίστης
1377 4344 1564 4415 ἔχεται
1692 4347 1942 4410 διανοίας.

349 4440 462 4511 Τὴν
495 4441 604 4511 γὰρ
653 4439 765 4494 τῶν
809 4438 1060 4510 φυσικῶν
1113 4436 1408 4507 ἐνεργειῶν
1432 4436 1636 4499 καύτὸς
1668 4436 1945 4506 συμφυΐαν

2037 3420 2384 3493 signiﬁcant)
2442 3421 2514 3475 ob
2567 3422 2920 3477 essentialem
2974 3437 3039 3475 ac
3088 3420 3396 3474 naturalem
3445 3433 3633 3473 earum

2037 3516 2471 3572 distinctionem.
2528 3515 2646 3571 Vox
2688 3516 2836 3570 enim
2880 3514 3146 3569 Dcivirilis
3186 3514 3428 3567 divinam
3471 3512 3634 3566 simul

2038 3699 2285 3753 nientem
2340 3697 2495 3752 enim
2556 3698 2754 3753 doctor
2816 3705 3166 3751 commentus
3224 3711 3450 3759 vocem,
3513 3710 3637 3765 quae

2038 3800 2331 3859 utramque
2376 3790 2791 3859 operationem,
2830 3789 2909 3843 uti
2962 3789 3244 3855 dicebam,
3280 3788 3638 3859 singulariter

2037 3883 2249 3954 prolata
2311 3882 2809 3950 complecteretur,
2868 3881 3149 3952 duplicem
3211 3880 3633 3952 operationem,

2038 3974 2161 4043 ejus
2190 3972 2285 4043 qui
2312 3971 2521 4042 duplex
2549 3978 2748 4028 natura
2777 3973 2875 4039 sit,
2898 3972 3394 4029 circumlocutione
3420 3972 3636 4043 signiﬁ—

2040 4060 2205 4117 cavit.

2117 4153 2226 4209 Sed
2258 4162 2316 4210 et
2346 4153 2441 4209 illa
2472 4154 2872 4225 sapientissimi
2901 4154 3090 4226 Cyrilli
3123 4170 3136 4207 :
3179 4173 3198 4205 ι
3229 4154 3350 4211 Una
3379 4162 3437 4210 et
3462 4154 3640 4208 alIinis

2046 4249 2340 4319 utriusque
2391 4264 2625 4304 munere
2669 4248 2817 4303 edita
2863 4250 3145 4319 operatio,
3184 4268 3204 4301 ι
3252 4250 3435 4320 magni
3474 4249 3641 4320 hujus

2045 4341 2227 4397 Patris
2252 4341 2506 4396 maximae
2532 4341 2911 4412 intelligentia:
2936 4342 3188 4411 proxima
3219 4349 3325 4396 est.
3352 4341 3488 4395 Nam
3523 4342 3642 4412 ipse

2046 4450 2270 4505 quoque
2317 4450 2589 4491 summam
2630 4434 2926 4503 quamdam
2975 4435 3315 4489 naturalium
3361 4434 3641 4504 operatio-

348 4531 444 4585 καὶ
484 4530 687 4584 ἕνωσιν
714 4530 783 4584 δι’
823 4530 994 4601 αὑτῆς
1041 4526 1373 4581 ἑκπαιδεύει.
1415 4526 1595 4580 Θέλων
1638 4526 1748 4596 γὰρ
1776 4526 1938 4591 δεῖξαι

2046 4542 2202 4591 num,
2231 4527 2599 4582 cohtesionem
2627 4542 2692 4580 ac
2718 4526 2978 4580 unionem
3005 4542 3102 4596 per
3124 4526 3273 4579 illam
3298 4525 3481 4580 docet.
3504 4524 3641 4579 Cum

348 4624 444 4677 καὶ
473 4624 503 4675 ὁ
530 4621 893 4691 πανεύφημος
940 4612 1098 4682 οὗτος
1142 4619 1309 4691 ἀνὴρ,
1338 4616 1416 4681 ὡς
1446 4617 1482 4688 ἦ
1516 4634 1575 4669 τε
1614 4616 1754 4686 σὰρξ
1790 4616 1944 4680 Θεὸς,

346 4715 447 4768 καὶ
487 4716 520 4786 ἡ
562 4713 686 4768 κατ’
724 4712 896 4784 αὐτὴν
924 4711 1194 4781 οὑσιώδης
1232 4710 1506 4781 ἐνέργεια,
1535 4708 1655 4762 θεία
1701 4710 1767 4780 τῇ
1808 4708 1946 4778 πρὸς

347 4808 414 4876 τῇ
452 4805 615 4876 φύσει
657 4804 791 4859 Θεὸν
836 4803 1014 4873 Λόγον
1053 4803 1248 4856 ἐνώσει
1294 4801 1593 4872 γεγένηται
1670 4841 1685 4867 ,
1736 4801 1832 4852 καὶ
1879 4799 1947 4851 τὰ

321 4897 495 4968 ,ὑπὲρ
526 4896 817 4969 ἄνθρωπον
851 4898 1095 4968 ἐνήργει,
1125 4895 1200 4966 μὴ
1248 4896 1495 4949 ἐκστᾶσα
1535 4892 1748 4958 τούτου,
1778 4886 1948 4962 οὗπερ

349 4982 421 5060 ἦν
450 4989 593 5042 κατὰ
635 4988 839 5057 φύσινο
871 4987 1065 5060 ὥσπερ
1107 4983 1201 5042 οὖν
1248 4988 1346 5040 καὶ
1391 4986 1556 5050 αὐτὸς
1587 4988 1617 5041 ὁ
1652 4985 1827 5054 Λόγος
1876 4988 1944 5057 τῇ

350 5078 557 5149 ταύτης
588 5079 896 5150 προσλήψει
917 5080 983 5132 δι’
1014 5080 1162 5149 ήμᾱὶς
1188 5077 1458 5141 ἑκουσίως
1481 5076 1709 5145 γέγονεν
1730 5077 1945 5146 ἄνθρω-

351 5187 474 5237 πος,
510 5171 583 5225 τὰ
622 5172 770 5225 κατὰ
809 5171 1101 5245 ἄνθρωπον
1144 5169 1418 5242 ἐνεργῶν*
1448 5169 1653 5240 καίπερ
1685 5168 1947 5239 ὑπάρχων

351 5262 514 5332 φύσει
535 5261 690 5327 Θεὸς,
723 5261 1037 5335 διαγορεύει
1069 5260 1281 5325 τοῦτον,
1322 5261 1397 5331 μὴ
1422 5258 1746 5330 παντουργῷ
1772 5275 1947 5328 προσ-

350 5354 596 5425 τάγματι
636 5354 801 5424 μόνον
849 5354 1035 5409 ίᾶσθαι
1078 5353 1174 5407 καὶ
1221 5351 1534 5417 ζωοποιεῖν,
1566 5338 1654 5415 ’ὡς
1706 5352 1782 5423 μὴ
1813 5351 1948 5404 Θεὸν

351 5448 483 5500 ὅντα
521 5449 762 5517 γυμνόν
814 5448 954 5501 ἀλλὰ
1005 5446 1332 5518 συνεργάτιν
1374 5445 1569 5517 ὥσπερ
1604 5446 1750 5511 τινὰ,
1810 5448 1948 5516 πρὸς

351 5540 512 5595 τοῦτο
548 5540 614 5610 δὴ
660 5539 920 5611 μάλιστα,
964 5540 1064 5610 τὴν
1105 5539 1269 5608 ἁγίαν
1315 5539 1484 5593 αὑτοῦ
1514 5540 1692 5610 σὰρκα
1733 5538 1949 5609 λαμϐά-

352 5650 467 5685 νειν
514 5631 837 5700 ἐπείγεσθαι
863 5648 876 5661 ·
910 5634 1006 5686 καὶ
1047 5631 1337 5695 ζωοποιεῖν
1369 5632 1464 5683 καὶ
1507 5630 1837 5702 θεραπεύειν
1881 5630 1948 5683 δι’

354 5726 527 5795 αὑτῆς
551 5726 646 5779 καὶ
674 5726 773 5795 τῆς
805 5725 927 5778 κατ’
958 5724 1128 5794 αὐτὴν
1152 5724 1295 5794 ἁφῆς
1335 5727 1429 5777 καὶ
1455 5724 1642 5794 φωνῆς
1660 5740 1671 5751 ·
1706 5724 1793 5777 ἵνα
1818 5723 1949 5777 ταύ-

354 5835 454 5887 την
487 5817 711 5890 δεικνύῃ
746 5816 1035 5887 ζωοποιεῖν
1084 5817 1416 5891 δυναμένην,
1455 5816 1543 5870 διὰ
1581 5817 1641 5869 τὸ
1678 5817 1812 5889 πρὸς
1845 5817 1945 5871 αὺ-

2047 4616 2196 4671 enim
2225 4616 2393 4670 etiam
2422 4617 2545 4670 viro
2575 4616 2710 4671 huic
2734 4617 3045 4671 clarissimo
3070 4618 3437 4672 constitutum
3473 4630 3642 4682 esset,

2050 4717 2112 4762 ut
2155 4707 2477 4764 ostenderet
2518 4722 2741 4763 carnem
2788 4709 2984 4773 Deum,
3020 4710 3251 4780 ejusque
3292 4711 3643 4766 essentialem

2050 4801 2454 4872 operationem,
2482 4800 2690 4856 unione
2724 4816 2851 4856 cum
2886 4802 3068 4858 Verbo
3101 4812 3298 4856 natura
3332 4803 3467 4869 Deo,
3498 4802 3645 4857 divi-

2050 4909 2181 4947 nam
2226 4892 2428 4947 factam
2473 4908 2628 4957 esse,
2674 4895 2996 4964 majoraque
3045 4910 3210 4964 quam
3260 4910 3358 4964 pro
3404 4895 3647 4951 hominis

2052 4985 2267 5040 ratione
2289 4999 2413 5040 esse
2436 4993 2746 5056 Operatam,
2770 5001 2898 5039 cum
2927 4985 2996 5039 ab
3018 5000 3086 5041 eo
3112 4985 3261 5055 quod
3283 4996 3406 5042 erat
3427 4996 3644 5051 natura,

2047 5078 2279 5132 minime
2321 5077 2680 5142 excessisset,
2723 5077 2804 5131 uti
2843 5078 3013 5133 etiam
3051 5077 3234 5147 ipsum
3272 5079 3548 5143 Verbum,
3582 5095 3643 5133 ea

2049 5179 2279 5242 propter
2326 5185 2430 5224 nos
2475 5177 2671 5239 Sponte
2715 5178 3030 5239 assumpta,
3066 5169 3234 5225 homo
3277 5170 3481 5226 factum
3529 5179 3643 5233 est,

2049 5260 2293 5316 humana
2346 5276 2617 5332 operans,
2670 5275 2992 5330 quanquam
3045 5270 3167 5315 erat
3216 5261 3363 5316 Deus
3412 5270 3643 5323 natura;

2050 5356 2232 5427 ipsum
2282 5356 2476 5423 docet,
2519 5355 2728 5410 nedum
2773 5356 3027 5426 jussione
3069 5356 3319 5411 omnium
3366 5353 3645 5409 eﬁ‘ectriee

2050 5464 2246 5504 curare
2289 5464 2354 5504 ac
2395 5448 2565 5503 vitam
2617 5448 2897 5515 tribuere;
2945 5454 3006 5501 ut
3046 5447 3141 5517 qui
3178 5442 3301 5501 non
3346 5445 3419 5501 sit
3465 5446 3647 5501 nudus

2051 5541 2221 5606 Deus,
2245 5542 2343 5596 sed
2374 5542 2527 5597 velut
2549 5541 2736 5611 operis
2763 5540 2992 5604 sociam,
3019 5539 3087 5592 ad
3118 5540 3223 5595 hoc
3251 5538 3487 5592 maxime
3515 5553 3646 5593 san-

2054 5642 2201 5688 ctam
2238 5649 2463 5689 carnem
2497 5650 2657 5688 suam
2691 5633 2891 5688 sedulo
2921 5632 3219 5698 adbibere;
3260 5646 3468 5700 perque
3499 5645 3645 5695 eam,

2051 5727 2281 5796 ejusque
2327 5736 2473 5781 tactu
2518 5736 2573 5780 et
2613 5741 2749 5780 voce
2792 5723 3078 5780 viviﬁcare
3122 5732 3289 5794 atque
3330 5736 3549 5788 curare,
3584 5730 3647 5777 ut

2051 5831 2173 5877 eam
2199 5819 2456 5875 ostendat
2480 5817 2795 5875 \‘iviticandi
2819 5816 2872 5872 vi
2904 5815 3223 5891 praeditam;
3252 5815 3460 5872 idcirco
3483 5815 3647 5873 nimi-
