4082 6392
467 333 491 396 ι
505 332 527 396 ι
541 335 607 398 19
1678 321 2061 384 EUTHYMll
2103 325 2470 388 ZIGABENI
3606 331 3745 397 1120

462 479 584 516 rum
615 462 764 533 quod
798 477 971 518 unum
1005 476 1131 516 cum
1164 476 1229 516 ea
1265 476 1364 532 per
1396 459 1662 516 unionem
1692 461 1899 516 factum
1933 472 2040 530 est;

2143 460 2245 532 τὴν
2286 459 2344 514 ἐν
2396 461 2463 532 τῇ
2513 457 2706 513 ἐνώσει
2752 458 3044 530 γενέσθαιο
3078 462 3174 513 καὶ
3228 459 3394 514 αὐτοῦ
3430 461 3525 516 τοῦ
3575 465 3740 534 φύσει

460 570 699 626 vereque
727 571 791 610 ac
819 555 1046 626 proprie
1076 555 1252 624 ipsius
1278 564 1477 609 natura
1505 553 1721 610 cunctis
1745 555 1915 610 vitam
1945 556 2040 610 lar-

2145 550 2545 620 ζωογυνοῦντος
2582 550 2650 604 τὰ
2705 551 3023 623 σύμπαντα,
3057 551 3153 605 καὶ
3202 554 3302 624 οὐχ
3335 553 3524 626 ἕτερον
3557 559 3741 630 σάρκα

459 647 682 718 gicntis,
715 663 828 701 non
875 647 1101 701 alterius
1149 662 1280 701 caro
1325 656 1427 702 est.
1464 646 1835 714 Quamobrem
1885 648 2040 704 etiam

2145 641 2352 714 κυρίως
2394 643 2684 714 ὑπάρχειν.
2733 643 2826 696 Διὸ
2866 643 2965 697 καὶ
3009 643 3142 715 μίαν
3183 645 3350 698 αὐτοῦ
3395 649 3490 701 καὶ
3543 651 3739 721 αὐτῆς,

461 755 627 793 unam
672 754 848 806 suam,
885 740 1116 809 ejusque
1161 738 1390 809 (sancta:
1430 739 1644 794 scilicet
1686 740 1871 796 carnis
1891 741 2050 810 suae),

460 840 628 900 atque
664 829 880 885 amnem
910 830 1202 900 utriusque
1233 847 1464 886 munere
1493 832 1611 886 edit
1639 834 2050 904 operationem;

459 935 628 973 unam
664 918 909 988 quidem,
944 921 1179 986 unione;
1204 937 1416 996 rursus
1453 939 1606 990 vero,
1641 925 1898 995 partibus
1934 927 2051 982 είῙὶ-

457 1025 623 1076 nem;
657 1026 782 1080 qum
813 1010 1073 1066 videlicet
1111 1021 1224 1065 tum
1261 1012 1316 1066 in
1346 1013 1595 1084 jussione
1628 1015 1878 1071 omnium
1913 1018 2046 1073 eil'e-

458 1101 650 1167 ctrice,
683 1110 796 1156 tum
831 1102 889 1155 in
921 1109 1125 1156 sancta:
1157 1103 1344 1159 carnis
1393 1113 1652 1160 contactu
1686 1107 1879 1162 eadem
1933 1109 2052 1178 ipsa

457 1193 750 1248 exsisteret
792 1211 806 1247 :
851 1195 1141 1265 utriusque
1185 1197 1336 1250 enim
1383 1213 1649 1263 munere,
1693 1199 1937 1255 Verbum
1989 1211 2052 1255 ut

458 1285 625 1352 Dens,
651 1286 795 1341 hanc
820 1287 966 1341 clare
995 1288 1321 1354 exhibebat;
1353 1304 1554 1359 nempe
1585 1291 1907 1356 ostendens,
1940 1309 2048 1362 qna

459 1394 560 1448 per
607 1393 728 1432 eam
785 1394 1005 1449 quoque
1060 1380 1228 1434 vitam
1287 1381 1601 1446 tribuebat,
1653 1383 1828 1454 ipsam
1885 1386 2051 1440 etiam

459 1483 691 1538 prorsus
734 1467 1007 1522 viviﬁcam
1055 1469 1330 1535 evasisse;
1379 1470 1461 1524 uti
1505 1471 1671 1526 etiam
1720 1473 1863 1543 ignis
1907 1473 2054 1529 ferro

459 1558 723 1624 adurens,
754 1559 960 1615 unione
997 1576 1124 1614 cum
1167 1560 1308 1630 ipso,
1343 1560 1552 1616 ferrum
1594 1572 1819 1633 pragstat
1856 1564 2051 1619 urcndi

461 1651 515 1703 vi
558 1649 852 1720 praeditum
899 1668 912 1705 :
960 1650 1035 1706 ita
1074 1651 1337 1706 nimirum
1379 1661 1440 1708 ut
1478 1654 1626 1710 ustio
1666 1655 1870 1710 nedum
1911 1656 2054 1727 ignis

461 1749 662 1796 natura
699 1742 792 1808 sit,
823 1741 919 1797 sed
945 1751 1002 1798 et
1032 1743 1208 1813 ipsius
1237 1744 1388 1813 ferri,
1422 1761 1531 1816 qua
1562 1747 1641 1801 illi
1675 1748 1890 1802 unitum
1920 1759 2005 1804 est
2035 1767 2051 1804 :

461 1833 762 1903 divinaque
814 1851 1013 1890 rursus
1061 1837 1350 1906 patrandis
1397 1838 1682 1893 miraculis

461 1927 730 1994 operatio,
752 1942 864 1980 non
895 1927 1069 1998 ipsius
1097 1928 1275 1983 solum
1299 1929 1372 1984 sit
1400 1938 1626 1999 propter
1655 1937 1932 1996 natumm,
1956 1931 2051 1987 sed

460 2029 520 2074 et
559 2029 762 2074 sanctae
809 2019 983 2090 ipsius
1023 2020 1226 2086 carnis,
1259 2020 1331 2076 ob
1372 2021 1720 2091 personalem
1762 2023 1884 2093 ejus
1927 2038 2052 2078 cum

463 2110 580 2180 ipsa
615 2109 898 2164 unionem.
924 2110 1042 2165 Sibi
1083 2111 1231 2166 enim
1274 2111 1329 2166 in
1373 2111 1598 2176 divinis,
1627 2112 1811 2181 operis
1847 2114 2052 2169 sociam

461 2218 582 2256 eam
609 2202 930 2268 adhibebat,
954 2204 1034 2257 uti
1059 2204 1299 2274 loquitur
1330 2203 1607 2274 magister,
1635 2203 1780 2258 haud
1805 2220 1968 2260 secus
1989 2221 2049 2261 ar

460 2293 645 2346 anima
686 2308 889 2363 corpus
928 2293 1176 2358 adhibet,
1207 2303 1269 2349 ut
1309 2310 1479 2364 Opera
1518 2309 1618 2349 sua
1657 2293 1892 2364 expleat.
1927 2294 2052 2352 llaec

459 2383 628 2454 igitur
675 2398 784 2437 una
822 2391 909 2438 est
951 2399 1016 2438 ac
1061 2383 1238 2440 allinis
1284 2384 1575 2454 utriusque
1625 2399 1854 2438 munere
1899 2383 2050 2440 edita

457 2474 744 2543 operatio,
791 2490 915 2545 qua!
963 2476 1298 2531 naturalium
1346 2476 1736 2546 operationum
1787 2475 2048 2530 unionem

454 2565 763 2634 declarans,
794 2567 998 2621 diversi
1032 2583 1127 2622 eas
1157 2567 1374 2638 generis
1406 2567 1684 2637 duasque,
1707 2566 1853 2620 haud
1887 2582 2050 2622 secus

451 2679 518 2721 ac
546 2664 714 2720 etiam
742 2664 1026 2719 Deivirilis
1050 2666 1319 2734 Operatio,
1344 2667 1396 2719 vi
1445 2681 1544 2721 sua
1571 2682 1602 2720 a
1627 2681 1796 2735 seque
1821 2665 2043 2734 pr0prie

452 2758 754 2830 signiﬁcet;
786 2758 934 2828 quod
963 2757 1034 2812 ad
1060 2758 1253 2813 ambas
1283 2759 1562 2814 referatur
1586 2767 1794 2828 partes,
1818 2773 1884 2812 ex
1916 2756 2042 2826 qui-

453 2850 561 2907 bus
588 2859 646 2905 et
669 2851 726 2905 in
753 2850 957 2920 quibus
985 2865 1157 2904 unum
1189 2865 1253 2905 ac
1283 2851 1556 2921 singulare
1583 2849 1825 2905 Verbum
1859 2849 2041 2903 incar-

453 2953 646 2998 natum
675 2942 1003 3008 exsistebat;
1037 2951 1358 3012 spectetque
1386 2943 1454 2996 ad
1481 2952 1805 3013 utramque;
1837 2942 2042 2996 utrius-

452 3052 561 3105 que
607 3036 822 3091 scilicet
860 3051 1094 3091 munere
1135 3035 1320 3101 edita;
1369 3044 1486 3089 tum
1531 3051 1731 3106 nempe
1772 3035 2040 3106 jussionis

452 3127 698 3181 omnium
726 3127 1045 3192 eﬂ‘ectricis,
1075 3133 1192 3180 tum
1221 3136 1508 3181 contactus
1538 3134 1740 3181 sanctae
1763 3125 1962 3179 carnis.

1885 1841 2052 1896 Verbi
2077 1806 2117 1859 Β

2144 735 2292 806 φημὶ
2311 734 2416 806 τῆς
2444 734 2608 803 ἁγίας
2641 734 2843 808 σαρκὸς
2872 735 2970 789 καὶ¹
3006 736 3248 807 συγγενῆ
3289 737 3358 790 δι’
3382 739 3587 810 ἀμφ-οἶν
3618 744 3743 796 ἑπι-

2142 826 2383 879 δεικνύει
2421 825 2740 897 ἐνέργειανο
2776 827 2908 898 μίαν
2961 828 3084 899 μὲν,
3117 830 3186 900 τῇ
3231 828 3458 883 ὲνώσεν
3497 837 3738 906 συγγενῆ

2143 917 2201 972 δὲ
2236 918 2419 985 πάλιν,
2452 921 2566 982 τοῖς
2597 919 2850 990 μέρεσιν·
2882 921 2958 985 ὡς
2999 920 3099 992 τὴν
3149 922 3323 992 αὐτὴν
3357 919 3547 987 οὖσαν,
3587 925 3646 978 ἐν
3671 945 3734 980 τε

2145 1009 2473 1081 παντουργῷ
2519 1011 2930 1082 προστάγματι,
2987 1014 3086 1065 καὶ
3131 1012 3244 1085 ἀφῇ
3285 1013 3387 1084 τῆς
3413 1014 3580 1083 ἁγίας
3607 1034 3738 1089 σαρ-

2145 1100 2269 1166 κόςο
2298 1101 2367 1155 δι’
2412 1103 2618 1172 ἀμφοῖν
2658 1101 2788 1173 γὰρ,
2811 1101 2886 1167 ὡς
2925 1102 3082 1167 Θεὸς.
3107 1105 3135 1156 ὁ
3163 1104 3358 1172 Λόγος,
3389 1105 3596 1178 ταύτην
3631 1125 3735 1161 σα-

2145 1193 2262 1263 φῶς
2313 1193 2694 1246 ἰπεδείκνυτοο
2736 1193 2953 1258 δεικνὺς
2995 1193 3075 1265 τῷ
3121 1195 3218 1248 καὶ
3273 1195 3340 1248 δι’
3391 1197 3564 1268 αὐτῆς
3593 1199 3736 1262 ζωο-

2146 1287 2346 1351 ποιεῖν,
2391 1287 2467 1349 ώς
2510 1286 2606 1340 καί
2644 1285 2785 1356 αὐτὴ
2842 1287 3071 1356 γέγονεν
3120 1288 3187 1342 δι’
3245 1289 3372 1342 ὅλου
3429 1289 3734 1355 ζωοποιόςο

2145 1375 2398 1449 καθάπερ
2427 1377 2522 1431 καὶ
2552 1375 2664 1448 πῦρ
2693 1376 2784 1430 διὰ
2813 1377 3034 1450 σιδήρου
3074 1383 3250 1446 καῖον,
3280 1380 3471 1435 ἑνὼσει
3499 1383 3565 1452 τῇ
3596 1383 3736 1452 πρὸς

2145 1467 2310 1523 αὑτὸν
2356 1468 2652 1522 καυστικὸν
2707 1468 3005 1538 ἀποφαίνει
3049 1470 3144 1524 τὸν
3207 1472 3458 1544 σίδηρονο
3486 1472 3563 1536 ὼς
3592 1469 3734 1528 εἴναι

2145 1560 2332 1615 λοιπὸν
2369 1560 2458 1614 διὰ
2499 1559 2659 1614 τοῦτο
2702 1561 2778 1632 μὴ
2814 1561 2909 1615 τοῦ
2951 1563 3124 1635 πυρὸς
3163 1564 3307 1618 κατὰ
3358 1565 3522 1634 φύσιν
3564 1567 3730 1637 μόνον

2145 1653 2244 1723 τὴν
2276 1653 2493 1719 καῦσιν,
2522 1653 2660 1707 ἀλλὰ
2697 1652 2903 1708 καύτοῦ
2948 1654 3042 1708 τοῦ
3090 1657 3311 1728 σιδήρου
3343 1658 3432 1711 διὰ
3469 1659 3570 1730 τὴν
3592 1659 3733 1712 ἐνω-

2147 1761 2232 1797 σιν
2295 1745 2391 1799 καλ⁵
2420 1745 2521 1817 τὴν
2547 1747 2606 1802 ὲν
2635 1748 2749 1810 τοῖς
2779 1745 3026 1817 θαύμασι
3073 1748 3226 1802 θείαν
3269 1748 3366 1803 τοῦ
3404 1750 3580 1814 Λόγου
3618 1753 3731 1806 πά-

2147 1835 2229 1889 λιν
2271 1836 2582 1908 ἐνέργειαν,
2625 1839 2702 1909 μὴ
2756 1837 2850 1892 τοῦ
2901 1837 3070 1892 αὐτοῦ
3110 1839 3274 1910 μόνον
3314 1841 3404 1894 διὰ
3441 1841 3542 1913 τὴν
3570 1843 3736 1912 φύσιν

2147 1927 2437 2000 ὑπάρχειν,
2482 1928 2622 1984 ἀλλὰ
2659 1930 2870 1999 καὺτῆς
2915 1931 3017 2001 τῆς
3051 1931 3214 2000 ἁγίας
3253 1934 3478 2003 σαρκὸς,
3509 1935 3598 1988 διὰ
3631 1936 3736 2006 τὴν

2146 2020 2284 2091 πρὸς
2304 2021 2476 2090 αὐτὴν
2509 2021 2632 2075 καθ’
2671 2023 2970 2077 ὑπόστασιν
2999 2022 3194 2076 ἕνωσιν
3220 2039 3234 2054 ο
3265 2026 3593 2096 συνεργάτιν
3621 2028 3736 2098 γὰρ

2145 2113 2340 2167 ἑαυτοῦ
2368 2113 2572 2186 ταύτην
2603 2118 2661 2168 ἐν
2685 2119 2797 2180 τοῖς
2821 2116 2990 2179 θείοις
3023 2117 3472 2187 παρελάμϐανεν,
3566 2136 3736 2190 φησιν

2143 2206 2174 2258 ό
2211 2206 2555 2270 διδάσκαλος,
2585 2206 2777 2278 ὥσπερ
2806 2209 2898 2262 καὶ
2925 2208 3072 2278 ψυχὴ
3103 2210 3164 2262 τὸ
3203 2209 3336 2263 ῖδιον
3384 2209 3570 2280 σῶμα,
3597 2210 3740 2280 πρὸς

2145 2297 2243 2370 τὴν
2283 2297 2395 2351 τῶν
2443 2298 2663 2353 οἰκείων
2711 2299 2891 2371 ἔργων
2933 2300 3307 2371 ἐκπλήρωσιν.
3343 2300 3493 2372 Αὕτη
3528 2300 3660 2370 γοῦν
3694 2304 3732 2374 ἡ

2149 2387 2247 2460 μία
2298 2390 2392 2442 καὶ
2431 2392 2704 2462 συγγενὴς
2746 2390 2814 2444 δι’
2854 2392 3058 2460 ἀμφοῖν
3102 2390 3518 2463 ὲπιόεδειγμένη
3573 2394 3735 2465 ἐνέρ-

2144 2497 2290 2548 γεια,
2331 2478 2440 2534 τῶν
2472 2483 2614 2536 κατὰ
2664 2484 2828 2552 φύσιν
2871 2483 3168 2556 ἐνεργειῶν
3197 2484 3434 2555 δηλοῦσα
3473 2485 3572 2556 τὴν
3601 2485 3736 2540 ἕνω-

2147 2588 2262 2624 σιν·
2296 2572 2360 2626 τὸ
2393 2575 2708 2644 ἐτερογενὲς
2739 2575 2948 2630 τούτων
2978 2577 3072 2630 καὶ
3106 2577 3312 2641 δυῖκὸν,
3341 2577 3597 2648 καθάπερ
3628 2580 3730 2633 καὶ

2145 2666 2179 2734 ή
2211 2664 2527 2737 Θεανδρικὴ
2561 2665 2833 2736 ἐνέργεια,
2869 2665 2936 2718 δι’
2965 2668 3168 2738 ἑαυτῆς
3205 2670 3408 2739 κυρίως
3438 2669 3731 2737 σημαίνει·

2142 2753 2221 2823 τῷ
2250 2754 2388 2826 πρὸς
2412 2755 2581 2825 ἄμφω
2608 2756 2677 2808 τὰ
2710 2754 2877 2826 μέρη.
2914 2755 3026 2809 τῶν
3060 2755 3120 2821 ἐξ
3147 2750 3223 2810 ὧν
3261 2757 3355 2810 καὶ
3388 2757 3447 2808 ἐν
3481 2750 3562 2820 οἷς
3591 2759 3620 2810 ό
3646 2755 3732 2826 εἷς

2144 2844 2240 2898 καὶ
2285 2843 2446 2914 μόνος
2477 2845 2808 2917 ὲγνωρίζετο
2842 2847 3267 2918 σεσαρκωμένος
3293 2847 3488 2916 Λόγος,
3518 2849 3729 2918 ἁναφέο

2144 2933 2339 3005 ρεσθαι
2363 2950 2378 2964 ο
2426 2935 2524 2990 καὶ
2558 2937 2888 3008 ἀμφοτέρων
2931 2938 3224 3009 ὑπάρχειν,
3265 2937 3342 3003 ὡς
3394 2938 3463 2992 δι’
3495 2941 3726 3010 ἀμφοῖν,

2139 3027 2238 3082 τοῦ
2265 3045 2326 3081 τε
2356 3029 2702 3100 παντουργοῦ
2728 3031 3176 3100 προστάγματος,
3205 3031 3301 3085 καὶ
3333 3031 3434 3101 τῆς
3459 3031 3604 3101 ἁφῆς
3627 3034 3733 3104 τῆς

2141 3121 2308 3189 ἁγίας
2333 3121 2537 3192 σαρκὸς
2571 3122 3010 3193 ὲπιδεδειγμένη.

520 3217 599 3272 Ne
629 3232 794 3287 quem
813 3232 945 3271 vero
969 3232 1202 3286 prorsus
1233 3233 1339 3271 vox
1360 3219 1630 3287 συγγενὴς
1655 3216 1792 3287 (sive
1822 3215 2038 3270 aﬂinem

2211 3215 2287 3267 Οὐ
2316 3215 2398 3268 δεῖ
2435 3215 2490 3267 δὲ
2534 3215 2612 3285 τῷ
2662 3217 2916 3283 συγγενεῖ
2953 3215 3260 3280 ξενίζεσθαι
3291 3216 3594 3280 παντελῶς
3633 3219 3730 3271 ἐπί

451 3309 569 3364 sive
628 3318 916 3379 cognatam
963 3323 1027 3362 ac
1074 3307 1234 3376 quasi
1295 3308 1545 3379 ejusdem
1593 3307 1812 3379 generis
1861 3307 2035 3374 dicas)

451 3400 608 3470 quasi
653 3400 817 3470 paulo
845 3399 1174 3454 insolentior
1202 3399 1466 3454 olfendat.
1501 3400 1855 3470 Usurparunt
1885 3400 2035 3453 enim

451 3490 630 3545 sancti
690 3491 904 3556 Patres,
959 3499 1076 3545 tum
1129 3490 1185 3546 in
1221 3491 1442 3561 iisquae
1493 3491 1742 3562 ejusdem
1781 3492 2036 3547 essentiae

451 3590 602 3647 sunt,
648 3589 763 3636 tum
791 3597 912 3652 qua:
950 3582 1204 3637 diversae.
1234 3582 1418 3637 Testis
1464 3598 1696 3653 magnus
1736 3582 2036 3653 Gregorius

451 3672 788 3743 Theologus,
823 3672 956 3728 dum
1003 3673 1060 3728 in
1096 3673 1214 3730 haec
1250 3674 1420 3729 verba
1460 3673 1528 3728 de
1563 3674 1745 3729 anima
1786 3673 2032 3742 disserit,

454 3765 512 3820 in
545 3764 800 3820 Oratione
847 3765 1056 3836 funebri
1088 3765 1145 3821 in
1194 3767 1421 3821 fratrem
1476 3783 1637 3821 suum
1686 3766 2029 3822 Caesarium:

447 3858 580 3913 Post
605 3874 738 3914 vero
764 3857 931 3914 etiam
958 3859 1262 3929 aliquanto,
1297 3875 1426 3914 cum
1460 3842 1749 3930 cognatam
1783 3875 2030 3925 carnem,

447 3961 685 4016 quacum
731 3947 1113 4018 philoSOphata
1167 3949 1412 4005 caelestia
1443 3958 1548 4015 est,
1583 3950 1877 4020 receperit,
1911 3951 2032 4018 Quo

447 4038 573 4093 loco
599 4037 923 4109 Gregorius,
956 4055 1182 4095 carnem
1219 4040 1407 4096 animo
1436 4052 1748 4112 cognatam,
1782 4058 1879 4097 seu
1911 4042 2029 4097 alli-

446 4145 596 4194 nem,
632 4131 868 4196 vocavit,
919 4147 1031 4187 non
1085 4133 1301 4189 ratione
1347 4143 1593 4200 naturae,
1653 4133 1752 4189 sed
1787 4133 2028 4188 unionis.

448 4223 779 4292 Rursusque
810 4223 1064 4278 Oratione
1097 4226 1155 4279 in
1190 4237 1382 4280 sancta
1422 4225 1626 4280 lumina
1658 4226 1728 4280 de
1749 4226 2032 4296 unigenito

446 4311 588 4365 Filio
610 4312 815 4368 docens
839 4331 853 4368 :
883 4331 902 4366 ι
942 4313 1040 4369 Cui
1064 4323 1112 4368 et
1131 4323 1388 4387 cognatus
1417 4314 1650 4386 Spiritus
1675 4318 2028 4371 testimonium

446 4405 768 4474 perhibebat.
807 4425 826 4458 ι
891 4406 1013 4473 Quo
1063 4408 1190 4463 loco
1244 4417 1570 4478 cognatum,
1644 4423 1754 4462 non
1815 4409 2030 4465 ratione

2135 3324 2198 3360 τε
2243 3307 2352 3378 γὰρ
2385 3308 2690 3378 ὁμοουσίων
2734 3310 2830 3361 καὶ
2879 3309 3237 3379 ὲτεροουσίων
3297 3308 3552 3363 λέλεκται
3613 3314 3730 3374 τοῖς

2139 3399 2316 3467 ἁγίοις
2344 3401 2593 3470 Πατράσι
2615 3400 2678 3452 τὸ
2709 3400 2993 3469 συγγενέςο
3027 3400 3124 3453 καὶ
3159 3401 3370 3471 μάρτυς
3399 3403 3429 3455 ὁ
3466 3401 3729 3470 Θεολόγος

2138 3491 2234 3545 καὶ
2267 3491 2440 3562 μέγας
2477 3491 2800 3564 Γρηγόριος,
2849 3493 2979 3560 περὶ¹
3034 3491 3215 3563 ψυχῆς
3257 3492 3434 3562 λέγων
3465 3493 3640 3557 οὕτως
3669 3497 3728 3547 ὲν

2134 3583 2215 3654 τῷ
2233 3585 2309 3647 εις
2332 3585 2630 3654 Καισάρων
2659 3583 2752 3638 τὸν
2778 3583 2946 3637 αὑτοῦ
2959 3583 3184 3652 ἀδελφὸν
3201 3585 3521 3653 Ἐπιταφίῳ
3542 3586 3724 3654 λόγῳ,

2135 3677 2350 3747 Μικρὸν
2416 3676 2475 3729 δὲ
2559 3675 2788 3747 ὕστερον
2866 3679 2961 3729 καὶ
3030 3676 3094 3730 τό
3165 3676 3430 3744 συγγενὲς
3499 3676 3727 3746 σαρκίον

2135 3767 2510 3835 ἀπολαϐοῦσα,
2565 3761 2611 3838 ᾧ
2667 3768 2735 3822 τὰ
2789 3768 3002 3822 ἐκεῖθεν
3227 3765 3725 3836 συνεφιλοσόφησεν.

2148 3861 2415 3916 Ἐνταῦοα
2443 3860 2533 3914 διὰ
2555 3861 2654 3932 τὴν
2684 3861 2900 3926 ἕνωσιν,
2933 3860 3049 3914 ἀλλ’
3069 3861 3133 3914 οὐ
3157 3860 3258 3931 τὴν
3290 3859 3454 3929 φύσιν
3482 3857 3723 3928 συγγενῆ

2132 3953 2199 4021 τῇ
2240 3951 2387 4023 ψυχῇ
2416 3950 2516 4022 τὴν
2545 3952 2724 4023 σάρκα
2749 3950 3020 4021 κέκληκεν
3047 3951 3077 4003 (ι
3112 3949 3453 4012 διδάσκαλος.
3484 3949 3595 4003 Καὶ
3620 3947 3726 4001 πά-

2133 4041 2236 4104 λιν,
2255 4041 2358 4095 Ἔν
2385 4039 2465 4107 τῷ
2489 4044 2594 4108 Εἰς
2626 4043 2698 4096 τὰ
2719 4042 2904 4112 φῶτα,
2932 4043 3058 4117 περὶ
3107 4041 3202 4096 τοῦ
3240 4041 3564 4113 μονογενοῦς
3590 4039 3726 4094 Υίοῦ

2133 4131 2425 4198 διδάσκων,
2463 4133 2642 4204 φησί·
2685 4134 2794 4188 Καὶ
2837 4138 2870 4188 ό
2911 4133 3029 4189 ὑπὸ
3076 4134 3184 4189 τοῦ
3213 4132 3552 4204 συγγενοῦς
3579 4147 3728 4202 μαρ-

2132 4227 2498 4295 τυρούμενος
2534 4228 2902 4296 Πνεύματος.
3069 4227 3184 4281 Νῦν
3233 4228 3295 4281 τὸ
3330 4227 3593 4295 συγγενὲς
3638 4225 3729 4278 διά

2131 4319 2232 4388 τὴν
2257 4318 2438 4388 φύσιν,
2470 4319 2586 4373 ἀλλ’
2615 4321 2678 4374 οὐ
2706 4320 2803 4391 τὴν
2826 4322 3019 4374 ἕνωσιν
3049 4321 3289 4392 εἴρηκεν.
3322 4318 3493 4382 Αὐτὸς
3513 4317 3569 4370 δὲ
3607 4316 3726 4370 Κύ-

2134 4409 2315 4482 ριλλος
2339 4413 2368 4464 ό
2402 4410 2564 4481 σοφὸς
2612 4412 2752 4466 κάπὶ
2785 4415 2852 4483 τῇ
2883 4411 3041 4483 οὐσίᾳ
3086 4412 3180 4465 καὶ
3203 4409 3498 4464 ὑποστάσει
3528 4407 3726 4478 διῃρη-

446 4496 674 4552 unionis
705 4497 865 4563 dixit,
896 4498 992 4552 sed
1025 4499 1241 4554 ratione
1269 4507 1503 4554 naturae.
1531 4499 1676 4566 Quin
1705 4507 1762 4554 ct
1791 4501 1908 4571 ipse
1938 4515 2028 4556 sa-

2139 4506 2313 4578 μένων
2332 4506 2393 4562 τὸ
2421 4507 2683 4576 συγγενὲς
2703 4508 3150 4579 ἀπαρατηρήτως
3177 4504 3472 4576 λαμϐάνει·
3499 4503 3595 4556 καὶ
3623 4503 3725 4554 τά·

444 4589 830 4660 pientissimus
861 4589 1139 4662 Cyrillus,
1174 4599 1289 4645 tum
1325 4590 1396 4646 de
1442 4592 1610 4647 rebus
1638 4593 1880 4648 essentia
1929 4608 2026 4648 seu

444 4689 643 4735 natura
663 4720 679 4746 ,
731 4689 848 4736 tum
878 4697 1118 4752 persona
1151 4682 1409 4738 discretis
1433 4724 1448 4748 ,
1479 4685 1635 4740 nullo
1681 4685 2024 4752 discrimine,

446 4772 662 4841 cognati
701 4787 892 4828 vocem
923 4781 1089 4843 atque
1107 4773 1287 4828 aﬂinis
1310 4772 1574 4845 usurpat;
1612 4785 1775 4846 atque
1807 4777 1925 4832 haec
1951 4777 2029 4832 ait

443 4860 874 4921 Commentariis
905 4865 1022 4920 suis
1051 4864 1106 4919 in
1135 4866 1366 4922 Joannis
1399 4867 1779 4940 Evangelium,
1830 4869 1899 4924 de
1925 4884 2026 4924 cu-

445 4951 682 5019 ratione,
716 4970 840 5024 quae
881 4965 968 5011 est
994 4973 1095 5027 per
1129 4957 1379 5012 divinum
1413 4959 1704 5030 baptisma,
1745 4979 1763 5011 ι
1795 4961 2027 5029 Utrique

441 5043 852 5111 quodammodo
874 5045 1022 5100 aﬂini
1051 5056 1107 5102 et
1137 5050 1336 5104 amica.
1372 5049 1583 5119 Spiritu
1628 5050 1776 5104 enim
1817 5051 2024 5104 sancti-

442 5133 570 5188 ﬁcat
614 5133 859 5191 hominis
899 5138 1195 5206 spiritum;
1227 5157 1369 5210 aqua
1413 5157 1547 5196 vero
1580 5158 1802 5212 corpus.
1842 5161 1861 5193 ι
1895 5143 2026 5208 Quae

327 5292 331 5296 _
442 5240 577 5279 vero
603 5241 668 5280 ac
695 5227 877 5294 qualis
907 5227 1142 5284 afﬁnitas
1175 5247 1274 5286 seu
1302 5233 1558 5302 cognatio
1588 5233 1828 5303 Spiritus
1850 5236 2025 5290 sancti

2131 4598 2188 4651 be
2233 4599 2381 4666 λέγει
2429 4598 2521 4651 τὸν
2575 4596 2971 4668 εὐαγγελιστὴν
3033 4596 3290 4666 Ἰωάννην
3337 4593 3730 4664 ὑπομνηματί-

2131 4689 2242 4755 ζων
2295 4692 2360 4758 ³⁸,
2415 4691 2543 4761 περὶ
2594 4691 2696 4760 τῆς
2737 4692 2878 4744 κατὰ
2920 4689 2982 4744 τὸ
3034 4690 3182 4744 θεῖον
3224 4688 3514 4758 βάπτισμα
3555 4686 3726 4756 θερα-

2131 4784 2322 4849 πείας,
2362 4801 2379 4833 ι
2417 4783 2704 4851 Συγγενῶς
2733 4801 2849 4847 πως
2881 4782 3110 4854 ἐχούσης
3137 4781 3274 4852 πρὸς
3304 4783 3472 4850 ἄμφω
3498 4779 3610 4833 τῶν
3635 4778 3723 4831 δε-

2129 4872 2477 4943 δηλωμένων.
2509 4873 2788 4944 Πνεύματι
2827 4875 2928 4944 μὲν
2964 4873 3076 4943 γὰρ
3110 4871 3332 4940 ἁγιάζει
3366 4869 3476 4924 τοῦ-
3505 4866 3716 4938 ἀνθρὼ-

2130 4983 2233 5019 που
2264 4967 2325 5020 τὸ
2350 4965 2588 5037 ’πνεῦμα⁶
2623 4968 2777 5021 ὕδατι
2806 4969 2864 5022 δὲ
2893 4962 2984 5032 αὖ,
3015 4967 3074 5021 τὸ
3104 4967 3287 5038 σῶμα.
3325 4984 3343 5016 ι
3387 4966 3485 5024 Τίς
3521 4965 3601 5029 δὲ,
3623 4961 3719 5014 καὶ

2132 5057 2260 5109 ποία
2295 5056 2588 5125 συγγένεια
2637 5058 2956 5128 Πνεύματος
3011 5057 3170 5127 ἁγίου
3207 5057 3309 5110 καὶ
3349 5057 3543 5120 ὕδατός
3576 5053 3724 5109 κατά

2129 5165 2188 5202 τε
2230 5150 2419 5202 οὐσίαν
2468 5150 2852 5221 ἢὺπόστασιν,
2905 5152 3040 5223 πρὸς
3085 5151 3146 5204 τὸ
3183 5151 3454 5223 ἡμέτερον
3495 5147 3721 5218 πνεῦμα

2131 5241 2223 5295 καὶ
2254 5240 2446 5311 σῶμας
2481 5244 2530 5295 εἰ
2561 5242 2655 5296 καὶ
2696 5244 2767 5298 τὰ
2807 5243 3041 5315 μάλιστα
3097 5245 3239 5299 κατὰ
3271 5245 3433 5315 χάριν
3470 5244 3601 5313 ἡμῖν
3627 5241 3724 5294 καὶ

442 5333 500 5376 ει
541 5335 719 5393 aqua,
763 5321 881 5376 sive
925 5320 1222 5375 essentiam
1270 5334 1336 5376 ac
1383 5326 1635 5374 naturam
1663 5329 1898 5389 spectes,
1939 5321 2052 5378 sive
2080 5329 2490 5388 subsistentiam
2556 5351 2963 5411 personamque
2998 5355 3121 5395 cum
3155 5339 3357 5411 spiritu
3404 5353 3594 5398 nostro
3658 5355 3728 5396 ac

445 5425 699 5480 corpore.

445 5521 699 5590 Ejusdem
719 5537 783 5575 ea:
809 5520 1035 5589 epistola
1059 5516 1129 5571 ad
1147 5514 1481 5572 Nicandrum
1505 5516 1666 5586 Cypri
1719 5517 2025 5590 episcopum

512 5604 561 5646 et
591 5592 660 5645 ad
689 5588 966 5660 ιιι-ἀνίαισι
999 5606 1184 5646 eorum
1237 5590 1328 5658 qui
1355 5589 1658 5643 solitariam
1719 5590 1775 5642 in
1837 5588 2029 5647 Sicilia

516 5664 679 5714 vitam
717 5662 934 5732 degunt.

518 5771 673 5830 Unde
699 5785 890 5832 natura
926 5779 1118 5846 Deum,
1153 5776 1521 5847 eumdemque
1579 5791 1708 5832 vere
1777 5793 1840 5835 ac
1898 5794 2028 5849 pro-

2143 5528 2264 5611 Τοῦ·
2283 5531 2475 5611 (ιόζρῦ
2495 5532 2563 5586 ἐκ
2589 5534 2697 5602 τῆς
2720 5536 3055 5611 ἐπιστολῆς
3073 5539 3185 5608 τῆς
3213 5542 3365 5608 πρὸς
3383 5541 3728 5611 Νίκανδρον

2206 5601 2312 5652 τόν
2334 5604 2621 5683 Κύπριον,
2645 5601 2740 5683 καὶ
2772 5607 2916 5673 τοὺς
2954 5601 3104 5664 κατὰ
3128 5601 3416 5666 inicitur
3455 5601 3724 5683 ἠγουᾷιέι-

2205 5688 2374 5740 γους,
2409 5677 2508 5728 καὶ
2536 5676 2935 5744 μονάζοντας.

2201 5786 2366 5846 Φύσει
2398 5787 2530 5841 Θεὸν
2582 5790 2675 5843 καὶ
2701 5789 2990 5862 ἄνθρωπον
3012 5794 3103 5848 τὸν
3132 5796 3296 5852 αὐτὸν
3345 5797 3571 5868 κυρίως,
3614 5799 3715 5866 οὑχ
