4082 6430
343 308 469 373 11⁶ὶ1

1332 310 1711 374 PANOPLIA
1746 313 2295 378 DOGMATICA.-
2328 319 2479 384 TIT.
2512 321 2667 389 XXI.

3498 332 3634 399 1122

343 422 614 495 ἑτέρωθεν
666 420 795 476 ὄντα
833 422 1308 496 διαγινώσκομεν,
1365 429 1397 499 ἢ
1443 430 1509 482 ἐκ
1560 431 1671 485 τῶν
1734 429 1931 495 θεῖκῶς

2045 432 2157 502 prie
2200 433 2479 490 hominem
2509 477 2524 500 ,
2584 453 2689 492 non
2740 438 2964 496 aliunde
3008 456 3171 512 quam
3234 458 3303 499 ex
3382 449 3632 517 proprie-

341 518 463 585 ἅμα
489 517 586 569 καὶ
624 516 990 587 ἀνθρωπικῶς
1028 520 1547 590 χαρακτηριζόντων
1576 522 1772 591 αὐτὸν,
1832 524 1935 593 ἑμ-

348 611 534 675 φΰτων
569 608 905 675 ίδιωμὰτων·
959 610 1061 680 τῆς
1110 627 1169 663 τε
1230 611 1414 680 θείας,
1480 615 1555 679 ὡς
1602 615 1778 684 ἔφην,
1848 616 1938 671 θε-

352 698 566 767 λήσεως
624 700 721 751 καὶ
761 698 1081 770 ἐνεργείας,
1143 703 1239 754 καὶ
1299 704 1397 771 τῆς
1440 704 1792 775 ἀνθρωπικῂ
1843 707 1938 760 τοῦ

355 788 525 840 αὑτοῦ
553 788 829 857 θελήσεως
868 790 960 842 καὶ
1008 790 1313 860 ἐνεργείαςο
1346 788 1455 858 αἷς,
1509 797 1605 847 καὶ
1658 795 1731 849 δι’
1753 789 1849 861 ὧν,
1909 797 1939 851 ὃ

353 876 425 950 ἦν
460 881 554 933 καὶ
602 882 826 949 γέγονεν
861 882 1273 953 ὲπισφραγίζει·
1336 885 1777 958 θαυματουργῶν
1834 891 1937 960 μὲν

355 971 501 1042 ὑπὲρ
529 974 681 1042 ἡμᾶς
710 971 784 1036 ὡς
826 974 960 1037 Θεὸς
998 975 1283 1039 ἑκουσίως·
1319 977 1546 1047 πάσχων
1584 978 1642 1031 δὲ
1687 978 1756 1033 δι’
1786 982 1936 1051 ἡμᾶς

345 1068 375 1119 6
409 1067 569 1130 αὐτὸς
612 1067 872 1130 ἑκουσίως
923 1068 999 1132 ὡς
1054 1070 1342 1141 ἄνθρωπος
1380 1084 1394 1099 ·
1452 1071 1527 1135 ὡς
1567 1074 1667 1124 οὐκ
1711 1070 1840 1125 ἄλλο
1883 1088 1937 1123 τι

346 1160 503 1230 παρὰ
531 1158 641 1212 τῶν
672 1160 732 1224 ἐξ
758 1153 853 1225 ὧν,
888 1163 947 1215 ὲν
979 1156 1061 1226 οἷς
1090 1180 1151 1216 τε
1188 1164 1284 1217 καὶ
1314 1165 1459 1235 ἅπερ
1507 1166 1625 1218 ἐστὶ
1670 1165 1937 1236 γνωριζό-

351 1268 532 1321 μενος,
561 1246 670 1305 οἷόν
696 1270 748 1306 τι
788 1253 943 1307 νόθον
991 1255 1087 1307 καὶ
1138 1255 1481 1326 μεταίχμιον,
1535 1256 1702 1327 ἤγουν
1753 1256 1937 1326 τρίτον

346 1343 720 1415 ἀποτέλεσμα,
773 1347 913 1399 κατὰ
965 1347 1065 1418 τὴν
1115 1348 1225 1400 τῶν
1275 1348 1515 1418 ἡμιόνων
1566 1348 1885 1418 παράδειξιν
1918 1364 1932 1380 ·

345 1434 423 1497 ὡς
463 1439 495 1507 ὴ
535 1438 645 1489 τῶν
677 1438 977 1506 κενολόγων
1012 1440 1054 1472 ⁸³
1094 1440 1390 1511 αἱρετικῶν
1425 1440 1806 1509 μυθοπλαστία
1851 1459 1935 1494 τε·

354 1529 654 1598 ρατολογεῖ,
688 1529 783 1582 τοῦ
807 1530 1069 1593 εὐσεϐοῦς
1102 1533 1482 1601 ἀποσφαλεῖσαι
1502 1533 1610 1585 τῶν
1633 1533 1805 1602 ἁγίων
1834 1536 1935 1586 Πα-

359 1617 538 1685 τέρων
568 1618 927 1689 κηρύγματος
958 1621 1071 1674 ἀλλ’
1094 1622 1235 1675 αὐτὰ
1260 1622 1382 1675 κατ’
1424 1623 1684 1695 ἀλήθειαν
1733 1624 1939 1692 κυρίως

350 1708 449 1769 ὣν.
508 1710 577 1762 τὰ
635 1713 692 1777 ea
739 1706 834 1776 ὧν,
886 1714 982 1766 καὶ
1032 1713 1088 1766 ἓν
1139 1710 1224 1777 οἷς
1258 1720 1373 1767 κατ’
1406 1714 1666 1785 ἀλήθειαν
1731 1716 1938 1786 κυρίως

350 1801 519 1854 ἐστίν.
562 1802 657 1855 Ἐκ
689 1802 941 1873 θεότητος
970 1804 1078 1876 γὰρ
1109 1807 1204 1858 καὶ
1242 1806 1679 1876 ἀνθρωπότητος,
1730 1809 1826 1861 καὶ
1881 1810 1939 1862 ὲν

352 1892 566 1964 θεότητι
609 1895 705 1948 καὶ
740 1896 1120 1966 ἀνθρωπὸτητι
1148 1897 1291 1950 κατὰ
1314 1899 1475 1966 φύσιν
1502 1900 1787 1970 ὑπάρχωνι
1807 1900 1938 1963 Θεὸς

353 1984 516 2053 φύσει
562 1988 657 2039 καὶ
705 1987 992 2058 ἄνθρωπός
1041 1991 1189 2043 ἐστιν
1218 1992 1246 2043 6
1273 1991 1507 2061 Χριστός
1539 2008 1553 2024 ο
1589 1993 1683 2045 καὶ
1712 1991 1841 2045 ἄλλο
1876 1990 1938 2045 τὸ

349 2081 619 2151 παράπαν
647 2081 820 2137 οὐδέν.

423 2250 535 2303 Καὶ
588 2251 724 2317 πῶς,
772 2252 927 2321 φασὶ.
982 2251 1253 2322 Κύριλλος
1295 2253 1324 2305 6
1376 2251 1539 2323 σοφὸς
1583 2252 1761 2323 μέσην
1810 2250 1939 2305 τινὰ

351 2340 504 2406 τάξιν
534 2343 644 2395 τῶν
670 2343 764 2396 ἐπὶ
806 2344 1047 2415 Χριστοῦ
1080 2346 1276 2414 φωνῶν
1333 2344 1644 2415 διαγορεύει
1698 2346 1938 2414 φρονεῖν,

351 2433 556 2487 οὑτωσὶ
610 2435 748 2505 πρὸς
790 2437 1045 2491 ’Δκάκιον
1083 2439 1352 2507 γράφων·
1397 2454 1417 2487 ι
1463 2436 1530 2489 Αἱ
1560 2437 1660 2506 μὲν
1682 2437 1791 2504 γάρ
1834 2437 1940 2489 είσι

350 2526 464 2580 τῶν
509 2526 703 2594 φωνῶν
743 2528 826 2580 ὅτι
857 2529 1099 2596 μάλιστα
1152 2529 1487 2599 θεοπρεπετς
1515 2544 1528 2559 ·
1582 2530 1639 2580 αί
1682 2527 1760 2592 δὲ,
1799 2528 1942 2583 οὕτω

353 2617 518 2672 πάλιν
548 2619 1042 2692 ἀνθρωποπρεπεῖς
1068 2639 1080 2652 ·
1103 2622 1159 2674 αἱ
1185 2621 1242 2674 δὲ
1268 2622 1441 2691 μέσην
1463 2620 1583 2674 τινὰ
1612 2621 1766 2686 τάξιν
1786 2621 1942 2693 ἔχου-

355 2728 430 2763 σι.
540 2712 651 2765 Καὶ
707 2713 763 2765 τί
822 2714 982 2767 τοῦτο
1036 2714 1405 2785 συμϐαλεῖται
1457 2718 1577 2768 ποτ’
1608 2715 1675 2768 ἂν
1709 2716 1943 2778 ἐκείνοις

352 2803 490 2873 πρὸς
519 2806 619 2875 τὴν
639 2806 848 2859 οἰκείαν
865 2806 1137 2877 ὑπόληψιν
1164 2824 1179 2874 ;
1217 2826 1234 2858 ι
1267 2808 1339 2861 υύ
1372 2808 1481 2880 γὰρ
1505 2812 1570 2862 ἐκ
1609 2809 1938 2879 μεταϐολῆς,

351 2896 384 2967 ἢ
415 2896 689 2968 ἀποϐολῆς
708 2899 819 2952 τῶν
847 2899 1055 2969 ἄκρων,
1084 2898 1342 2971 θεότητός
1377 2918 1524 2971 φημι
1555 2900 1651 2954 τοῦ
1692 2903 1935 2973 Χριστοῦ
1965 2926 2008 2985 C

352 2989 447 3043 καὶ
477 2990 936 3063 ἁνθρωπότητος·
961 2992 993 3064 ἢ
1026 2992 1178 3055 θείας
1205 2990 1300 3045 τοῦ
1331 2992 1499 3046 αὑτοῦ
1530 2994 1625 3047 καὶ
1654 2992 1939 3063 ἀνθρωπί-

352 3098 449 3153 νης
474 3083 751 3155 θελήσεως
791 3087 886 3138 καὶ
911 3086 1218 3156 ἐνεργείας,
1246 3085 1435 3156 ἔτερόν
1463 3104 1518 3139 τι
1549 3089 1742 3157 μέσον,
1768 3087 1939 3157 ἤγουν

355 3178 684 3248 μεταίχμιον
747 3178 1118 3250 ἀποτέλεσμα,
1183 3182 1458 3253 μηδετέρᾳ
1505 3180 1672 3250 φύσει
1735 3183 1844 3235 τῶν
1882 3180 1941 3244 ἐξ

352 3263 428 3324 ὧν
460 3270 577 3324 ἐστι
616 3270 912 3324 κοινωνοῦν
932 3288 945 3300 ·
976 3272 1007 3341 ἢ
1043 3272 1225 3337 πάλιν,
1256 3273 1541 3345 ὲνέργειάν
1569 3292 1692 3329 τινα
1740 3275 1937 3328 σύνθεο

349 3379 443 3416 τον
488 3363 618 3417 ὄντα
666 3362 791 3416 κατ’
842 3365 1151 3436 αύτοὺς,ῆ
1210 3366 1406 3436 ἔχοντα
1462 3367 1831 3438 παραδίδωσιν
1882 3370 1941 3421 ὲν

348 3455 564 3519 τούτοις
588 3457 722 3527 ἡμῖν
751 3456 779 3508 6
808 3455 1156 3521 διδάσκαλος,
1186 3458 1300 3510 ἀλλ’
1329 3459 1412 3511 ὅτι
1464 3457 1641 3512 ταῦτα
1692 3459 1792 3528 μὲν
1837 3476 1939 3511 κυο

360 3547 490 3619 ρίως
525 3547 664 3611 ἐστὶ,
692 3547 760 3600 τὰ
786 3546 843 3611 ἐξ
865 3541 941 3601 ὧν
967 3550 1116 3602 ἐστιν
1146 3564 1161 3579 ⁸
1199 3549 1259 3601 οὐ
1297 3549 1647 3620 διῃρημένως
1678 3551 1735 3604 δὲ
1767 3548 1941 3604 ταῦτα

352 3639 790 3709 κατονομάζεται
826 3654 840 3668 ·
874 3639 1010 3708 ὁμοῦ
1038 3640 1116 3705 δὲ,
1149 3640 1244 3693 καὶ
1274 3642 1330 3693 ἐν
1358 3641 1544 3711 ταυτῷ
1570 3642 1779 3697 τούτων
1807 3644 1940 3697 ἑκά-

347 3747 529 3801 τερον,
561 3729 637 3793 ὡς
663 3725 745 3791 εἷς
772 3728 848 3781 ὣν
876 3730 971 3782 καὶ
996 3730 1157 3798 μόνος
1188 3732 1215 3783 6
1242 3732 1503 3802 Χριστός.
1530 3733 1640 3786 Καὶ
1670 3738 1940 3805 μαρτυρεί

350 3824 482 3895 περὶ
511 3820 718 3875 τούτων
746 3820 910 3882 αὐτὸς
935 3820 1526 3892 ύπαραπολογούμενος
1566 3824 1676 3878 τῶν
1719 3825 1940 3880 Ἀνατο-

349 3915 520 3969 λικῶν
542 3915 881 3977 ἐπισκόπων,
915 3914 1010 3967 καὶ
1028 3914 1256 3983 γράφων
1278 3914 1415 3986 πρὸς
1445 3916 1700 3971 Ἀκάκιον
1743 3917 1938 3984 οὕτως,

300 4008 307 4015 ’
356 4028 375 4061 ι
405 4009 468 4063 Οἱ
493 4007 551 4061 δέ
576 4024 639 4077 γε
680 4006 821 4061 κατὰ
865 4007 967 4077 τὴν
1006 4007 1335 4077 Ἀντιόχειαν
1387 4008 1627 4078 ἀδελφοὶ,
1658 4010 1940 4081 μερίζουσι

353 4102 452 4174 μὲν
477 4100 598 4156 κατ’
629 4100 819 4155 οὐδένα
851 4102 1057 4172 τρόπον
1088 4100 1158 4154 τὰ
1189 4101 1445 4172 ἡνωμένα
1482 4118 1496 4131 ⁸
1532 4100 1864 4173 διαιρεῖσθαι
1885 4103 1942 4156 δὲ

354 4193 515 4263 μόναι
545 4193 901 4247 διατείνονται
934 4194 1032 4257 τὰς
1064 4194 1157 4245 ἐπὶ
1170 4195 1264 4248 τοῦ
1290 4194 1496 4266 Κυρίου
1529 4196 1713 4264 φωνάς
1737 4213 1752 4226 ·
1811 4197 1945 4266 πρέ-

2044 525 2252 581 tatibus
2300 536 2494 581 natura
2590 530 2820 598 insitis,
2900 533 3104 602 quibus
3195 535 3382 592 divina
3466 540 3633 596 simul

2046 614 2402 686 humanaque
2450 619 2667 673 ratione
2720 621 3066 693 insigniatur
3119 626 3254 692 (tum
3306 626 3516 683 scilicet
3564 646 3632 684 ex

2047 706 2256 775 divina,
2287 719 2348 763 ιιι
2378 710 2513 775 dixi,
2576 713 2859 770 voluntate
2893 725 2948 771 et
3000 720 3340 787 operatione,
3390 728 3503 774 tum
3562 737 3629 776 ex
3733 720 3737 725 ’

2049 800 2287 855 humana
2320 802 2565 871 ejusdem
2592 806 2877 860 voluntate
2915 815 2971 861 et
3026 811 3371 879 operatione)
3432 810 3630 881 digno—

2045 893 2295 961 scimus;
2348 895 2550 963 quibus
2595 912 2659 952 ac
2714 913 2812 968 per
2858 915 3017 970 quas.
3069 903 3215 970 quod
3271 910 3392 957 erat
3423 900 3630 958 factus-

2045 1000 2153 1055 que
2194 992 2307 1051 est,
2385 987 2641 1058 obsignat
2677 1005 2695 1055 ;
2740 991 2910 1049 edens
2973 1001 3175 1062 sponte
3251 993 3520 1051 miracula
3562 1001 3625 1049 ut

2040 1072 2213 1138 Deus,
2288 1071 2644 1141 humanaque
2713 1072 2923 1141 majore
2993 1080 3297 1143 potestate;
3369 1073 3631 1143 idemque

2039 1170 2235 1231 sponte
2260 1161 2493 1231 patiens,
2529 1170 2589 1215 ut
2612 1162 2801 1226 homo,
2830 1161 3002 1215 nostri
3041 1178 3207 1217 causa
3236 1180 3249 1215 :
3285 1163 3438 1217 velut
3467 1162 3633 1217 nimi-

2040 1266 2163 1304 rum
2194 1251 2286 1320 qui
2312 1266 2423 1304 non
2457 1251 2606 1305 aliud
2641 1252 2796 1321 quid,
2824 1260 3025 1322 przeter
3055 1267 3119 1306 ea
3150 1268 3217 1306 ex
3251 1252 3454 1322 quibus
3482 1263 3535 1307 et
3572 1253 3630 1307 in

2044 1342 2249 1410 quibus
2279 1358 2341 1396 ac
2366 1358 2489 1412 quae
2514 1343 2885 1407 exsistit,esse
2917 1352 3200 1407 noscatur,
3230 1359 3330 1398 ceu
3353 1343 3467 1399 fere
3493 1344 3627 1414 quid

2041 1434 2292 1504 spurium
2340 1436 2694 1504 mediumque
2728 1434 2803 1505 (id
2852 1443 2957 1497 est,
2989 1436 3213 1491 tertium
3254 1435 3388 1505 quid
3432 1450 3497 1489 ac
3528 1451 3629 1489 an-

2042 1539 2171 1594 ceps
2221 1526 2500 1579 mulorum
2563 1524 2757 1592 instar)
2813 1525 3077 1590 effectus,
3129 1534 3191 1580 ut
3237 1526 3628 1580 haereticorum

2043 1632 2178 1669 vana
2207 1616 2553 1685 loquentium
2590 1615 2839 1670 fabulosa
2875 1616 3201 1685 loquacitas,
3239 1631 3268 1668 a
3310 1625 3629 1670 sanctorum

2040 1702 2265 1758 Patrum
2308 1702 2397 1773 pia
2424 1703 2816 1773 praedicatione
2842 1704 3021 1771 devia,
3049 1714 3359 1759 monstrose
3398 1706 3635 1759 commi-

2038 1795 2303 1861 niscitur;
2476 1796 2577 1851 sed
2620 1796 2712 1850 illa
2741 1796 2859 1866 ipsa
2899 1812 3091 1851 revera
3124 1799 3347 1866 proprie
3378 1797 3629 1862 exsistat,

2038 1901 2107 1941 ex
2134 1886 2336 1956 quibus
2378 1896 2434 1941 et
2467 1888 2522 1942 in
2553 1887 2757 1956 quibus
2793 1903 2985 1942 revera
3019 1887 3240 1957 proprie
3270 1896 3375 1942 est.
3408 1890 3487 1943 Ex
3514 1889 3635 1943 dei-

2040 1988 2151 2034 tate
2179 1981 2327 2034 enim
2354 1986 2411 2034 et
2438 1979 2806 2043 humanitate,
2835 1988 2997 2048 atque
3026 1978 3082 2032 in
3113 1978 3320 2033 deitate
3351 1986 3406 2032 et
3430 1978 3631 2034 huma-

2040 2071 2213 2125 nitate
2242 2077 2438 2124 natura
2474 2070 2765 2134 exsistens,
2798 2070 2942 2124 Deus
2976 2078 3173 2124 natura
3207 2077 3262 2124 et
3294 2069 3482 2135 homo,
3526 2082 3633 2124 nec

2040 2172 2273 2234 prorsus
2304 2163 2607 2233 quidquam
2636 2161 2809 2227 aliud,
2836 2161 3095 2217 Christus
3128 2170 3232 2217 est.

2111 2257 2181 2312 Et
2224 2256 2523 2326 quomodo,
2568 2255 2854 2325 inquiunt,
2906 2254 3349 2325 sapientissimus
3396 2254 3633 2327 Cyrillus

2041 2350 2286 2406 medium
2321 2348 2615 2418 quemdam
2662 2347 2914 2402 ordinem
2963 2362 3160 2402 vocum
3211 2348 3267 2401 in
3312 2346 3534 2401 Christo
3571 2362 3634 2401 se

2042 2445 2246 2499 sentire
2284 2441 2594 2513 proﬁtetur,
2623 2442 2679 2494 in
2724 2441 2842 2495 haec
2878 2440 3049 2494 verba
3093 2440 3160 2494 ad
3204 2439 3457 2495 Acacium
3492 2440 3635 2494 scri-

2042 2535 2179 2590 bens
2215 2552 2229 2588 :
2269 2554 2287 2584 ‹
2327 2534 2478 2587 Inter
2504 2546 2690 2594 voces,
2715 2546 2837 2601 quae
2864 2529 3085 2585 Christo
3109 2530 3453 2596 tribuuntur,
3486 2546 3636 2601 quie-

2043 2629 2167 2683 dam
2203 2626 2477 2682 divinitati
2500 2625 2850 2696 potissimum
2881 2625 3249 2689 conveniunt;
3284 2624 3405 2678 aliae
3446 2635 3633 2679 autem

2044 2721 2217 2791 magis
2261 2720 2327 2774 ad
2379 2717 2779 2773 humanitatem
2830 2719 3115 2788 pertinent
3161 2734 3174 2770 :
3220 2718 3341 2773 aliae
3394 2716 3635 2787 denique

2044 2813 2201 2883 quasi
2248 2812 2489 2866 medium
2520 2809 2813 2880 quemdam
2843 2809 3094 2863 ordinem
3127 2809 3401 2864 obtinent.
3442 2829 3460 2861 ι
3490 2807 3635 2875 Quid

2046 2919 2177 2958 vero
2210 2903 2316 2957 hoc
2357 2918 2620 2971 unquam,
2649 2916 2760 2971 quo
2788 2915 2945 2955 suam
2988 2909 3250 2955 tueantur
3290 2900 3634 2971 Opinionem,

2043 2996 2152 3051 illis
2186 2996 2514 3051 contulerit?
2539 2995 2659 3049 Non
2683 2996 2832 3050 enim
2866 3010 2933 3050 ex
2976 2994 3304 3059 mutatione,
3332 3003 3429 3048 aut
3466 3011 3636 3064 repu-

2042 3090 2135 3143 dio
2164 3103 2227 3143 ac
2256 3090 2553 3143 amissione
2589 3098 2962 3143 extremorum
3006 3087 3213 3143 Christi
3248 3086 3482 3161 (scilicet
3512 3088 3634 3142 dei-

2044 3180 2171 3234 tatis
2206 3196 2270 3234 ac
2306 3180 2687 3245 humanitatis,
2718 3180 2833 3235 sive
2865 3180 3068 3234 divinae
3099 3180 3221 3251 ejus
3250 3187 3415 3248 atque
3438 3178 3640 3232 huma-

2041 3288 2126 3327 nae
2153 3273 2455 3326 voluntatis
2486 3286 2551 3326 ac
2583 3271 2943 3343 operationis)
2989 3271 3139 3326 aliud
3184 3270 3318 3340 quid
3364 3270 3636 3337 medium,

2042 3367 2157 3421 sive
2193 3366 2540 3437 interjectum
2581 3366 2865 3432 effectum,
2900 3380 3027 3421 cum
3062 3372 3257 3419 neutra
3291 3364 3530 3434 partium
3568 3378 3639 3418 ex

2042 3458 2263 3526 quibus
2291 3466 2411 3521 est,
2463 3458 3002 3524 communicantem;
3058 3469 3154 3511 aut
3199 3456 3295 3526 qui
3342 3470 3538 3510 rursus
3580 3454 3638 3509 in

2041 3564 2233 3603 eorum
2270 3549 2566 3613 sententia,
2614 3549 2867 3618 operatio
2900 3547 3153 3618 quaedam
3195 3548 3500 3617 composita
3541 3546 3636 3613 sit,

2042 3641 2129 3696 vel
2172 3657 2236 3695 ea
2269 3640 2568 3710 praeditus;
2607 3640 2812 3709 quibus
2845 3639 2925 3695 sic
2957 3637 3225 3710 loquitur,
3261 3639 3427 3693 nobis
3468 3637 3640 3692 tradit

2042 3732 2309 3804 Cyr-illus;
2348 3731 2465 3797 sed,
2505 3746 2627 3787 esse
2671 3746 2800 3786 eum
2847 3746 3001 3796 vere,
3047 3746 3132 3796 ea,
3176 3745 3244 3784 ex
3284 3730 3486 3800 quibus
3517 3737 3634 3796 est;

2044 3822 2191 3878 haud
2224 3831 2402 3876 tamen
2445 3836 2510 3876 ea
2546 3821 2777 3876 seorsim
2810 3820 3115 3890 divisisque
3145 3820 3396 3890 partibus
3422 3820 3632 3885 vocari,

2044 3916 2138 3973 sed
2183 3915 2346 3971 simul
2382 3923 2639 3984 utraque,
2669 3922 2731 3967 ut
2756 3913 2852 3982 qui
2882 3928 3027 3967 unus
3060 3911 3314 3968 Christus
3344 3926 3408 3965 ac
3441 3911 3634 3981 singu-

2043 4006 2175 4061 laris
2205 4006 2295 4059 sit.
2329 4004 2589 4058 Testatur
2620 4003 2737 4057 htec
2772 4004 2908 4072 ipse,
2941 4018 3066 4056 cum
3101 4002 3398 4056 orientales
3421 4000 3638 4070 episco-

2043 4112 2146 4168 pos
2176 4095 2501 4160 defendens,
2548 4094 2604 4149 in
2638 4094 2756 4149 haec
2797 4094 2967 4148 verba
3011 4092 3082 4147 ad
3114 4092 3375 4146 Acacium
3416 4088 3643 4146 scribit:

2053 4209 2073 4241 ι
2103 4190 2175 4245 At
2206 4204 2339 4244 vero
2371 4187 2702 4243 Antiocheni
2738 4186 2954 4251 fratres,
2988 4201 3113 4255 qua:
3142 4185 3363 4255 quidem
3400 4184 3546 4239 inter
3575 4198 3637 4239 se

352 4299 477 4336 πειν
500 4300 559 4337 τε
590 4282 686 4346 τὰς
714 4283 815 4353 μὲν
844 4285 908 4353 τῇ
940 4282 1157 4353 θεότητι
1189 4283 1358 4337 αὐτοῦ
1380 4322 1396 4347 ,
1425 4283 1524 4347 τὰς
1560 4284 1615 4336 δὲ
1653 4287 1719 4356 τῇ
1772 4285 1939 4339 αὐτοῦ

2048 4282 2203 4338 unita
2229 4289 2381 4346 sunt,
2403 4281 2557 4335 nullo
2581 4288 2745 4351 pacto
2766 4278 3084 4333 distrahunt
3112 4296 3125 4331 :
3156 4277 3249 4332 sed
3278 4277 3424 4332 solas
3446 4290 3634 4340 voces,

352 4371 515 4425 πάλιν
545 4371 946 4442 ἀνθρωπότητι,
974 4370 1108 4433 Θεὸς
1146 4371 1255 4440 γάρ
1280 4371 1431 4424 ἐστιν
1460 4374 1488 4424 6
1514 4371 1679 4435 αὐτὸς
1714 4374 1811 4425 καὶ
1844 4373 1939 4427 ἄν·

353 4460 570 4531 θρωπος
603 4476 617 4492 ο
647 4455 789 4512 εἶναι
831 4459 888 4512 δέ
921 4477 1054 4527 φασι
1089 4459 1183 4513 καὶ
1226 4461 1419 4529 ἐτέρας
1468 4461 1937 4530 κοινοποιηθείσας

350 4553 552 4624 τρόπον
586 4551 731 4619 τινὰ,
765 4552 859 4605 καὶ
881 4546 993 4605 οἷον
1023 4552 1107 4604 ἐπ’
1133 4553 1301 4622 ἄμφω
1326 4551 1630 4621 βλεπούσας
1658 4569 1669 4582 ·
1705 4553 1936 4622 θεότητα

352 4646 449 4701 καὶ
504 4646 903 4717 ἁνθρωπότητα
944 4645 1088 4714 λέγω
1123 4663 1136 4677 ·
1160 4644 1271 4701 οἷόν
1298 4646 1351 4699 τί
1387 4663 1551 4717 φημι,
1583 4646 1639 4698 αἱ
1685 4646 1783 4716 μὲν
1827 4647 1935 4718 γάρ

351 4740 457 4791 είσι
486 4737 594 4791 τῶν
621 4738 814 4806 φωνῶν
856 4740 938 4792 ὅτι
978 4739 1214 4809 μάλιστα
1249 4737 1597 4811 θεοπρεπεῖς,
1625 4739 1678 4791 αί
1709 4738 1766 4792 δὲ
1795 4737 1940 4791 οὕτω

356 4829 523 4882 πάλιν
576 4827 1074 4900 ἀνθρωποπρεπεῖς
1104 4843 1118 4859 ⁸
1171 4829 1225 4882 αί
1266 4828 1322 4880 δὲ
1386 4828 1558 4899 μέσην
1615 4828 1737 4882 τινὰ
1788 4825 1942 4893 τάξιν

351 4921 593 4991 ἔχουσιν,
679 4921 1076 4991 ὲμφανίζουσαι
1101 4920 1191 4974 τὸν
1218 4921 1347 4974 Υίὸν
1371 4920 1465 4973 τοῦ
1491 4921 1626 4974 Θεοῦ
1650 4922 1783 4975 Θεὸν
1813 4921 1943 4975 ὄντα

353 5014 447 5066 καὶ
473 5012 761 5084 ἄνθρωπον
790 5012 926 5084 ὁμοῦ
956 5030 1016 5066 τε
1046 5013 1141 5066 καὶ
1180 5015 1237 5065 ὲν
1278 5012 1481 5081 ταύτῷ.
1524 5031 1541 5063 ι
1577 5013 1784 5085 δέδειχε
1827 5031 1941 5067 τοι·

356 5102 557 5172 γαροῦν
618 5104 750 5173 ἡμῖν
780 5103 809 5155 ό
844 5103 1163 5165 διδάσκαλος
1185 5144 1198 5167 ,
1235 5103 1407 5173 μέσην
1442 5103 1596 5170 τάξιν
1640 5100 1783 5159 εἶναι
1832 5125 1945 5175 φω-

353 5193 504 5259 νῶν,
566 5196 664 5267 οὐχ
722 5196 909 5268 ἔτερόν
957 5214 1011 5249 τι
1073 5196 1163 5249 τὸν
1222 5196 1459 5267 Χριστὸν
1512 5192 1686 5260 εἶναι,
1740 5216 1941 5268 σημαι-

353 5288 579 5353 νουσῶν,
617 5290 765 5361 παρὰ
794 5290 862 5342 τὰ
891 5290 948 5356 ἐξ
969 5282 1063 5354 ὧν,
1094 5290 1151 5342 ὲν
1180 5284 1262 5352 οἷς
1284 5305 1343 5341 τε
1374 5290 1467 5342 καὶ
1500 5290 1644 5361 ἅπερ
1669 5291 1841 5352 ἐστὶν,
1868 5291 1943 5356 ὥς

354 5394 500 5443 τινες
526 5380 886 5451 ὑπειλήφασιν
912 5397 925 5411 ’
953 5380 1090 5434 ἀλλὰ
1109 5380 1199 5434 τὸν
1229 5379 1363 5433 Θεὸν
1384 5379 1517 5450 ὁμοῦ
1544 5381 1635 5432 καὶ
1657 5380 1944 5451 ἄνθρωπον

355 5477 448 5529 τὸν
479 5475 642 5531 αὑτὸν
670 5477 813 5530 κατὰ
865 5477 1031 5546 φύσιν
1082 5476 1371 5546 ὑπάρχειν.
1406 5475 1516 5528 Καὶ
1568 5472 1943 5544 παρακομίζει

364 5570 502 5639 πρὸς
532 5568 807 5633 ἀπόδειξιν
832 5570 1041 5622 τούτων
1062 5569 1161 5631 τὰς
1183 5566 1581 5631 θεοπνεύστους
1597 5566 1822 5637 Γραφὰς
1853 5566 1942 5619 οὑ-

356 5665 494 5716 τωσὶ
532 5663 776 5730 φάσκων.
815 5680 833 5714 ι
859 5662 1026 5714 Ὅταν
1060 5662 1159 5730 μὲν
1176 5662 1254 5731 τῷ
1271 5660 1523 5729 Φιλίππῳ
1546 5660 1703 5730 λέγῃ,
1727 5658 1944 5714 T00017-

359 5771 465 5808 τον
482 5754 704 5823 χρόνον
716 5755 843 5823 μεθ’
866 5754 1032 5823 ὑμῶν
1048 5757 1188 5823 εἰμι,
1204 5756 1303 5811 καί
1323 5757 1436 5810 οὐκ
1455 5753 1724 5822 ἔγνωκάς
1738 5768 1831 5821 με,
1846 5752 1943 5806 Φί-

2046 4391 2169 4445 quae
2193 4374 2260 4428 de
2287 4372 2514 4429 Christo
2545 4372 2829 4437 dicuntur,
2866 4369 3236 4426 secernendas
3257 4368 3634 4433 contendunt;

2046 4476 2213 4534 atque
2246 4463 2385 4518 alias
2417 4462 2641 4532 quidem
2687 4462 2809 4531 ejus
2837 4460 3138 4523 divinitati,
3172 4460 3307 4514 alias
3339 4474 3475 4515 vero
3516 4458 3638 4528 ejus

2047 4567 2241 4608 rursus
2291 4551 2621 4605 humanitati
2653 4563 2979 4618 congruere.
3026 4547 3176 4601 Idem
3213 4547 3361 4601 enim
3407 4546 3553 4600 Deus
3580 4554 3640 4599 et

2046 4644 2215 4699 homo
2254 4650 2357 4697 est.
2390 4641 2615 4696 Addunt
2638 4639 3002 4693 nihilominus
3047 4637 3315 4707 quasdam
3347 4651 3469 4690 esse
3500 4650 3639 4705 quo-

2047 4734 2342 4791 dammodo
2386 4746 2728 4793 communes,
2765 4738 2821 4785 et
2849 4729 3002 4783 velut
3029 4727 3098 4782 ad
3140 4736 3431 4796 utramque
3474 4730 3639 4780 natu-

2046 4843 2163 4883 ram
2180 4834 2513 4896 spectantes,
2531 4823 2875 4878 divinitatem
2899 4821 3110 4877 scilicet
3131 4828 3189 4875 et
3211 4818 3634 4874 humanitatem.

2044 4920 2205 4987 Quod
2232 4918 2377 4983 dico,
2406 4915 2676 4988 ejusmodi
2708 4922 2814 4970 est.
2846 4913 2997 4967 Inter
3034 4928 3221 4974 voces,
3252 4927 3376 4981 quae
3413 4910 3639 4965 Christo

2044 5013 2388 5073 tribuuntur,
2433 5006 2681 5079 quatdam
2713 5004 2992 5059 divinitati
3039 5002 3389 5077 potissimum
3432 5016 3640 5055 conve-

2047 5107 2236 5171 niunt;
2288 5103 2409 5159 alite
2458 5110 2642 5155 autem
2693 5097 2865 5168 magis
2913 5096 2982 5151 ad
3031 5096 3430 5149 humanitatem
3464 5092 3639 5163 perti-

2049 5209 2183 5254 nent
2210 5215 2222 5251 :
2254 5190 2371 5251 alia:
2414 5194 2655 5262 denique
2687 5191 2845 5261 quasi
2878 5188 3075 5244 mediae
3102 5197 3252 5251 sunt,
3286 5203 3408 5257 quae
3439 5187 3637 5240 Filium

2046 5290 2176 5354 Dei,
2214 5290 2385 5343 Deum
2435 5294 2493 5341 et
2536 5285 2817 5340 hominem
2867 5282 3032 5337 simul
3080 5294 3199 5336 esse
3252 5279 3557 5334 declarent.
3612 5295 3630 5327 ι

2045 5380 2300 5437 Ostendit
2358 5378 2528 5450 igitur
2576 5376 2738 5431 nobis
2792 5375 2883 5429 ille
2935 5387 3059 5428 esse
3112 5371 3348 5425 mediam
3401 5368 3636 5422 classem

2066 5485 2286 5531 vocum,
2329 5483 2435 5522 non
2470 5482 2591 5537 quae
2629 5468 2939 5537 signiﬁcent
2971 5478 3093 5520 esse
3142 5461 3425 5516 Christum
3489 5460 3641 5516 aliud

2065 5563 2220 5633 quid,
2246 5570 2443 5633 praeter
2470 5562 2560 5616 illa
2594 5559 2898 5628 exquibus,
2922 5564 2977 5608 et
3018 5554 3072 5607 in
3133 5552 3356 5620 quibus,
3405 5567 3471 5607 ac
3518 5567 3641 5620 quae

2066 5666 2172 5720 est,
2201 5664 2259 5709 ut
2282 5653 2503 5724 quidam
2527 5651 2733 5720 opinati
2754 5655 2904 5711 suut;
2924 5645 3017 5700 sed
3049 5659 3169 5714 qua:
3185 5644 3437 5697 eumdem
3464 5643 3631 5698 Deum

2066 5766 2186 5807 esse
2220 5758 2387 5819 atque
2418 5749 2692 5803 hominem
2733 5750 2925 5796 natura
2952 5739 3265 5797 ostendant.
3288 5738 3493 5809 llisque
3520 5753 3644 5807 pro-
