4082 6478
440 369 576 436 1123

1656 370 2041 436 EUTHYMII
2095 369 2266 429 ZlGA
2277 365 2450 426 BEN]

3571 357 3704 422 1124

433 510 650 578 baiulis,
682 510 898 566 divinas
921 509 1073 566 aﬂ'ert
1102 510 1434 580 Scripturas,
1457 509 1532 562 ita
1560 509 1787 579 loquens
1815 526 1831 562 :
1871 527 1891 562 ι
1926 505 2019 561 Et—

2122 513 2302 580 λιππε
2334 527 2353 575 ;
2384 509 2458 563 οὐ
2490 504 2798 569 πιστεύεις
2821 500 2913 556 ὅτι
2932 498 3050 569 ἐγὼ
3083 498 3153 552 ἐν
3199 495 3283 562 τῷ
3305 497 3513 566 Πατρί,
3546 498 3646 552 καὶ
3675 502 3712 553 ό

431 599 576 654 enim
605 597 730 655 eum
771 600 1023 671 Philippo
1063 602 1195 656 dicit
1224 618 1237 652 :
1281 602 1454 656 Tanto
1485 611 1712 670 tempore
1743 600 2017 656 vobiscum

431 706 570 753 sum,
598 701 648 745 et
678 709 779 745 non
802 693 1092 762 cognovisti
1122 709 1222 759 me,
1251 692 1527 763 Philippe?
1555 691 1674 746 Non
1696 693 1866 747 credis
1891 694 2018 764 quia

429 797 522 850 ego
569 784 620 836 in
663 783 843 846 Patre,
878 796 928 838 et
963 783 1129 838 Pater
1179 786 1232 839 in
1278 803 1358 840 me
1401 785 1526 842 est?
1570 784 1673 851 Qui
1720 785 1854 839 vidit
1901 799 2016 847 me,

428 871 558 923 vidit
584 883 632 925 et
666 872 883 926 Patrem
915 875 928 904 ⁸
959 883 1048 940 ;et
1073 893 1084 926 :
1111 874 1245 945 Ego,
1272 885 1319 928 et
1355 875 1511 930 Pater
1546 892 1711 928 unum
1741 891 1926 928 sumus
1957 879 2014 928 ἐ

427 978 614 1017 vocem
813 965 1084 1020 divinitati
1136 969 1370 1023 maxime
1415 969 1833 1023 convenientem
1884 980 2016 1037 pro-

426 1052 568 1107 ferre
597 1051 950 1110 allii-luamus.
980 1057 1116 1110 Cum
1164 1074 1293 1112 vero
1337 1057 1656 1113 Judmorum
1691 1057 1884 1111 turbas
1927 1056 2014 1109 in-

425 1159 678 1214 crepans,
711 1147 786 1200 ait
817 1165 830 1200 :
860 1147 920 1202 Si
962 1149 1066 1217 ﬁlii
1091 1149 1318 1206 Abt-aha:
1345 1153 1552 1217 essetis,
1587 1167 1746 1219 opera
1780 1148 2014 1204 Abrahw

427 1238 604 1306 utique
627 1239 889 1307 faceretis.
921 1239 1077 1295 Nunc
1107 1254 1282 1296 autem
1319 1245 1558 1313 quau-itis
1584 1259 1664 1298 me
1693 1241 2008 1312 interﬁcere,

425 1329 723 1397 hominem,
770 1333 859 1402 qui
914 1333 1189 1387 veritatem
1238 1335 1445 1390 locutus
1500 1353 1618 1391 sum
1674 1336 1870 1391 vobis:
1918 1336 2016 1392 hoc

425 1424 698 1476 Abraham
731 1440 839 1477 non
874 1423 996 1492 fecit
1025 1428 1045 1458 ³
1083 1426 1389 1494 :ejusmodi
1430 1443 1706 1498 exponere
1751 1428 2010 1493 dicimus,

428 1526 550 1579 qua:
597 1511 808 1567 homini
857 1515 1083 1584 proprie
1117 1525 1457 1586 competunt.
1491 1518 1882 1574 Verumtamen
1915 1520 2022 1576 hoc

430 1600 504 1655 ita
534 1603 917 1673 accipiendum
943 1614 1050 1672 est,
1087 1615 1149 1661 ut
1180 1617 1236 1663 ct
1275 1609 1383 1664 illa;
1409 1625 1531 1679 quae
1572 1610 1858 1666 Divinitati
1884 1628 2022 1670 con-

428 1695 664 1749 veniunt
694 1738 709 1763 ,
747 1704 803 1751 et
834 1697 941 1752 illa;
971 1715 1168 1755 rursus
1201 1717 1324 1770 quae
1361 1701 1428 1756 ad
1461 1702 1858 1760 humanitatem
1891 1721 2021 1776 per-

431 1785 630 1852 tinent,
664 1786 758 1841 uni
797 1796 1009 1844 tantum
1036 1791 1178 1846 Filio
1202 1793 1574 1848 ascribantur.
1602 1794 1809 1850 Medias
1835 1805 2023 1853 autem

430 1889 595 1930 voces
628 1877 750 1932 illas
784 1893 907 1933 esse
930 1895 1333 1950 asseveramus,
1363 1891 1424 1938 ut
1445 1899 1573 1939 cum
1605 1883 1801 1941 beatus
1820 1887 2024 1943 Paulus

430 1969 624 2024 scribit
658 1987 671 2024 :
756 1971 912 2026 Iesus
955 1973 1190 2030 Christus
1221 1978 1355 2044 heri,
1401 1986 1451 2032 et
1487 1979 1670 2045 hodie;
1701 1981 1841 2035 idem
1887 1991 1938 2036 et
1966 1984 2022 2038 in

426 2057 623 2112 stecula
658 2061 703 2114 ⁸.
739 2061 805 2114 Ει
839 2079 1074 2118 rursus:
1111 2065 1254 2120 Unus
1285 2066 1424 2121 Deus
1459 2067 1643 2136 Pater,
1675 2086 1741 2125 ea:
1777 2088 1881 2142 quo
1910 2090 2024 2126 om-

431 2152 555 2215 nia,
608 2162 656 2205 et
720 2171 814 2208 nos
871 2171 937 2210 ex
998 2158 1112 2226 ipso
1155 2175 1173 2212 :
1228 2169 1276 2212 et
1343 2177 1478 2214 unus
1539 2162 1799 2219 Dominus
1867 2166 2022 2223 Jesus

431 2241 702 2310 Christus,
761 2262 854 2316 per
900 2263 1056 2318 quem
1097 2251 1311 2318 omnia,
1371 2262 1421 2306 et
1468 2270 1560 2307 nos
1609 2272 1704 2324 per
1755 2258 1930 2325 ipsum
1976 2265 2018 2313 ⁸.

429 2334 507 2388 Ac
543 2351 734 2392 rursus
767 2355 779 2390 :
819 2337 1057 2402 Quorum
1109 2349 1312 2412 patres,
1356 2351 1405 2396 et
1446 2360 1509 2398 ea:
1549 2346 1739 2416 quibus
1783 2347 2022 2404 Christus

429 2429 718 2482 secundant
749 2446 986 2498 carnem,
1011 2435 1099 2502 qui
1121 2443 1196 2488 est
1223 2451 1381 2505 super
1413 2440 1593 2493 omnia
1622 2439 1762 2496 Deus
1813 2442 2024 2498 benedi-

433 2527 543 2571 ctus
581 2520 637 2572 in
683 2519 900 2575 stecula.
935 2523 1104 2578 Amen
1134 2525 1175 2578 ⁸.
1225 2525 1307 2580 En
1361 2527 1536 2593 enim,
1585 2543 1679 2593 en,
1734 2532 2022 2591 nominato

430 2607 652 2663 Christo
687 2609 839 2675 Jesu,
886 2613 1145 2668 eumdem
1201 2614 1354 2670 illum
1414 2617 1534 2672 heri
1579 2629 1636 2672 et
1684 2619 1850 2676 hodie
1897 2638 2023 2679 esse

430 2699 585 2765 dicit,
619 2709 674 2757 ct
709 2702 764 2755 in
801 2704 1033 2771 saecula;
1071 2721 1136 2759 ac
1167 2722 1268 2776 per
1300 2708 1455 2762 illum
1488 2709 1630 2764 facta
1664 2727 1788 2767 esse
1814 2715 2017 2770 omnia.

430 2791 590 2893 illum
627 2808 849 2862 quoque
896 2793 1107 2893 qui-ex
1151 2796 1357 2893 Jutlteis
1409 2798 1716 2893 secundum
1770 2815 2017 2870 carnem,
2047 2835 2089 2893 ο

431 2883 606 2938 Deum
662 2900 829 2953 super
869 2887 1054 2940 omnia
1108 2888 1379 2956 appellat;
1416 2890 1548 2960 quin
1603 2901 1658 2946 et
1712 2893 1768 2945 in
1821 2895 2019 2950 stecula

431 2975 811 3042 benedictum,
861 2977 1057 3043 Amen,
1104 2979 1260 3036 dicit.
1295 2981 1375 3036 Ne
1426 2983 1482 3035 in
1529 2983 1616 3038 his
1660 2984 1848 3054 igitur,
1899 3002 2021 3056 qua:

433 3069 502 3124 de
536 3070 771 3125 Domino
805 3070 1085 3137 dicuntur,
1133 3088 1296 3128 voces
1328 3072 1605 3129 diviseris.
1650 3075 1823 3131 Simul
1870 3077 2020 3133 enim

433 3164 897 3233 complectuntur,
922 3173 979 3219 et
1019 3166 1165 3235 quod
1197 3167 1309 3222 Deo
1333 3167 1614 3234 convenit,
1649 3177 1707 3224 et
1744 3170 1892 3238 quod
1923 3171 2041 3227 ho-

435 3253 589 3306 mini.
636 3253 780 3320 Quin
825 3255 1013 3324 potius
1047 3255 1166 3310 illas
1199 3265 1457 3326 tanquam
1492 3258 1610 3324 uni,
1649 3259 1787 3314 Filio
1815 3261 2019 3328 tribue,

331 3379 338 3388 ι
435 3359 635 3413 nempe
666 3344 776 3399 Deo
804 3344 986 3400 Verbo
1016 3346 1318 3401 incarnato.
1363 3365 1380 3400 ι
1414 3348 1510 3404 llis
1541 3349 1730 3405 verbis
1759 3350 2020 3423 Spiritus,

437 3435 626 3490 docuit
653 3449 754 3489 nos
783 3435 998 3502 doctor,
1033 3437 1180 3506 ipsas
1213 3454 1435 3509 quoque
1463 3441 1673 3496 medias
1695 3457 1862 3497 voces
1883 3443 2024 3500 nihil

438 3526 662 3594 penitus
709 3525 856 3582 aliud
907 3526 964 3581 in
1011 3526 1231 3585 Christo
1279 3529 1612 3600 signiﬁcare,
1663 3519 1826 3602 quam
1875 3533 2024 3603 quod

436 3617 608 3673 Deum
633 3619 819 3684 simul,
842 3629 1005 3690 atque
1029 3621 1308 3676 hominem
1333 3623 1524 3678 deceat
1545 3641 1558 3678 :
1580 3624 1728 3680 unde
1751 3632 1806 3680 et
1828 3625 1905 3680 illi
1929 3625 2028 3682 has

437 3709 672 3766 indivise
695 3711 1016 3767 tribuendas
1030 3713 1212 3784 jubet,
1235 3723 1294 3769 ut
1311 3715 1402 3786 qui
1424 3716 1568 3771 Deus
1588 3715 1733 3772 idem
1751 3724 1807 3770 et
1834 3716 2024 3784 homo,

439 3819 542 3857 nec
575 3803 724 3857 aliud
759 3819 989 3872 prorsus
1015 3804 1338 3874 quidquam,
1365 3807 1445 3862 uti
1466 3807 1737 3872 dicebam,
1768 3807 2020 3863 exsistat.

444 3949 693 4018 Ejusdem
721 3965 785 4004 ex
809 3952 1051 4006 oratione
1103 3969 1206 4020 qua
1243 3953 1379 4076 dugs
1402 3950 1458 4004 in
1478 3949 1693 4005 Christo
1727 3949 2026 4003 voluntates

1068 4040 1181 4076 esse
1213 4038 1306 4076 pro
1344 4031 1423 4076 at.

1068 4040 1181 4078 esse
1213 4031 1423 4088 probat.

437 4135 442 4140 ·
513 4112 649 4169 Nam
677 4116 786 4170 nisi
819 4115 928 4170 alia
963 4125 1132 4184 atque
1170 4117 1275 4169 alia
1336 4115 1642 4171 secundum
1718 4111 2026 4168 essentiam

2116 604 2322 673 Πατὴρ
2348 602 2420 656 ἐν
2450 599 2581 670 ἐμοί
2619 598 2835 661 ἐστιν;
2874 597 2910 650 ὁ
2964 591 3238 660 ἑωρακὼς
3293 590 3422 661 ἐμὲ,
3486 591 3714 660 ἑώρακε

2117 698 2218 752 καὶ
2257 696 2364 750 τὸν
2397 692 2644 761 ﬂatspa'
2695 689 2812 758 καὶ,
2855 686 3016 756 Ἐγὼ,
3048 685 3150 740 καί
3183 687 3216 739 ό
3244 684 3449 752 Πατὴρ
3490 683 3562 736 ἐν
3605 685 3712 738 ἐσ-

2111 786 2248 855 μέν,
2286 778 2785 853 θεωπρεπεστάτην
2807 773 2950 831 εἶναι
2973 774 3440 845 διαϐεϐαιούμεθα
3462 773 3562 844 τήν
3590 791 3714 842 φω-

2117 874 2237 945 νήν.
2262 873 2395 928 Ὅτε
2428 869 2488 925 δὲ
2513 871 2629 934 τοῖς
2655 869 2766 924 τῶν
2809 868 3084 924 Ἰουδαίων
3130 865 3454 938 ἐπιπλήττει
3483 865 3710 937 δήμοις,

2117 967 2296 1019 ἐκεῖνο
2313 963 2514 1032 λέγων,
2543 962 2610 1016 El
2635 962 2820 1016 τέκνα
2852 957 2960 1030 ἦτε
2991 959 3098 1015 τοῦ
3149 959 3428 1029 Ἀϐραὰμ,
3462 957 3538 1012 τὰ
3563 957 3717 1027 ἔργα

2117 1057 2226 1112 τοῦ
2263 1055 2518 1125 Ἀϐραὰμ
2543 1052 2799 1108 ἐποιεῖτε
2827 1052 2906 1106 ἄν
2933 1067 2946 1082 ’
2989 1051 3107 1107 νῦν
3123 1050 3192 1104 δὲ
3219 1049 3441 1119 ζητεῖτέ
3469 1065 3547 1120 με
3568 1049 3717 1104 ἀπο-

2118 1149 2345 1204 κτεῖναι
2371 1147 2708 1216 ἄνθρωπον,
2739 1144 2808 1212 ὃς
2845 1143 2962 1212 τὴν
2997 1142 3292 1209 ἀλήθειαν
3329 1141 3475 1211 ὑμῖν
3520 1138 3712 1194 λελά-

2118 1245 2280 1310 ληκα
2315 1256 2329 1271 ·
2359 1240 2537 1294 τοῦτο
2580 1238 2827 1307 Ἀϐραὰμ
2893 1237 3006 1291 οὐκ
3058 1236 3353 1303 ἐποίησεν
3383 1249 3396 1263 ·
3423 1232 3715 1299 ἀνθρωπο-

2123 1334 2352 1406 πρεπῶς
2383 1331 2642 1402 είρῆσθαι
2673 1330 2743 1383 τὰ
2760 1327 2994 1384 τοιαῦτά
3025 1345 3228 1400 φαμεν.
3263 1327 3413 1394 Πλὴν
3451 1323 3550 1378 τοῦ
3591 1325 3715 1389 ἑνὸς

2123 1423 2256 1478 Υίοῦ
2295 1423 2394 1486 τὰς
2419 1421 2746 1491 θεοπρεπεῖς
2773 1462 2787 1486 ,
2823 1421 2919 1474 καὶ
2956 1419 3140 1490 μέντοι
3183 1417 3283 1480 τὰς
3335 1413 3715 1486 ἀνθρωπίνας.

2123 1514 2312 1577 Μέσας
2334 1513 2392 1566 δὲ
2429 1507 2570 1566 εἶναι
2596 1509 2781 1580 φωνὰς
2803 1509 3020 1572 ὲκείνας
3044 1504 3531 1576 διαϐεϐαιούμεθα,
3560 1499 3713 1589 οἷον,

2123 1609 2252 1662 ὅταν
2281 1608 2309 1660 ὁ
2354 1603 2628 1675 μακάριος
2661 1602 2848 1674 γράφῃ
2890 1599 3124 1666 Παῦλος,
3173 1597 3418 1665 Ἰησοῦς
3457 1595 3719 1665 Χριστὸς

2122 1696 2266 1768 χθὲς
2296 1695 2398 1750 καί
2421 1695 2692 1765 σήμερον
2729 1697 2762 1748 ὁ
2793 1692 2998 1760 αὐτὸς,
3032 1692 3132 1747 καί
3166 1693 3255 1758 είς
3279 1689 3423 1756 τοὺς
3465 1689 3714 1752 αἰῶνας.

2123 1789 2234 1842 Καὶ
2269 1788 2430 1842 πάλιν
2453 1804 2467 1819 ⁸
2502 1781 2608 1853 Εἷς
2636 1784 2783 1852 Θεὸς
2820 1787 2854 1838 ὀ
2885 1783 3116 1852 Πατὴρ,
3145 1782 3216 1848 ἐξ
3277 1777 3350 1838 οὗ
3400 1781 3474 1835 τὰ
3515 1779 3720 1835 πάντα

2122 1879 2224 1934 καί
2265 1877 2438 1948 ἡμεῖς
2465 1876 2534 1943 ἐξ
2563 1875 2782 1931 αὐτοῦ’
2810 1877 2908 1930 καὶ
2934 1870 3022 1941 εἷς
3050 1873 3268 1942 Κύριος
3297 1871 3537 1938 Ἰησοῦς
3574 1872 3718 1938 Χρι-

2122 1972 2291 2038 στὸς,
2325 1970 2399 2023 δι’
2423 1965 2494 2026 οὗ
2527 1968 2599 2022 τὰ
2633 1967 2852 2032 πάντα,
2892 1967 2991 2021 καὶ
3037 1963 3211 2034 ἡμεῖς
3249 1962 3322 2016 δι’
3353 1962 3561 2018 αὐτοῦ.
3599 1962 3719 2016 Καὶ

2122 2063 2304 2118 πάλιν·
2330 2056 2445 2116 Ὧν
2499 2063 2554 2115 οἱ
2607 2059 2878 2128 πατέρες,
2918 2059 3016 2112 καί
3054 2057 3122 2121 ἐξ
3151 2051 3238 2110 ὧν
3260 2057 3293 2110 ὁ
3319 2054 3574 2124 Χριστὸς
3594 2092 3609 2116 ,
3642 2053 3718 2108 τὸ

2123 2155 2275 2212 κατά
2317 2153 2590 2224 σάρκα,ό
2630 2151 2717 2206 ὢν
2753 2151 2850 2205 ἐπὶ
2881 2150 3124 2205 πάντων
3167 2149 3333 2215 Θεὸς,
3382 2146 3718 2216 εὐλογητὸς

2120 2253 2210 2316 είς
2259 2247 2406 2313 τυὺς
2465 2243 2708 2311 αἰῶνας,
2767 2242 2950 2314 ἁμήν.
2987 2242 3119 2296 Ἰδοὺ
3162 2242 3292 2312 γὰρ,
3329 2241 3440 2294 ίδοὺ
3471 2237 3716 2308 Χριστὸν

2137 2341 2346 2412 Ἰησοῦν
2379 2342 2408 2394 ὁ
2430 2339 2724 2409 ὀνομάσας,
2751 2336 2880 2406 χθὲς
2905 2337 3001 2389 καὶ
3031 2335 3277 2406 σήμερον
3317 2332 3411 2385 τὸν
3441 2331 3603 2384 αὑτὸν
3634 2325 3717 2382 εἷ-

2121 2436 2210 2492 ναί
2241 2451 2396 2505 φησι,
2426 2433 2521 2487 καὶ
2555 2433 2635 2495 εἰς
2684 2431 2812 2494 τοὺς
2840 2429 3042 2492 αἰῶνας
3065 2444 3079 2458 ·
3105 2428 3196 2480 καὶ
3220 2425 3290 2480 δι’
3322 2422 3489 2478 αὐτοῦ
3547 2422 3709 2490 γενέ-

2125 2528 2252 2582 σθαι
2300 2526 2369 2580 τὰ
2415 2525 2598 2580 πάντα
2626 2540 2640 2555 ο
2676 2522 2771 2576 καὶ
2801 2520 2892 2574 τὸν
2941 2518 3084 2573 κατὰ
3112 2518 3292 2587 σάρκα
3318 2516 3376 2581 ἐξ
3417 2513 3712 2579 Ἰουδαίων,

2122 2620 2216 2670 ἐπὶ
2255 2618 2462 2681 πάντας
2504 2614 2766 2685 ὀνομάζει
2794 2612 2929 2666 Θεόν
2954 2628 2968 2642 ·
3009 2611 3104 2664 καὶ
3153 2609 3259 2680 μὴν
3299 2607 3591 2677 εὐλογητδν
3633 2607 3718 2668 εἰς

2120 2711 2247 2772 τοὺς
2278 2709 2508 2771 αἰῶνας,
2541 2707 2710 2777 ἀμήν.
2743 2703 2835 2774 Μὴ
2865 2701 3044 2757 τοίνυν
3075 2701 3256 2774 διέλῃς
3283 2702 3342 2752 ὲν
3373 2698 3582 2761 τούτοις
3611 2698 3716 2762 τὰς

2122 2802 2214 2855 ἐπὶ
2227 2801 2323 2854 τοῦ
2343 2800 2547 2871 Κυρίου
2566 2797 2766 2866 φωνάς.
2777 2798 2999 2867 Ἔχουσι
3021 2795 3130 2866 γάρ
3149 2796 3207 2848 ὲν
3222 2791 3404 2862 ταυτῷ
3419 2790 3479 2844 τὸ
3494 2790 3719 2860 θεοπρε-

2124 2895 2225 2958 πὲς
2250 2894 2346 2947 καὶ
2372 2891 2734 2962 ἁνθρώπινοψ
2776 2890 3092 2960 ὲφάρμοσον
3113 2887 3171 2940 δὲ
3205 2884 3407 2957 μᾶλλον
3431 2883 3603 2944 αὐτὰς
3636 2880 3716 2944 ὡς

2124 2984 2206 3038 ἑνὶ
2237 2983 2316 3055 τῷ
2348 2982 2485 3053 Υἱῷ,
2513 2982 2790 3044 τουτέστι,
2831 2978 2950 3050 Θεῷ
2995 2979 3154 3048 Λόγῳ
3222 2973 3655 3047 σεσαρκωμένῳ.
3692 2991 3712 3024 ι

2125 3074 2350 3139 Τούτοις
2379 3074 2444 3146 δὴ
2471 3076 2585 3137 τοῖς
2627 3073 2809 3142 λόγοις
2863 3071 2958 3126 τοῦ
3013 3069 3337 3139 Ηνεύματος
3393 3068 3489 3122 καὶ
3542 3065 3718 3129 αὐτὰς

2125 3169 2260 3238 ἡμῖν
2288 3166 2636 3236 ἀποδέδειχεν
2664 3166 2694 3217 ὁ
2721 3162 3056 3226 Διδάσκαλος
3117 3160 3215 3223 τὰς
3277 3160 3451 3230 μέσας
3504 3157 3713 3228 φωνὰς,

2131 3261 2298 3333 μηδὲν
2317 3257 2608 3314 καθοτιοῢν
2637 3257 2828 3324 ἓτερον
2857 3256 2952 3309 ἐπὶ
2978 3253 3220 3327 Χριστοῦ
3245 3251 3644 3323 σημαινούσας,
3677 3249 3712 3320 ἢ

2126 3352 2190 3404 τὸ
2221 3350 2530 3420 θεοπρεπὲς
2581 3350 2639 3402 ὲν
2686 3347 2869 3417 ταύτῷ
2921 3346 3016 3400 καὶ
3067 3345 3132 3399 τὸ
3176 3343 3522 3415 ἀνθρώπινον
3549 3359 3563 3374 ο
3594 3342 3718 3397 ὅθεν

2128 3441 2278 3512 αὐτῷ
2294 3441 2500 3504 ταύτας
2525 3442 2618 3494 καὶ
2646 3439 2983 3510 ἐφαρμόζειν
3005 3437 3331 3508 ἁδιαιρέτως
3347 3434 3719 3508 παρακελεύε-

2129 3551 2221 3589 ται
2250 3534 2384 3598 δεῖν,
2408 3534 2486 3597 ὡς
2521 3532 2643 3603 Θεῷ
2663 3531 2742 3602 τῷ
2765 3530 2936 3601 αὐτῷ,
2954 3529 3050 3583 καὶ
3079 3525 3358 3600 ἁνθρῶπῳ
3386 3527 3546 3596 φύσει
3579 3542 3718 3595 τυγ-

2132 3626 2356 3697 χάνοντι
2383 3641 2397 3655 '
2427 3623 2524 3678 καὶ
2546 3623 2675 3678 ἄλλο
2697 3621 2760 3677 τὸ
2787 3620 3073 3692 παράπαν,
3103 3618 3181 3683 ὡς
3203 3617 3362 3688 ἔφην,
3399 3616 3574 3673 οὐδέν.

2139 3954 2250 4009 Τοῦ
2275 3950 2468 4008 αὐτοῦ
2499 3951 2567 4005 ἐκ
2588 3950 2696 4004 τοῦ
2728 3950 2917 4015 λόγου
2953 3949 3058 4001 τοῦ
3086 3948 3222 4012 περὶ
3254 3945 3372 4002 τῶν
3395 3945 3504 4000 δύο
3535 3948 3718 4014 θελη-

2485 4021 2692 4091 μάτων
2743 4019 2855 4073 τοῦ
2887 4019 3027 4083 ἑνὸς
3074 4018 3350 4086 Χριστοῦ.

2213 4116 2277 4168 Ei
2315 4114 2444 4167 ἄλλο
2467 4113 2564 4166 καὶ
2613 4111 2744 4166 ἄλλο
2778 4111 2919 4164 κατὰ
2951 4112 3112 4180 φύσιν
3141 4111 3241 4163 οὐκ
3294 4110 3408 4164 ἔστι
3465 4110 3525 4165 τὸ
3556 4110 3709 4165 θεῖον

444 4217 551 4269 est,
602 4207 865 4262 divinitas
920 4218 973 4264 et
1028 4209 1285 4262 voluntas
1345 4207 1606 4270 humana,
1655 4205 1832 4275 liquet
1864 4219 2022 4260 unam

2139 4208 2236 4261 καὶ
2263 4208 2324 4260 τὸ
2348 4204 2695 4278 ἀνθρώπινον
2729 4204 2966 4273 θέλημα,
2998 4203 3161 4274 δῆλον
3191 4203 3268 4267 ὡς
3303 4203 3361 4256 ἒν
3409 4204 3573 4273 φύσει
3619 4202 3720 4258 καὶ

447 4311 645 4354 natura
708 4306 872 4366 atque
926 4299 1174 4352 eamdem
1230 4312 1374 4352 esse.
1429 4298 1510 4349 Ac
1564 4296 1609 4350 si
1667 4295 1742 4349 ita
1789 4306 1896 4360 est,
1933 4311 2022 4350 na-

2134 4300 2350 4353 ταύτόν.
2394 4300 2502 4352 Καὶ
2537 4301 2586 4352 εἰ
2622 4296 2801 4361 τοῦτο,
2849 4297 2942 4350 καὶ
2979 4299 3014 4368 ἡ
3043 4298 3205 4366 φύσις
3235 4299 3295 4366 ἐξ
3317 4298 3566 4368 ἀνάγκης
3617 4297 3721 4366 μία

446 4402 570 4443 tura
617 4404 838 4458 quoque
887 4391 1211 4444 necessario
1298 4405 1431 4451 una,
1523 4389 1789 4457 nullaque
1846 4389 2022 4443 varie-

2135 4392 2227 4444 ua‘t
2257 4391 2699 4462 ἀπαράλλακτος.
2757 4385 2836 4446 Ob
2863 4391 2974 4461 γὰρ
3020 4392 3284 4463 ἑτερότης
3319 4392 3526 4463 φυσικὴ
3560 4391 3723 4461 θελη-

378 4494 386 4502 ·
444 4493 558 4537 tate
614 4483 908 4538 dissimilis
934 4495 1037 4538 est.
1067 4481 1171 4536 Ubi
1202 4482 1351 4537 enim
1386 4482 1533 4536 nulla
1597 4482 1869 4537 naturalis
1931 4495 2022 4534 vo-

2139 4489 2326 4555 μάτων
2351 4486 2449 4538 οὐκ
2489 4486 2661 4550 ἔστιν,
2694 4485 2826 4542 ῗούδ’
2857 4485 3044 4546 οὐσίας
3077 4485 3139 4538 τὸ
3175 4485 3439 4554 παράπαν
3487 4483 3584 4537 καὶ
3616 4483 3723 4554 φύ-

445 4574 714 4629 luntatum
745 4575 1038 4630 diversitas
1067 4583 1168 4639 est,
1211 4588 1314 4628 nec
1358 4575 1614 4628 essentiae
1677 4574 1905 4627 omnino
1964 4586 2022 4627 ac

2141 4597 2298 4641 σεως.
2327 4581 2389 4632 Εἰ
2420 4579 2474 4631 δὲ
2509 4577 2637 4633 ἄλλο
2665 4577 2827 4645 φύσει
2864 4580 2956 4630 καὶ
2983 4578 3131 4640 ἄλλο,
3170 4577 3403 4644 διάφορα
3451 4576 3674 4635 πάντως
3702 4593 3719 4608 ο

445 4678 660 4724 naturae
689 4675 793 4722 est.
820 4666 915 4720 Sin
951 4679 1132 4720 autem
1167 4667 1274 4719 alia
1307 4675 1470 4732 atque
1501 4665 1606 4718 alia
1624 4675 1842 4730 natura,
1875 4663 2022 4732 plant

2143 4673 2230 4725 κοὶ
2259 4673 2308 4725 εί
2337 4671 2593 4739 διάφορα,
2649 4671 2771 4732 πῶς
2807 4671 2901 4722 τὸν
2932 4670 2990 4723 ὲν
3048 4670 3204 4738 πόσῳ
3243 4670 3448 4722 τούτων
3483 4667 3722 4739 ἀριθμδν

441 4760 718 4814 distincta:
751 4767 901 4813 sunt.
937 4759 1015 4813 Ac
1049 4760 1093 4813 si
1119 4759 1416 4820 distinctae,
1444 4758 1734 4836 quomodo
1792 4771 1902 4809 non
1935 4771 2022 4809 ea-

2133 4767 2232 4836 οὒχ
2269 4765 2604 4834 ὁμολογῆσαι
2631 4764 2842 4834 χρεώνς
2885 4764 2950 4816 Ἦ
2981 4764 3092 4834 γὰρ
3146 4765 3339 4816 τούτου
3397 4756 3716 4833 ἐξάρνησις,

443 4866 568 4909 rum
600 4851 936 4914 necessario,
963 4865 1069 4919 qua
1133 4850 1338 4915 pollent
1384 4835 1714 4918 quantitate,
1771 4847 2022 4903 fatendus

2140 4859 2314 4926 αὐτῆς
2353 4873 2414 4908 τε
2446 4859 2681 4925 πάμπαν
2704 4856 3040 4927 ἀφανισμὸν,
3069 4857 3168 4909 καὶ
3201 4856 3309 4910 τῶν
3328 4855 3716 4925 διαφερόντων,

443 4956 711 4996 numerus
744 4943 864 4996 est?
897 4943 1121 4997 Sublata
1146 4942 1291 4996 enim
1321 4941 1532 4997 numeri
1567 4941 1727 5006 ratio,
1774 4949 1890 4996 tum
1923 4940 2022 4994 dis«

2136 4949 2213 5014 ὡς
2241 4949 2341 5002 οὐκ
2363 4949 2557 5012 ὄντων,
2585 4948 2905 5019 ἐργάζεται.
2950 4949 3075 5012 Πῶς
3120 4949 3230 5019 γὰρ
3261 4953 3356 5002 καὶ
3390 4944 3529 5002 εἶναι
3562 4947 3718 5000 δυνα-

442 5024 767 5088 ςιίιιόιίοιιειιι
829 5032 1007 5095 tollet,
1041 5043 1155 5086 tum
1182 5048 1305 5102 quae
1337 5033 1595 5088 distincta
1625 5034 1759 5096 sint,
1803 5047 1866 5087 ac
1883 5032 1929 5087 si
1969 5047 2022 5087 nt

2134 5041 2230 5094 τὸν
2259 5040 2356 5094 καὶ
2391 5039 2467 5109 μὴ
2500 5039 2889 5110 ἀριθμεῖσθαι,
2931 5041 3027 5093 καὶ
3049 5040 3116 5093 δι’
3147 5040 3340 5109 ἧντινα
3370 5039 3470 5110 τὴν
3505 5037 3722 5104 αίτίαν;

445 5132 636 5174 essent
676 5121 922 5188 quidem,
983 5138 1213 5192 prorsus
1267 5125 1540 5180 abolitura
1588 5134 1696 5182 est.
1751 5124 1885 5178 Nam
1939 5125 2022 5194 qui

2137 5131 2170 5202 ἢ
2204 5130 2320 5192 πῶς
2360 5129 2488 5184 ὅντα
2513 5131 2612 5198 μὲν
2641 5128 2787 5183 κατά
2818 5129 3001 5198 φύσιν,
3031 5129 3131 5182 οὐκ
3152 5127 3540 5197 ἀριθμούμενα
3571 5125 3629 5178 δὲ
3658 5125 3726 5176 τά

443 5214 612 5270 etiam
649 5214 762 5277 liat,
821 5230 944 5270 esse
993 5217 1130 5280 haec.
1193 5227 1248 5272 et
1312 5235 1421 5274 non
1465 5219 1785 5274 numerari?
1832 5219 2022 5289 quidve

2141 5222 2424 5291 θελήματα
2470 5221 2571 5290 τὴν
2607 5220 2801 5290 αὐτὴν,
2841 5218 3014 5290 εἴπερ
3051 5219 3291 5288 εὐλόγως
3323 5219 3397 5288 μὴ
3429 5217 3728 5271 παύσοιντο

443 5306 668 5362 demum
689 5321 873 5361 causa:
899 5317 1004 5375 est,
1035 5318 1133 5364 aut
1167 5311 1445 5379 quomodo
1486 5313 1564 5376 tit,
1589 5321 1645 5364 ut
1677 5326 1800 5381 qua:
1829 5325 1896 5364 ex
1938 5325 2022 5364 nas

2141 5317 2239 5371 τοῦ
2267 5313 2622 5386 ἀριθμεῖσθαι
2657 5313 2856 5367 καὺταὶ
2889 5313 2946 5366 αἱ
2982 5312 3173 5380 φύσεις
3197 5328 3212 5376 ;
3239 5309 3314 5364 Τὸ
3346 5311 3454 5380 γὰρ
3478 5306 3727 5362 ὲπ“ὲκεί-

451 5408 578 5454 tura
606 5400 1088 5464 suntvoluntates,
1129 5416 1237 5454 non
1259 5405 1422 5456 etiam
1453 5417 1517 5459 ex
1587 5412 1787 5456 natura
1844 5417 2022 5456 nume-

2144 5425 2253 5462 νων
2300 5406 2485 5469 καλὸν,
2538 5405 2797 5474 ἐμφύτων
2845 5404 3021 5457 ὅντων
3068 5405 3164 5456 καὶ
3212 5401 3560 5456 συστατικῶν
3614 5398 3729 5452 τῶν

449 5502 664 5571 rentur,
706 5509 830 5548 eum
863 5504 917 5548 et
956 5496 1087 5564 ipsa)
1115 5503 1326 5550 naturae
1355 5497 1636 5551 numerari
1668 5495 1864 5550 merito
1892 5509 2022 5548 nun.

2144 5500 2514 5571 πραγμάτων,
2556 5501 2651 5553 καὶ
2691 5497 2779 5552 ἐπ’
2804 5499 2990 5562 αὐτοῖς
3019 5498 3290 5568 ὑπάρχειν
3318 5498 3585 5566 προσήκει
3611 5494 3730 5554 τοῖς

451 5598 613 5652 quam
679 5587 1035 5642 destiterint?
1093 5586 1251 5654 Quod
1331 5590 1479 5644 enim
1527 5587 1582 5642 in
1659 5588 2022 5644 voluntatibus

2145 5594 2460 5664 πράγμασι,
2495 5593 2588 5646 καὶ
2627 5593 2795 5664 ἧκάκ
2832 5592 3041 5646 τούτων
3066 5591 3302 5646 ἀνέλωσι
3333 5590 3425 5642 τὸν
3463 5587 3726 5658 ἀριθμὸν,

523 5702 724 5826 ‘J5oan.
755 5720 862 5760 xxv.
903 5705 954 5772 9,
988 5705 1071 5772 10,
1155 5704 1353 5761 ‘Joan.
1389 5721 1443 5769 γ,
1483 5704 1574 5760 '50.
1651 5705 1672 5737 ³
1698 5703 1857 5761 Joan.
1916 5723 2022 5773 vm,

2126 5707 2176 5768 9,
2215 5706 2304 5762 40.
2383 5707 2404 5738 ⁸
2451 5705 2615 5762 Hebr.
2650 5722 2765 5773 xm,
2809 5706 2862 5762 8.
2939 5709 2960 5741 ⁸
2995 5705 3018 5760 ι
3049 5707 3174 5764 Cor.
3220 5726 3338 5778 vui,
3377 5709 3431 5764 6.
3476 5711 3530 5796 ,⁸
3563 5709 3728 5767 Rom.

453 5784 532 5832 ιιι
584 5784 638 5827 5.
