4082 6394
289 271 426 336 1125

1223 263 1604 327 ΡΑΝΟΙῚᾸΑ
1646 262 2112 326 DOGMATICA.
2150 288 2221 299 -
2259 262 2406 324 ΤΙΤ.
2436 262 2590 326 XXI.

3428 271 3568 338 “‘26

285 389 361 451 ῶς
385 388 467 439 ὅτι
488 385 612 436 κατ’
643 379 845 443 αὐτοὺς
879 375 1364 448 λυμαινόμενον,ἢ
1407 377 1674 447 μηδαμῶς
1705 393 1882 446 παρα-
1909 404 1922 437 λ

2027 389 2189 429 onum
2217 385 2514 443 aptumque
2545 385 2650 440 est,
2689 389 2810 446 quat
2838 375 3039 434 innatae
3072 378 3184 434 sint
3219 396 3418 452 resque
3437 399 3570 440 cou‘

289 481 626 542 σλάπτοντα,
651 474 747 526 καὶ
787 469 874 524 ἐπ’
896 471 1125 524 ἐκείνων
1150 469 1488 540 περιληφθῇ.
1532 469 1677 538 Πρὸς
1707 467 1880 536 δήλω-

293 593 382 630 σιν
414 574 517 642 τῆς
550 567 777 637 ὲνοὺσης
831 564 1016 627 αὑτοῖς
1075 563 1322 634 ἐμφύτου
1355 562 1646 632 διαφορᾶς,
1697 560 1769 614 δι’
1813 561 1883 634 ἢν

293 664 448 733 αὑτῷ
496 662 603 716 κᾶν
626 663 754 722 ταῖς
799 657 1018 720 οὐσίαις
1074 653 1578 726 προσχρώμεθαοῆ
1628 653 1874 720 δείξωςι,

1988 468 2218 522 stituant
2249 482 2314 522 ac
2347 469 2671 540 insigniant,
2737 470 2792 526 in
2822 472 2958 541 ipsis
3005 489 3225 543 quoque
3293 475 3458 533 rebus
3516 488 3576 532 ut

1985 561 2215 616 exsistat
2268 567 2602 619 conveniens
2635 565 2746 630 sit;
2810 575 2976 635 atque
3027 566 3164 620 adeo
3224 570 3302 622 vel
3365 573 3432 622 ah
3489 571 3576 626 his

1983 670 2205 726 quoque
2233 670 2520 711 numerum
2557 657 2834 724 auferant,
2893 659 3096 730 utqui,
3169 677 3265 731 per
3321 677 3437 730 eos,
3502 663 3580 716 la-

295 758 416 821 πῶς
448 757 524 829 μὴ
565 754 852 823 ἀναίρεσιν
900 748 1125 812 πάντῶς
1167 748 1200 819 ἢ
1251 747 1543 816 σύγχυσιν,
1590 745 1687 799 τοῦ
1742 746 1885 800 κατὰ

2027 761 2107 800 ειη
2144 757 2394 816 asserat;
2432 751 2539 815 vel,
2567 766 2691 804 cum
2723 752 2860 806 nihil
2890 752 3071 824 laedat,
3101 754 3154 810 in
3215 756 3325 811 illis
3357 771 3579 826 quoque

296 852 588 923 ἄνθρωπον
618 845 855 916 φυσικοῦ
885 842 982 896 τοῦ
1015 842 1273 911 Σωτῆρος
1300 839 1610 910 θελήματος
1641 838 1891 909 ἀπεργά-

298 946 512 1009 ζονται,
539 939 629 994 διὰ
662 939 762 1008 τῆς
789 937 935 990 κατὰ
963 934 1056 988 τὸν
1086 932 1321 1002 ἀριθμὸν
1347 932 1766 1002 παραιτήσεως.

1992 850 2343 908 assumatur;
2386 843 2452 898 ad
2485 845 2589 900 hoc
2641 845 2874 911 scilicet,
2912 857 2972 902 ut
3027 866 3150 921 quae
3206 851 3314 904 illis
3378 861 3575 905 natura

1994 930 2139 987 inest
2173 933 2456 991 distinctio
2489 937 2798 996 iuuetcscat
2833 959 2845 996 :
2882 946 3025 1011 quod
3072 958 3242 997 unum
3303 947 3354 997 in
3407 957 3577 1000 causa

298 1048 407 1103 est,
433 1042 492 1089 ut
519 1040 576 1089 et
603 1031 657 1086 in
694 1027 906 1084 nat-uris
943 1040 1231 1081 numerum
1265 1039 1600 1092 usurpamus
1629 1038 1645 1088 ;
1671 1030 1767 1075 aut
1793 1030 1945 1078 certe
2004 1027 2320 1092 ostendant,
2355 1030 2447 1099 qui
2474 1029 2568 1086 fiat
2599 1040 2656 1086 ut
2700 1035 3007 1088 naturalem
3043 1037 3344 1094 Salvatoris
3381 1040 3580 1095 volun-

302 1138 494 1194 talem,
526 1139 635 1194 qua
678 1119 895 1176 ratione
923 1124 1008 1172 est
1036 1117 1222 1183 homo,
1266 1129 1374 1171 non
1409 1116 1638 1170 omnino
1683 1111 1941 1169 auferant
1997 1122 2094 1169 aut
2163 1116 2520 1184 confundant,
2560 1120 2658 1191 qui
2707 1123 2830 1196 ejus
2883 1138 3107 1179 censum
3171 1141 3237 1181 ac
3291 1143 3581 1184 numerum

309 1225 603 1288 respuant.

377 1312 470 1382 Τῷ
499 1310 610 1381 γὰρ
667 1303 944 1376 θεωθῆναι
994 1305 1060 1375 τῇ
1115 1301 1253 1372 πρὸς
1313 1300 1447 1354 Θεὸν
1488 1297 1709 1364 ἐνῶσει,
1744 1297 1894 1354 καθά

308 1406 404 1460 καὶ
463 1404 562 1476 τὴν
613 1403 776 1472 φύσιν
826 1400 999 1466 αὐτὴν
1064 1399 1163 1469 τῆς
1219 1394 1458 1463 λογικῶς
1511 1411 1572 1448 τε
1632 1395 1730 1447 καὶ
1775 1409 1896 1445 νοε-

313 1499 423 1569 ρῶς
458 1493 819 1566 ὲψυχωμένης
852 1491 1080 1562 σαρκὸς,
1125 1487 1226 1557 τῆς
1278 1487 1403 1540 κατ’
1446 1487 1633 1540 οὐσίαν
1671 1485 1896 1552 ὀντότη-

310 1607 402 1653 τος
457 1589 557 1640 οὑκ
608 1585 912 1653 ἐξίστησινο
959 1580 1163 1650 ’ὥσπερ
1221 1579 1343 1631 οὐδὲ
1386 1577 1490 1646 τῆς
1549 1578 1759 1639 οίκείας
1803 1575 1896 1630 τὸν

2103 1297 2223 1353 Non
2304 1301 2448 1354 enim
2539 1305 2681 1371 quod
2752 1303 2908 1370 ha‘c,
2985 1307 3186 1361 unione
3262 1323 3383 1362 eum
3469 1309 3585 1366 Deo

1995 1392 2195 1448 deitate
2263 1394 2474 1450 imbuta
2545 1400 2638 1462 sit,
2698 1398 2844 1452 haud
2905 1416 3067 1454 secus
3139 1418 3204 1455 ac
3293 1405 3404 1470 ipsa
3483 1420 3580 1460 ua-

1997 1497 2118 1540 tura
2190 1487 2400 1554 carnis,
2462 1490 2656 1544 animae
2720 1492 2958 1560 praeditas
3005 1505 3190 1558 utepte
3266 1496 3482 1550 ratione
3527 1507 3582 1549 et

1999 1580 2336 1650 intelligente
2418 1597 2482 1638 eo
2564 1584 2821 1642 extrahit.
2897 1587 3040 1651 quod
3127 1587 3199 1638 illi
3290 1588 3588 1643 essentiale

314 1683 557 1754 σίδηρον,
615 1680 650 1748 ἠ
704 1678 849 1750 ἄκρα
896 1676 993 1729 καὶ
1057 1673 1125 1725 δι’
1162 1672 1285 1726 ὅλου
1345 1672 1486 1742 πρὸς
1521 1673 1580 1725 τὸ
1619 1669 1732 1742 πῦρ
1769 1687 1894 1722 συν-

2027 1673 2260 1739 xsistit;
2305 1673 2381 1727 uti
2444 1688 2626 1744 neque
2683 1675 2912 1737 ferrum,
2981 1679 3048 1732 ab
3081 1693 3147 1733 eo
3211 1679 3355 1749 quod
3413 1680 3488 1733 illi
3518 1695 3584 1733 ex

314 1772 620 1844 ανάκρασίς
673 1787 736 1824 τε
794 1769 889 1822 καὶ
947 1769 1166 1828 ἓνωσις·
1242 1763 1381 1818 ἀλλά
1425 1765 1627 1833 πάσχει
1677 1763 1776 1833 μὲν
1832 1762 1901 1815 τὰ

316 1869 513 1940 πυρὸς,
568 1866 758 1932 ἐπειδὴ
814 1861 927 1932 πῦρ
977 1865 1045 1932 τῇ
1097 1858 1293 1913 ὲνὼσει
1348 1858 1660 1927 γεγένηται’
1723 1854 1902 1926 βρίθει

319 1965 376 2016 δὲ
411 1960 572 2014 πάλιν
604 1957 748 2012 κατά
799 1954 987 2024 φύσιν,
1046 1953 1141 2006 καὶ
1167 1951 1382 2021 τέμνει,
1423 1949 1506 2002 ὅτι
1567 1947 1640 2019 μὴ
1697 1950 1798 2016 τῆς
1827 1948 1903 2000 oi-

321 2058 477 2120 κείας
503 2052 686 2123 λώϐην
710 2049 950 2104 πέπονθε
978 2045 1217 2117 φύσεως,
1272 2045 1304 2115 ἢ
1344 2042 1589 2113 φυσικῆς
1616 2043 1900 2113 ἐνεργείας

323 2149 520 2218 ἐξέστη
571 2146 633 2199 τὺ
681 2143 924 2197 σύνολον·
983 2139 1163 2194 καίτοι
1217 2137 1358 2208 μετά
1411 2136 1583 2206 πυρὸς
1636 2135 1902 2204 ὑπάρχων

321 2240 467 2294 κατὰ
487 2237 587 2308 τὴν
617 2235 786 2304 αὑτὴν
813 2232 909 2286 καὶ
966 2232 1097 2302 μίαν
1133 2229 1458 2290 ὑπόστασιν,
1489 2228 1584 2280 καὶ
1635 2225 1900 2279 ἀδιαστά-

323 2350 433 2394 τως
450 2329 614 2400 δρῶν,
642 2327 710 2380 τά.
746 2343 805 2379 τε
847 2325 990 2378 κατά
1019 2324 1182 2392 φύσιν
1210 2321 1367 2375 ίδίαν·
1405 2319 1549 2388 λέγω
1591 2319 1649 2372 δὲ
1681 2320 1782 2389 τὴν
1813 2336 1901 2372 το-

329 2427 462 2496 μήν·
490 2422 584 2476 καὶ
611 2420 681 2473 τὰ
721 2419 845 2473 καθ’
871 2418 1068 2471 ἕνωσιν
1099 2415 1274 2482 αὖθις,
1324 2416 1466 2484 ὅπερ
1496 2413 1644 2466 ἐστὶν
1679 2415 1712 2482 ἡ
1763 2412 1904 2466 καῦ-

329 2537 437 2580 σις.
469 2514 646 2570 Αὑτοῦ
677 2515 788 2585 γὰρ
811 2511 1077 2582 ὑπάρχει,
1107 2507 1366 2575 καθάπερ
1399 2509 1493 2557 και
1537 2504 1632 2556 τοῦ
1667 2505 1841 2574 πυρδς
1877 2505 1910 2574 ή

327 2613 492 2681 τομὴ,
515 2609 602 2662 διὰ
635 2608 733 2678 τὴν
764 2607 940 2671 ἄκραν
967 2605 1175 2656 τούτων
1203 2602 1285 2662 είς
1323 2598 1530 2668 ἄλληλα
1583 2595 1902 2667 περιχώρη-

333 2704 420 2757 σίν
444 2719 502 2756 τε
535 2702 632 2754 καὶ
684 2699 976 2754 ἀντίδοσιν·
1026 2695 1121 2748 καὶ
1180 2693 1305 2747 οὑτε
1355 2693 1454 2761 τὴν
1497 2693 1660 2761 φύσιν
1713 2688 1904 2752 αὑτοῦ,

333 2799 478 2868 φημὶ
498 2796 555 2850 δὲ
589 2793 684 2847 τοῦ
720 2794 966 2863 σιδήρου,
1015 2789 1118 2844 κᾶν
1151 2790 1289 2859 μετὰ
1322 2788 1495 2856 πυρὸς
1539 2785 1763 2856 ὁρᾶται,
1795 2797 1910 2836 κω-

332 2901 580 2970 λυόμεθα
602 2895 942 2966 τοπαράπαν
976 2889 1266 2961 ὀνομάζειν
1295 2885 1329 2956 ἢ
1364 2883 1639 2954 ἀριθμεῖν,
1673 2877 1798 2932 οὔτε
1819 2875 1918 2948 τὴν

340 2989 580 3061 φυσικὴν
606 2987 910 3057 ἐνέργειαν,
949 2984 997 3035 εἰ
1025 2980 1119 3034 καὶ
1149 2976 1288 3049 μετά
1313 2973 1563 3036 καύσεως
1592 2970 1918 3040 καθορᾶται,

341 3057 436 3136 καὶ
494 3057 768 3154 μήδεμίαν
819 3077 934 3147 ἔχει
989 3073 1126 3144 πρὸς
1175 3069 1384 3141 ταύτην
1439 3067 1744 3126 διάστασιν,
1805 3057 1918 3154 (in:

345 3175 596 3236 ἐνοειδῶς
630 3175 726 3226 σὺν
753 3172 892 3240 αὑτῇ
934 3185 995 3220 τε
1031 3168 1126 3220 καὶ
1167 3167 1226 3218 ὲν
1258 3163 1399 3232 αὐτῇ
1447 3156 1795 3228 διαφαίνεται
1824 3149 1922 3203 καὶ

345 3265 700 3336 γνωρίζεται,
756 3262 852 3326 Τίς
892 3255 984 3314 οὖν
1016 3261 1043 3312 ὁ
1091 3257 1269 3326 λόγος,
1327 3251 1421 3307 τοῦ
1456 3249 1517 3302 τὸ
1553 3243 1802 3318 φυσικῶς
1853 3242 1922 3336 τῇ

347 3329 507 3426 enicet
537 3353 742 3425 προσὸν
779 3351 854 3423 μὴ
889 3347 1165 3421 ἀριθμεῖν,
1191 3344 1435 3398 τουτέστι
1467 3338 1526 3392 τὸ
1557 3336 1791 3404 θέλημα,
1832 3329 1926 3384 καὶ

345 3447 522 3519 ταύτῃ
550 3446 610 3498 τὸ
638 3443 760 3498 καθ’
790 3442 938 3514 ἡμᾶς
972 3439 1159 3500 ἀτελὲς
1187 3435 1267 3506 τῷ
1303 3431 1590 3503 ὑπερτελεῖ
1614 3427 1707 3480 καὶ
1734 3438 1928 3493 προτε-

349 3511 623 3609 λείῳ
646 3511 1243 3605 Λόγῳνσεσαρκωμένῳ
1277 3519 1748 3595 προσμαρτυρεῖν,
1805 3511 1932 3609 καί·

351 3599 683 3686 τοίπὰντων
729 3599 947 3693 ἐπίσης,
975 3599 1199 3688 εὐδοκία.
1247 3612 1484 3684 Πατρὺς,
1516 3609 1612 3663 καὶ
1639 3599 1933 3673 συνεργείᾳ

357 3723 676 3792 Πνεύματος
709 3717 866 3786 ἁγίου
901 3717 987 3769 διὰ
1013 3712 1112 3784 τὴν
1140 3708 1296 3781 ἡμῶν
1325 3702 1626 3774 σωτηρίαν,
1650 3696 1775 3752 καθ’
1803 3695 1935 3792 ἓνωο

360 3828 442 3863 σιν
475 3808 571 3878 τὴν
597 3805 923 3859 ἀδιάστατον
969 3800 1076 3854 τῶν
1102 3799 1201 3868 τῆς
1227 3795 1448 3866 φύσεως
1478 3783 1930 3856 κεκοινωνηκότι,

2005 1765 2246 1819 essentia
2269 1775 2370 1833 est,
2400 1766 2640 1820 extrudit
2683 1783 2894 1821 summa
2954 1769 3096 1838 ejus,
3159 1779 3381 1839 totaque
3442 1773 3592 1825 mole

2006 1872 2132 1913 cum
2158 1858 2281 1928 igne
2304 1859 2739 1928 eontemperatin
2771 1868 2936 1929 atque
2959 1864 3089 1914 unio
3116 1879 3129 1915 :
3165 1863 3260 1918 sed
3293 1864 3434 1930 ignis
3463 1865 3592 1932 qui-

2008 1953 2130 2007 dem
2169 1952 2487 2006 all'ectioues
2523 1952 2736 2023 recipit,
2761 1967 2827 2008 eo
2885 1953 3030 2023 quod
3061 1969 3124 2007 ex
3191 1957 3392 2008 unione
3441 1956 3595 2010 velut

2012 2046 2152 2116 ignis
2190 2048 2364 2101 evasit
2392 2064 2406 2113 ;
2433 2061 2584 2115 grav:
2616 2056 2796 2099 tamen
2838 2062 3028 2101 rursus
3097 2049 3338 2116 pondere
3396 2058 3594 2101 natura

2011 2152 2121 2205 est,
2150 2149 2202 2193 et
2230 2149 2396 2204 secat,
2457 2140 2665 2196 idcirco
2693 2141 2956 2194 nimirum
3011 2139 3152 2208 quod
3216 2140 3338 2209 ejus
3387 2150 3600 2196 naturae

2013 2231 2164 2284 nulla
2199 2231 2350 2286 labes
2381 2232 2531 2285 illata
2557 2241 2663 2296 est,
2699 2247 2800 2286 nec
2829 2247 2859 2285 a
2893 2233 3130 2285 naturali
3188 2248 3418 2301 prorsus
3471 2249 3602 2303 ope—

2012 2325 2225 2378 ratione
2255 2326 2530 2389 exceSsit;
2567 2325 2669 2380 etsi
2720 2340 2842 2380 cum
2878 2329 3023 2394 igne,
3074 2325 3380 2380 secundum
3438 2342 3603 2380 uuam

2014 2417 2378 2485 eamdemque
2410 2415 2764 2472 subsistentis
2798 2417 3090 2482 rationem,
3139 2432 3242 2470 una
3279 2418 3514 2483 exsistit,
3539 2432 3606 2471 ac

2022 2506 2258 2562 indivise
2289 2518 2571 2577 operatur,
2596 2518 2709 2563 tum
2743 2524 2862 2578 quze
2893 2525 2960 2562 ex
2991 2510 3212 2579 propria
3247 2517 3442 2563 natura
3472 2517 3602 2563 sunt

2022 2600 2105 2672 (ut
2140 2616 2333 2669 nempe
2368 2601 2558 2671 secet)
2590 2610 2703 2655 tum
2735 2616 2935 2656 rursus
2962 2602 3103 2670 quod
3127 2619 3191 2656 ex
3220 2603 3422 2655 unione
3445 2616 3606 2658 acce-

2023 2695 2102 2747 dit
2131 2693 2360 2762 (scilicet
2401 2702 2456 2746 ut
2496 2705 2644 2748 urat.
2672 2694 2821 2749 lllius
2843 2696 2992 2750 enim
3032 2704 3140 2762 est,
3174 2694 3325 2765 quod
3358 2696 3490 2760 urit,
3523 2693 3608 2748 uti

2025 2784 2186 2839 etiam
2223 2784 2386 2852 ignis,
2409 2783 2555 2853 quod
2593 2794 2764 2850 secat,
2789 2786 2858 2840 ob
2889 2801 3162 2840 summam
3212 2786 3404 2840 horum
3463 2785 3610 2840 inter

2017 2889 2075 2928 se
2121 2873 2482 2942 iutimamque
2508 2876 2948 2944 penetrationem
2985 2890 3046 2928 ac
3090 2874 3604 2943 reciprocationem.

2016 2965 2097 3021 Ac
2149 2982 2327 3036 neque
2377 2967 2498 3037 ejus
2545 2977 2796 3021 naturam
2852 2966 3002 3032 (ferri
3056 2967 3289 3028 scilicet)
3340 2965 3441 3019 etsi
3496 2965 3609 3034 igni

2022 3059 2313 3128 conjuncta
2345 3059 2719 3129 conspicitur,
2749 3059 2860 3112 ullo
2898 3058 3064 3112 modo
3089 3059 3375 3112 nominare
3413 3057 3610 3126 probi--

2024 3149 2222 3203 bemur
2265 3158 2358 3228 aut
2410 3165 2722 3212 numerare,
2758 3165 2937 3218 neque
2986 3149 3292 3202 naturalem
3339 3148 3612 3216 operatio-

2025 3258 2149 3298 nem
2181 3259 2194 3295 :
2223 3258 2533 3312 quanquam
2578 3242 2694 3297 haec
2741 3243 2986 3297 cernitur
3032 3238 3226 3294 urendi
3265 3237 3468 3292 actioni
3521 3253 3615 3290 co—

2030 3347 2166 3398 mes,
2192 3348 2296 3388 nec
2316 3332 2384 3387 ab
2405 3349 2466 3388 ea
2491 3333 2793 3404 quidquam
2818 3332 3115 3396 dividitur;
3143 3329 3238 3385 sed
3266 3329 3617 3383 uniformiter

2029 3440 2152 3477 cum
2183 3441 2268 3490 ea,
2311 3434 2477 3494 atque
2523 3425 2578 3479 in
2623 3441 2688 3480 ea
2719 3425 2926 3480 dilucet
2965 3432 3126 3493 atque
3175 3421 3440 3476 noscitur.
3485 3418 3618 3484 Qua:

2030 3512 2197 3583 igitur
2225 3512 2366 3568 ratio
2393 3521 2454 3567 ut
2475 3512 2527 3566 id
2553 3528 2662 3566 non
2691 3509 3220 3589 numeremus_quod
3247 3516 3444 3562 natura
3475 3505 3619 3558 inest

2031 3611 2240 3658 natura:
2288 3603 2521 3674 (nempe
2569 3603 2946 3670 voluntatem)
2993 3617 3167 3671 eaque
3223 3602 3456 3664 ratione,
3504 3599 3622 3652 Deo

2031 3693 2212 3748 Verbo
2261 3692 2563 3757 inearnato,
2599 3695 2794 3764 majori
2835 3695 3046 3748 scilicet
3079 3693 3229 3746 omni
3277 3689 3623 3761 perfectione

2034 3786 2194 3855 eique
2230 3786 2517 3850 anteriori,
2562 3795 2624 3840 ut
2651 3803 2754 3842 nec
2796 3786 2961 3840 homo
2999 3785 3276 3854 perfectus
3309 3781 3378 3835 sit
3414 3780 3626 3835 tribua-

359 3873 613 3968 καθάπερ
638 3894 732 3950 οὖν
756 3894 962 3962 καὺτῆς
995 3890 1220 3952 τελείως
1241 3889 1341 3958 τῆς
1381 3885 1620 3953 φύσεως,
1665 3875 1822 3968 πλὴν
1841 3873 1922 3968 μόῖ

2038 3893 2192 3942 mus;
2245 3892 2558 3947 quanquam
2615 3878 2860 3932 omnium
2921 3877 3185 3949 perinde,
3244 3891 3367 3945 quae
3415 3881 3628 3927 naturae

361 4008 463 4063 νης
488 3963 595 4060 τῆς.
619 3988 915 4060 ἁμαρτίας,
950 3986 1032 4038 ὅτι
1079 3981 1215 4054 μηδὲ
1259 3981 1359 4050 τῆς
1405 3974 1620 4046 φύσεως
1661 3965 1752 4040 ἦν,
1804 3963 1922 4063 doti-5

2037 3977 2186 4034 sunt,
2234 3979 2434 4024 nostrae
2485 3970 2678 4024 salutis
2725 3985 2909 4031 causa,
2953 3985 3051 4039 per
3101 3967 3430 4022 indivulsam
3467 3963 3631 4016 unioa

364 4053 612 4153 γνώμτγς,
653 4053 806 4152 παρά
844 4079 936 4130 τὸν
983 4053 1149 4144 λόγον
1175 4073 1270 4127 καὶ
1303 4071 1396 4124 τὸν
1431 4066 1597 4138 νόμον
1642 4055 1922 4128 κεκινημὲ

2039 4077 2185 4125 nem,
2216 4077 2485 4132 prOpensa
2518 4063 2694 4117 Patris
2735 4062 3012 4115 voluntate
3059 4075 3122 4116 ac
3169 4057 3406 4127 Spiritus
3451 4053 3628 4107 sancti

365 4145 464 4244 νης
485 4145 596 4239 Vcs};
625 4145 864 4241 φύσεως,
894 4166 1135 4238 ὲκτροπὴ
1165 4166 1258 4218 καὶ
1281 4161 1586 4229 ὁλίσθημας

2042 4153 2450 4223 c00peratione,
2497 4153 2890 4208 commercium
2941 4151 3096 4214 iniit;
3141 4150 3222 4202 uti
3265 4149 3424 4217 plane
3461 4145 3629 4198 etiam

366 4273 538 4342 ipsius
584 4270 831 4342 perfecte
870 4267 1316 4322 communionem
1363 4272 1602 4321 naturae,
1644 4271 1757 4312 uno
1803 4253 2068 4308 duntaxat
2090 4255 2320 4318 excepto
2348 4253 2598 4318 peccato,
2663 4242 2809 4313 quod
2855 4240 3034 4310 ipsum
3097 4254 3168 4293 ne
3239 4243 3447 4290 naturae
3497 4231 3623 4302 qui-

370 4331 493 4419 dem
539 4331 797 4426 attinens,
841 4361 1008 4416 animi
1043 4356 1338 4412 voluntatis
1385 4351 1712 4420 arbitriique
1756 4356 1946 4402 contra
1985 4344 2251 4397 rationem
2291 4341 2576 4410 legemque
2622 4346 2833 4392 natura:
2881 4336 3051 4400 moti,
3118 4331 3394 4388 exerratio
3460 4339 3632 4396 atque

373 4458 556 4513 lapsus
587 4457 822 4511 exsistit.

429 4476 556 4529 psus
587 4476 822 4511 exsnsttt.

438 4547 547 4601 Καί
588 4564 678 4616 μοι
710 4545 939 4604 δεόντως
989 4538 1226 4608 μάλιστα
1254 4531 1440 4584 τούτου
1470 4547 1533 4598 γε
1561 4529 1722 4598 χάριν
1759 4525 1787 4577 ὁ
1818 4523 1922 4594 λεχι

2114 4522 2358 4590 Mihique
2408 4518 2676 4580 maxime,
2730 4514 2850 4585 ejus
2884 4511 2962 4566 rei
3013 4506 3189 4579 gratia
3237 4498 3638 4556 convenienter—

443 4595 546 4601 ""'
588 4595 676 4616 δ”-ν
920 4595 936 4604 ν
989 4595 1000 4608 ι
1483 4595 1493 4598 -
1564 4595 1595 4598 --
1638 4595 1646 4597 ν

367 4637 480 4701 θεὶς
508 4636 810 4704 ἐπιστήσας
844 4630 1099 4700 φαίνεται
1159 4622 1416 4697 μοναχὸς,
1474 4617 1568 4674 τοῦ
1619 4612 1852 4687 φυσικοῦ
1884 4611 1922 4665 τί

2047 4616 2346 4672 advertisse
2387 4611 2627 4672 videtur,
2667 4603 2971 4661 monachus
3012 4600 3124 4662 ille,
3176 4595 3334 4666 cujus
3382 4595 3632 4649 memini,

367 4690 649 4802 γνωμικὸν
678 4690 985 4785 διαστείλας
1022 4690 1352 4789 θελήματος.
1381 4713 1455 4767 Τὸ
1504 4712 1602 4783 μὲν
1640 4707 1772 4802 γὰρ,
1805 4723 1922 4802 κατ(

2050 4702 2178 4769 dum
2214 4708 2385 4763 animi
2427 4695 2801 4766 voluntatem,
2850 4693 3254 4761 arbitriumque
3298 4701 3363 4742 ac
3409 4690 3638 4738 sentenn.

2229 4783 2233 4790 ’
2535 4797 2570 4802 --
2698 4794 2712 4802 -
2805 4800 2811 4802 μ
2866 4800 2872 4802 .
2973 4788 3008 4802 ι.
3049 4785 3082 4802 _.
3168 4783 3204 4802 ,Α
3277 4779 3403 4802 “MA
3451 4776 3596 4802 lucrm

369 4799 460 4876 τὸν
483 4799 649 4876 αὑτοῦ
678 4816 862 4879 καλῶς
894 4814 1088 4884 ἔχοντα
1138 4805 1392 4879 ὁρισμὸν,
1427 4804 1668 4872 Δύναμις
1712 4799 1950 4867 ὑπάρχει

370 4914 464 4966 τοῦ
491 4912 631 4967 κατὰ
654 4910 816 4980 φύσιν
850 4908 1007 4970 θντος
1040 4901 1325 4976 ὀρεκτική.
1366 4899 1482 4952 Πᾶν
1532 4897 1645 4967 γὰρ
1686 4893 1817 4946 εἴτι
1843 4889 1952 4944 τῶν

375 5008 542 5060 ὖντων
568 5006 663 5060 καὶ
701 5004 938 5076 μάλιστα
959 4997 1218 5068 λογικῶν,
1259 4991 1504 5064 φυσικῶς
1533 4989 1629 5044 τοῦ
1673 4986 1815 5042 κατά
1854 4980 1955 5054 (εὑ-

381 5117 463 5152 σιν
488 5098 641 5159 ὖντος
673 5075 963 5166 ὀρέγεται,
1057 5090 1154 5144 κα)⁸
1180 5085 1372 5142 τούτου
1419 5083 1571 5154 παρά
1606 5078 1742 5133 Θεοῦ
1789 5075 1956 5131 λαϐὸν

383 5191 503 5245 κατ’
542 5187 734 5244 οὐσίαν
785 5185 899 5257 ἔχει
938 5184 1040 5254 τὴν
1075 5181 1328 5252 δύναμιν,
1373 5175 1507 5245 πρὸς
1564 5172 1826 5226 σύστασιν
1858 5167 1958 5239 τὴν

385 5278 603 5335 ἑαυτοῦ.
646 5279 710 5332 Εἰ
738 5256 849 5348 γὰρ
893 5275 989 5329 τοῦ
1031 5271 1175 5328 κατὰ
1213 5269 1373 5340 φύσιν
1401 5267 1556 5328 ὄντος
1587 5263 1687 5316 οὑκ
1717 5256 1959 5348 ἔχει-,τὴν

383 5370 584 5442 ὄρεξιν,
613 5368 705 5423 τοῦ
737 5345 999 5439 μηδαμῶς
1025 5362 1198 5427 ὄντος,
1227 5359 1388 5412 πόθεν
1414 5354 1507 5410 καὶ
1537 5351 1676 5414 πῶς,
1715 5345 1962 5442 μηδὸὶως

388 5435 624 5535 ὓπαρξιν
651 5461 685 5532 ἢ
729 5435 946 5528 κίνησιν
979 5456 1230 5527 ἔχοντοςς
1272 5451 1450 5506 Μόνον
1500 5445 1612 5528 γὰρ
1640 5438 1871 5535 ἀδρανὲς
1904 5435 1965 5489 τὸ

392 5560 467 5630 μὴ
497 5557 555 5612 ὃν
579 5556 672 5610 καὶ
700 5553 981 5608 ἀνούσιονο
1033 5549 1127 5602 καὶ
1162 5543 1414 5615 οὐδαμῶς
1447 5538 1568 5592 οὑδὲ
1627 5534 1728 5608 μία
1773 5531 1965 5586 τούτου

387 5649 618 5718 δύναμις
645 5648 700 5699 ὲν
729 5648 840 5707 τοῖς
868 5639 1020 5696 οὖσιν
1055 5639 1309 5710 ὑπάρχει,
1333 5633 1427 5688 καὶ
1456 5631 1689 5701 κίνησις.
1722 5624 1796 5678 Τὸ
1860 5622 1916 5674 δὲ
1951 5660 1968 5686 ,

393 5743 719 5813 αὐθαίρετος
750 5739 896 5810 ὁρμὴ
929 5736 1266 5802 καθέστηκε,
1289 5729 1382 5790 τὰς
1415 5725 1499 5794 ἐφ’
1532 5722 1767 5790 ἑκάτερα
1799 5734 1950 5813 ποιου

400 5837 539 5908 μένη
572 5831 998 5905 παρεκτροπάς·
1051 5826 1146 5881 καὶ
1200 5825 1259 5876 οὑ
1302 5820 1516 5891 φύσεως
1561 5815 1802 5885 ὑπάρχον
1838 5811 1961 5878 ἀφο-

2053 4783 2233 4867 ιίεηιι,⁸
2263 4817 2295 4857 a
2337 4797 2576 4854 naturali
2627 4794 2912 4850 voluntate
2957 4783 3227 4842 distinxit.
3277 4779 3408 4834 llaec
3449 4776 3642 4867 enim,

2049 4865 2209 4968 juxta
2249 4907 2392 4958 eam,
2448 4902 2612 4959 quam
2665 4884 2770 4940 rite
2813 4879 3061 4940 tradidit,
3111 4871 3512 4929 definitionem,
3544 4865 3646 4920 Vis

2055 4963 2160 5051 est,
2191 4985 2309 5055 ejus
2343 4987 2627 5051 appetens,
2654 4973 2802 5045 quod
2835 4978 2919 5027 est
2952 4964 3260 5024 secundum
3486 4963 3652 5010 natu-1

2061 5096 2199 5135 ram.
2251 5071 2529 5143 Quidquid
2586 5067 2734 5124 enim
2787 5077 2970 5123 rerum
3021 5072 3253 5129 usquam
3300 5061 3405 5114 cst,
3452 5062 3651 5104 earum

2063 5170 2296 5225 maxime
2321 5180 2442 5236 qua:
2466 5162 2677 5217 ratio-nc
2703 5163 2955 5220 utuntur,
2980 5151 3034 5206 id
3066 5148 3212 5220 quod
3241 5154 3326 5201 est
3352 5160 3418 5199 ex
3451 5151 3652 5196 natura

2064 5258 2292 5331 appetit,
2324 5230 2551 5326 ejusque
2581 5247 2870 5320 appetendi
2903 5243 3013 5298 vim
3045 5237 3413 5297 essentialiter
3442 5247 3472 5285 a
3514 5230 3653 5331 Deo,

2067 5325 2178 5423 quo
2209 5349 2289 5405 illi
2327 5325 2637 5404 substantia
2667 5356 2788 5406 sua,
2825 5353 2888 5392 ac
2922 5332 3072 5407 quod
3110 5337 3213 5394 est,
3245 5325 3521 5380 incolume
3556 5325 3654 5382 sit,

2069 5418 2302 5500 inditam
2334 5437 2563 5507 accepit.
2597 5433 2714 5488 Nisi
2753 5429 2901 5486 enim
2941 5427 3062 5497 ejus
3087 5418 3231 5492 quod
3258 5433 3326 5470 ex
3350 5421 3542 5469 natura
3569 5419 3661 5507 estl

2072 5501 2482 5606 appetitionem
2517 5527 2703 5591 habet,
2738 5521 2904 5582 unde,
2947 5529 3123 5586 quove
3159 5509 3324 5606 modo
3361 5507 3480 5606 ejus
3508 5501 3660 5573 quod

2076 5597 2183 5682 non
2226 5635 2330 5689 est,
2364 5631 2529 5691 atque
2559 5618 2697 5673 nihil
2732 5622 2837 5676 est,
2867 5609 3088 5668 habeat,
3123 5601 3272 5674 quod
3304 5597 3454 5691 omni
3489 5610 3660 5691 pror—~

2077 5735 2172 5774 sus
2215 5686 2456 5773 essentia
2505 5717 2766 5776 motuque
2803 5699 3020 5758 careat?
3063 5697 3250 5752 Solum
3295 5690 3444 5747 enim
3489 5686 3664 5740 imbe-

2079 5812 2200 5867 cille
2238 5818 2349 5872 est,
2400 5803 2547 5877 quod
2591 5817 2659 5855 nc
2706 5807 2788 5852 est
2828 5792 3083 5866 quidem,
3130 5785 3392 5855 omnique
3425 5777 3664 5835 essentia
