4082 6418
434 305 572 372 1127

1694 307 2081 370 EU'I‘HYMII
2120 309 2488 371 ZIGABENI

3584 305 3723 372 1128

437 447 622 505 caret;
654 453 758 494 nec
785 439 894 494 ulla
925 453 1152 509 prorsus
1181 437 1299 508 ejus
1328 435 1387 492 in
1417 436 1587 491 rebus
1615 437 1699 492 vis
1731 447 2023 508 motusque

2128 443 2392 516 ριστικδν,
2427 442 2563 497 ἀλλὰ
2598 441 2897 514 προσώπου
2937 441 3149 513 κυρίως
3181 441 3278 496 καὶ
3329 440 3707 506 ὑποστάσεως.

437 540 541 586 est.
577 531 703 586 Haec
741 547 907 602 porro
952 532 1125 587 libera
1155 529 1484 600 arbitriique
1515 531 1780 601 appetitio
1821 540 1927 597 est,
1966 532 2024 586 in

440 631 736 693 utrumque
781 621 1058 678 declinare
1102 630 1396 692 prmstans;
1433 623 1591 693 cujus
1638 621 1883 677 muneris
1915 631 2022 688 est,

440 730 552 769 non
590 724 650 770 ut
685 724 959 783 naturam,
995 717 1092 772 sed
1136 727 1199 772 ut
1233 731 1526 788 personam
1574 731 1640 772 ac
1687 716 2025 787 hypostasim

441 808 662 877 proprie
710 808 1008 864 discernat.
1058 808 1172 876 Qua
1219 826 1278 864 re
1318 819 1640 880 perspecta,
1679 809 1891 864 divisus
1935 810 2026 865 ille

443 899 793 970 hominisque
836 899 1017 955 cultor
1057 901 1378 966 Nestorius,
1425 901 1596 956 animi
1643 902 2026 966 voluntatum,

442 1005 540 1045 seu
586 992 986 1047 sententiarum
1030 994 1291 1049 unionem
1321 993 1487 1064 impie
1528 993 1737 1057 docuit,
1767 1001 1829 1049 ut
1856 995 2031 1049 altera

443 1084 670 1140 alteram
717 1086 1127 1142 subsistentiam
1169 1103 1568 1158 personamque
1600 1096 1895 1155 astrueret,
1923 1105 2031 1143 nu-

444 1176 656 1246 dusque
695 1177 771 1232 illi
807 1179 972 1234 homo
1000 1187 1309 1244 constaret;
1355 1196 1552 1250 nempe
1583 1180 1752 1234 animi
1795 1180 2030 1250 quadam

443 1268 726 1324 voluntate
774 1285 836 1324 ac
881 1270 1172 1335 sententia,
1224 1277 1487 1340 motuque
1531 1271 1708 1326 libero
1757 1271 1813 1325 in
1859 1272 2033 1326 Deum

445 1358 709 1424 Verbum,
737 1359 817 1413 uti
848 1360 964 1430 ipse
989 1361 1255 1430 loquitur,
1285 1360 1516 1415 conﬂata
1543 1362 1781 1428 unione;
1807 1376 1873 1415 ex
1903 1376 2031 1430 qua,

447 1451 697 1504 eamdem
748 1452 963 1506 consilii
1013 1468 1078 1507 ac
1127 1453 1428 1508 voluntatis
1478 1452 1769 1517 rationem,
1819 1469 1916 1508 seu
1953 1457 2035 1524 (ut

447 1541 636 1597 verius
669 1545 950 1614 magisque
985 1545 1207 1614 proprie
1253 1543 1469 1616 loquar)
1505 1545 1889 1615 multiplicem,
1923 1554 2037 1600 διας

450 1633 583 1697 tuit;
634 1643 839 1704 quanto
905 1636 1070 1689 etiam
1140 1635 1373 1706 singulis
1422 1636 1688 1706 paulatim
1737 1636 2038 1693 voluntatis

2126 535 2235 588 Καὶ
2258 532 2419 588 τοῦτό
2458 550 2524 603 γε
2561 533 2816 602 διαγνοὺς
2847 533 2876 586 ό
2925 531 3258 604 διῃρημένος
3294 530 3391 584 καὶ
3419 528 3712 602 ἅνθρωποι-

2125 627 2336 699 λάτρης
2363 625 2686 697 Νεστόριος,
2718 624 2956 695 γνωμῶν
2984 624 3180 679 ἕνωσιν
3225 623 3438 688 ἀσεϐῶς
3475 624 3713 695 ἐδογμά-

2127 736 2278 773 τισεν
2302 733 2317 750 ·
2360 717 2428 772 ἵν’
2459 716 2734 786 ἑκατέραν
2775 714 2840 768 δι’
2867 713 3138 786 ἑκατέρας
3179 713 3481 768 ὑπόστασιν
3513 715 3716 768 ἐπικυ-

2133 811 2305 883 ρώσῃ,
2334 811 2428 866 καὶ
2456 812 2485 864 ὁ
2526 807 2683 880 ψιλδς
2727 799 3019 878 ἄνθρωπος
3050 805 3201 878 αὑτῷ
3227 805 3471 879 τηρηθῇ,
3510 808 3714 879 γνώμῃ

2127 906 2237 959 τινὶ
2266 905 2361 958 κα)⁵
2390 902 2701 974 αὐθαιρέτῳ
2725 901 2942 971 κινήσει
2963 901 3029 971 τῇ
3060 899 3199 972 πρὸς
3226 899 3316 953 τὸν
3348 898 3484 952 Θεδν
3511 899 3713 967 Λόγον,

2129 997 2206 1059 ὡς
2238 995 2401 1058 αὑτός
2436 1010 2591 1063 φησι,
2624 993 2727 1063 τὴν
2754 991 2950 1046 ἕνωσιν
2989 990 3381 1061 ποιησάμενος,
3417 989 3476 1054 ἑξ
3518 983 3587 1062 ἧς
3616 990 3716 1044 καὶ
3794 1046 3806 1061 ,

2130 1088 2229 1160 τὴν
2254 1083 2644 1141 ταυτοόουλίαν
2670 1083 3008 1154 συνίστησιν,
3045 1081 3079 1153 ἦ
3123 1081 3507 1147 πολυὸουλίαν,
3533 1082 3716 1134 είπεῖν
3793 1093 3797 1096 ·

2132 1180 2496 1248 οἰκειότερον·
2527 1178 2637 1247 ὅσῳ
2677 1175 2772 1230 καὶ
2820 1174 2940 1229 καθ’
2993 1173 3231 1246 ἑκάστην
3275 1172 3371 1227 τοῦ
3430 1172 3716 1244 γνωμικοῦ
3782 1169 3784 1171 ’

2135 1272 2442 1343 θελήματος
2483 1268 2724 1339 κίνησιν,
2773 1269 2915 1321 κατὰ
2944 1266 3110 1338 μέρος
3151 1266 3216 1320 ὲκ
3245 1266 3358 1319 τῶν
3378 1265 3590 1320 ἀτελῶν
3621 1266 3720 1320 ἐπὶ

2135 1364 2204 1417 τὰ
2239 1363 2431 1433 ἐντελῆ
2473 1364 2597 1417 κατ’
2628 1360 2792 1416 αὑτὸν
2827 1361 2988 1421 ἵεται,
3045 1359 3325 1430 φερομένη
3356 1376 3416 1412 τε
3445 1360 3560 1412 καὶι
3581 1375 3720 1427 προ-

2136 1454 2415 1508 κόπτουσα
2438 1471 2452 1486 ·
2485 1453 2602 1508 ἀλλ’
2637 1451 2737 1506 οὑκ
2776 1451 2836 1516 ἐξ
2861 1451 3033 1520 αὑτῆς
3057 1453 3156 1520 τῆς
3195 1450 3481 1520 ἀφράστου
3517 1447 3718 1517 συλλή-

2136 1547 2304 1616 ψεως,
2330 1547 2460 1618 ὅλης
2493 1545 2712 1608 τελείως
2741 1543 2883 1616 μετὰ
2909 1543 3018 1597 τῶν
3041 1543 3213 1614 αὐτῆς
3243 1543 3522 1604 ἁπάντων,
3574 1539 3718 1611 πρὸς

2138 1639 2268 1710 ὅλην
2306 1637 2496 1692 καὶτὰ
2534 1637 2656 1691 κατ’
2685 1635 2854 1706 αὐτὴν
2885 1634 3123 1698 ἅπαντα,
3153 1633 3253 1706 τὴν
3294 1632 3573 1704 ἡμετέραν
3613 1630 3720 1700 φύ-

449 1725 621 1779 animi
675 1727 947 1792 motibus,
992 1743 1060 1782 ex
1108 1727 1445 1798 imperfectis
1491 1729 1558 1783 ad
1605 1728 1868 1799 perfecta,
1915 1737 2027 1784 ten-

2142 1746 2226 1782 σιν
2266 1732 2367 1799 τῆς
2396 1727 2490 1782 τοῦ
2543 1728 2719 1796 Λόγου
2756 1727 3030 1798 θεότητος,
3079 1725 3203 1780 καθ’
3247 1725 3546 1779 ὑπόστασιν
3583 1723 3720 1792 μίαν

450 1816 632 1873 dendo
676 1833 741 1873 ac
789 1819 1148 1889 proficiendo,
1198 1828 1258 1873 ut
1290 1820 1382 1875 ille
1427 1821 1706 1890 opinatur,
1753 1822 2027 1892 procedit;

2146 1820 2241 1874 ml.
2264 1817 2362 1890 τὴν
2396 1817 2566 1888 αὑτὴν
2590 1815 2905 1884 ένωθείσης.

451 1927 562 1966 ιιοη
597 1913 752 1982 quasi
785 1929 852 1968 ex
899 1914 1038 1984 ipsa,
1107 1915 1274 1970 nullis
1333 1915 1517 1972 verbis
1552 1915 1861 1986 explicabili
1908 1914 2289 1984 conceptione,
2332 1919 2446 1967 tota
2491 1909 2737 1981 perfecte
2779 1923 2904 1964 cum
2951 1906 3066 1962 suis
3107 1904 3388 1971 omnibus,
3425 1918 3550 1959 cum
3602 1910 3721 1957 tota

449 2007 678 2076 ejusque
723 2007 981 2062 omnibus
1030 2015 1228 2062 natura
1275 2014 1460 2062 nostra
1497 2049 1512 2075 ,
1561 2022 1732 2077 penes
1771 2024 1935 2063 unam
1962 2007 2323 2077 eamdemque
2385 2003 2797 2060 subsistentiam
2847 2014 2913 2054 ac
2974 2013 3302 2069 personam,
3340 1995 3509 2052 Verbi
3538 1993 3723 2049 deitas

453 2097 608 2152 unita
651 2099 742 2153 sit.

524 2190 593 2245 Ut
633 2190 834 2261 igitur,
870 2208 1036 2262 quem
1071 2192 1222 2258 dixi,
1272 2193 1614 2257 monachus,
1665 2201 1783 2248 tum
1829 2204 2027 2248 natura

2225 2191 2314 2254 Ὠς
2347 2189 2414 2244 ἂν
2447 2189 2628 2242 τοίνυν
2656 2185 2750 2240 καὶ
2781 2185 2843 2238 τὺ
2876 2183 3090 2246 ἐντελὲς
3116 2177 3455 2254 διακριδώσῃ
3484 2180 3585 2249 τῆς
3614 2179 3727 2248 φύ-

453 2283 847 2352 perfectionem
896 2284 953 2336 in
1003 2285 1116 2339 Deo
1163 2284 1448 2339 incarnato
1498 2293 1688 2339 exacte
1738 2292 2027 2357 statueret,

2145 2299 2284 2346 σεως
2325 2281 2419 2334 ἐπὶ
2455 2279 2551 2333 τοῦ
2588 2277 2968 2348 σαρκωθέντος
2997 2274 3156 2339 Θεοῦ,
3191 2275 3286 2329 καὶ
3315 2274 3378 2326 τὸ
3404 2271 3725 2342 ἀντικείμε-

455 2383 573 2428 tum
607 2375 1052 2430 contrarietatem
1083 2376 1424 2441 excluderet;
1460 2377 1699 2430 naturali
1729 2376 1786 2430 in
1817 2391 1883 2430 eo
1909 2391 2027 2430 con-

2142 2392 2232 2429 vov
2258 2371 2520 2444 διαρρίψῃ
2566 2373 2594 2424 ό
2628 2369 2838 2441 λεχθεὶς
2891 2368 3157 2439 μοναχός·
3219 2366 3281 2420 τὸ
3336 2366 3435 2433 μὲν
3489 2361 3726 2435 φυσικὸν

456 2475 649 2530 stituta
693 2472 998 2536 voluntate,
1031 2469 1382 2526 arbitrarium
1414 2469 1724 2540 dispunxit;
1757 2477 1817 2522 ut
1861 2483 2027 2538 neque

2135 2468 2336 2542 ὥρισεν
2370 2467 2457 2520 ἐπ’
2484 2452 2654 2522 αὑτδῦ
2679 2483 2696 2500 ο
2747 2467 2810 2520 τὸ
2837 2464 2898 2519 δὲ
2939 2467 3220 2538 γνωμικὸν
3255 2466 3586 2542 ἀποδιώρισε
3626 2469 3721 2524 θέ-

455 2562 711 2617 divisioni
741 2562 945 2627 locum,
978 2564 1323 2616 voluntatum
1366 2561 1421 2614 in
1459 2576 1527 2614 eo
1552 2560 1834 2622 conflictu,
1863 2558 2027 2624 daret1

2135 2563 2304 2635 λημα,
2344 2561 2483 2633 μήτε
2515 2563 2584 2633 τῇ
2611 2560 2878 2631 διαιρέσει
2924 2559 3110 2632 χώραν
3135 2560 3258 2624 δοὺς
3280 2560 3360 2632 τῷ
3391 2563 3716 2627 στασιάζειν

455 2670 632 2723 neque
670 2653 887 2707 inanem
940 2654 1177 2722 speciem
1221 2653 1534 2722 nudamque
1579 2649 1897 2722 imaginem,
1943 2665 2027 2718 pel

2135 2654 2192 2706 ὲν
2221 2652 2420 2723 τούτῳ,
2474 2653 2616 2722 μήτε
2650 2653 2717 2722 τῇ
2752 2651 3027 2724 φαντασίᾳ
3079 2651 3460 2722 παρείσδυσιν,
3502 2653 3580 2722 τῷ
3633 2654 3716 2722 μὴ

454 2745 757 2798 absentiam
800 2745 947 2798 illius
975 2753 1297 2798 arcesseret.
1326 2743 1421 2799 Sin
1449 2752 1633 2797 autem
1659 2742 1783 2812 quis
1812 2740 2027 2795 forsitar

2135 2745 2400 2816 ὑπάρχειν
2429 2745 2626 2797 έκεῖνο.
2662 2744 2724 2796 Et
2749 2743 2805 2795 δέ
2829 2760 2912 2804 τις
2937 2741 3100 2813 τυχὸν
3135 2741 3498 2813 ίσχυρίζεται,
3533 2743 3611 2814 μὴ
3642 2743 3714 2796 ἂν

456 2831 709 2894 atlirmet,
739 2831 854 2884 fieri
900 2847 1010 2883 non
1043 2845 1202 2899 posse
1235 2841 1295 2884 ut
1324 2831 1486 2884 aliter
1512 2830 1634 2884 duae
1662 2829 1718 2883 in
1749 2844 1816 2884 eo
1848 2828 2027 2883 dican-

2134 2835 2309 2898 ἄλλως
2337 2833 2424 2887 ἐπ’
2456 2831 2620 2886 αὑτοῦ
2647 2831 2894 2893 δυνατὸν.
2938 2831 2972 2902 ἢ
3012 2832 3136 2885 κατ’
3171 2831 3489 2885 ἐναντίωσιν
3523 2833 3596 2886 τὰ
3617 2832 3716 2888 δύο

459 2931 547 2972 tur
582 2920 914 2978 voluntates,
950 2935 1111 2988 quam
1143 2934 1241 2988 per
1264 2919 1709 2973 contrarietatem
1740 2933 1838 2972 seu
1866 2932 2027 2988 oppo-

2135 2925 2416 2996 θελήματα
2445 2922 2700 2992 λέγεσθαι
2722 2937 2736 2950 ⁸
2777 2922 2825 2974 εἰ
2865 2920 2965 2991 μὲν
2995 2920 3070 2983 ὡς
3102 2919 3224 2973 κατ’
3245 2919 3432 2973 οὐσίαν
3454 2920 3712 2991 διάφορα,

454 3010 745 3076 sitionem;
789 3010 1064 3080 siquidem
1109 3011 1182 3064 ita
1233 3010 1523 3080 intelligat,
1572 3019 1630 3064 ut
1675 3010 2027 3066 essentialitel

2132 3016 2287 3085 κάγὼ
2304 3015 2554 3085 δέχομαι,
2586 3015 2635 3066 εί
2665 3012 2723 3066 δὲ
2747 3013 2822 3076 ώς
2847 3011 3221 3083 ἀντικείμενα,
3252 3011 3456 3082 ψευδὴς
3480 3014 3508 3064 ὁ
3525 3012 3713 3081 λόγος.

453 3101 701 3156 diversas
730 3111 894 3170 atque
941 3101 1230 3157 distinctas
1274 3104 1427 3168 velit,
1460 3118 1563 3157 nec
1606 3097 1724 3173 ego'
1753 3118 1872 3158 eam
1913 3102 2027 3156 infi-

2133 3108 2206 3161 Οὑ
2242 3107 2351 3176 γὰρ
2382 3105 2436 3158 εῐ
2459 3123 2512 3159 τι
2541 3105 2798 3174 διάφορον
2827 3105 3047 3166 πάντως
3091 3104 3188 3156 καὶ
3209 3103 3607 3172 ἀντικείμενον,
3633 3102 3712 3155 Τὸ

453 3194 599 3259 cias;
636 3196 722 3248 sin
769 3206 950 3249 autem
999 3195 1307 3248 contrarias
1352 3203 1410 3248 et
1437 3210 1559 3264 qua:
1589 3195 1735 3249 inter
1781 3210 1840 3249 se
1875 3194 2027 3249 dissi-

2132 3199 2241 3270 γὰρ
2271 3197 2668 3268 ἀντικείμενον,
2703 3196 2929 3267 γνώμης
2956 3194 3282 3266 παραλόγως
3305 3193 3506 3266 δηλαδὴ
3529 3212 3712 3248 κινου-

452 3285 638 3348 deant,
675 3284 870 3338 falsum
912 3285 1171 3354 estquod
1215 3286 1441 3339 dicitur.
1473 3286 1594 3340 Non
1626 3287 1773 3340 enim
1817 3288 1862 3341 si
1905 3288 2038 3356 quid

451 3375 774 3429 distinctum
803 3391 866 3429 ac
895 3376 1197 3441 diversum,
1232 3377 1456 3432 omnino
1485 3379 1652 3432 etiam
1700 3379 2039 3435 contrarium

450 3477 536 3520 est
579 3475 743 3536 atque
791 3467 1102 3523 adversum.
1135 3469 1445 3525 Adversum
1491 3470 1763 3541 siquidem
1797 3487 1860 3527 ac
1905 3487 2039 3526 con-

2138 3291 2305 3364 μένης
2328 3307 2341 3320 ·
2377 3291 2441 3343 τὸ
2468 3289 2525 3342 δὲ
2561 3289 2845 3359 διάφορον,
2890 3285 3108 3356 φύσεως
3137 3285 3284 3356 λόγῳ
3324 3286 3712 3357 κρατουμένης

2133 3385 2294 3456 ἔργον
2321 3382 2662 3454 καθέστηκεν
2695 3382 2791 3434 καὶ
2817 3381 2879 3434 τὸ
2921 3379 3021 3451 μὲν
3045 3378 3262 3448 φύσεως
3297 3378 3707 3445 στασιαστικὸν,

2131 3477 2192 3530 τὺ
2216 3477 2272 3530 δὲ
2304 3475 2588 3546 προδήλως
2641 3471 2993 3527 συστατικόν.
3035 3469 3284 3542 Διαφορά
3322 3469 3719 3538 τοιγτοιγαροῦν

453 3559 708 3624 trarium,
764 3560 933 3614 animi
980 3562 1282 3616 voluntatis
1335 3571 1438 3628 est,
1493 3579 1557 3617 ac
1613 3564 1829 3618 arbitrii
1875 3566 2027 3619 aliter

2131 3567 2420 3639 οὑσιώδης,
2452 3568 2532 3628 είς
2563 3564 2824 3618 σύστασιν
2841 3562 2949 3616 τῶν
2974 3562 3034 3613 ἐν
3062 3562 3128 3631 τῇ
3159 3560 3322 3629 φύσει
3364 3553 3712 3629 πραγμάτων

449 3665 614 3718 quam
641 3665 708 3705 ex
733 3653 946 3706 ratione
967 3653 1132 3718 moti;
1159 3652 1440 3708 diversum
1475 3669 1608 3709 vero
1652 3671 1747 3710 seu
1953 3656 2027 3711 di-

2132 3659 2302 3720 ὲστὶν,
2333 3659 2395 3712 οὑ
2430 3657 2506 3727 μὴ
2553 3655 2896 3718 ἐναντίωσις,
2944 3649 3128 3726 [ἀλλὰ]
3179 3649 3320 3722 πρὸς
3357 3648 3456 3719 τὴν
3503 3649 3709 3702 τούτων

449 3741 734 3808 stinctum,
765 3753 996 3807 naturae,
1025 3760 1147 3814 quae
1178 3745 1390 3800 ratione
1435 3755 1677 3817 regatur,
1709 3761 1848 3816 opus
1886 3747 2027 3801 exsi.

2129 3749 2393 3804 διάλυσιν.
2429 3747 2503 3801 Οὑ
2541 3746 2649 3819 γάρ
2689 3745 2803 3815 ἔχει
2832 3746 2866 3814 ἡ
2894 3743 3056 3813 φύσις
3084 3741 3147 3796 τὺ
3180 3741 3330 3814 παρὰ
3353 3738 3515 3810 φύσιν
3537 3755 3552 3770 ο
3586 3738 3710 3792 οὑδὲ

447 3835 545 3888 stit
571 3852 584 3888 :
612 3842 778 3904 atque
819 3835 1054 3889 alterum
1087 3837 1333 3906 quidem.
1372 3847 1622 3892 naturam
1659 3853 1840 3908 pugna
1882 3851 2027 3892 com-

2130 3836 2289 3906 λόγος
2319 3836 2497 3900 οὐδεὶς
2525 3834 2621 3888 τοῦ
2655 3833 3068 3897 στασιάζοντος.

452 3921 654 3985 mittit;
697 3920 935 3972 alterum
974 3935 1094 3974 eam
1141 3921 1320 3989 palam
1371 3922 1570 3975 confiat
1605 3937 1670 3974 ac
1721 3919 2029 3975 constituit.
2067 3924 2390 3981 Essentialis
2416 3927 2601 3998 itaque
2643 3929 2952 3986 differentia
3000 3950 3064 3990 ae
3105 3933 3411 4000 distinctio,
3475 3950 3544 3989 eo
3603 3945 3711 4002 est,

451 4021 510 4065 ut
539 4027 626 4067 res
651 4011 706 4065 in
732 4022 928 4068 natura
991 4014 1294 4068 consistant
1335 4013 1554 4083 sintque
1613 4013 1952 4082 incolumes;
1988 4031 2100 4070 non
2136 4019 2216 4074 sic
2250 4022 2637 4090 contrarietas,
2669 4025 2766 4080 sed
2796 4032 2858 4079 ut
2894 4026 3265 4084 dissolvantur
3303 4043 3367 4083 ac
3411 4029 3712 4085 intereant.

447 4103 568 4158 Non
617 4105 766 4157 enim
809 4105 975 4160 habet
1022 4115 1217 4159 natura
1266 4106 1413 4175 quod
1463 4117 1676 4160 natura;
1718 4107 2029 4163 rationibus
2064 4109 2355 4167 adversum
2397 4121 2511 4181 est;
2540 4129 2645 4171 nec
2704 4118 2826 4189 ejus
2850 4119 2998 4190 quod
3026 4120 3395 4176 tumultuatur
3451 4137 3516 4177 ac
3543 4121 3712 4179 dissi-

445 4192 559 4256 det,
588 4193 699 4248 ulla
729 4194 786 4247 in
817 4194 982 4248 rebus
1008 4194 1145 4248 ratio
1169 4204 1271 4249 est.

521 4283 812 4350 Praeterea,
843 4285 889 4338 si
915 4283 1036 4338 duas
1060 4283 1375 4338 voluntates
1398 4282 1622 4337 omnino
1648 4283 1940 4338 contraria:
1963 4297 2027 4338 ac

444 4376 712 4449 oppositae
736 4383 884 4440 sunt,
906 4376 1050 4430 unde
1074 4383 1158 4430 cst
1183 4384 1242 4430 ut
1269 4390 1372 4429 nec
1404 4375 1457 4429 in
1487 4374 1709 4439 animis,
1740 4385 1936 4430 natura
1961 4392 2027 4434 ac

2206 4280 2421 4344 ’Ἄλλως
2457 4296 2541 4347 τε,
2584 4279 2634 4333 εῑ
2662 4278 2734 4333 τὰ
2765 4278 2860 4333 δύο
2889 4279 3174 4351 θελήματα
3223 4281 3442 4344 πάντως
3489 4281 3713 4338 ἐναντία

2129 4372 2227 4426 καὶ
2263 4373 2638 4444 ἀντικείμενα,
2677 4370 2800 4435 πῶς
2850 4372 2944 4426 ἐπί
2988 4389 3050 4425 τε
3098 4373 3208 4426 τῶν
3241 4373 3403 4442 φύσει
3439 4374 3532 4426 καὶ
3569 4375 3710 4427 ὑπο-

444 4485 678 4540 persona
712 4469 986 4535 discretis,
1025 4468 1081 4523 id
1107 4470 1331 4523 omnino
1363 4483 1429 4523 ac
1455 4482 1682 4537 prorsus
1707 4467 2026 4538 contingat?

2131 4468 2319 4522 στάσει
2344 4466 2694 4538 διῃρημένων
2723 4464 2981 4533 λογικῶν,
3022 4465 3082 4518 οὑ
3110 4464 3270 4518 τοῦτο
3301 4466 3479 4537 πάντη
3513 4483 3570 4518 τε
3611 4467 3712 4520 καὶ

445 4564 562 4618 Etsi
610 4563 758 4617 enim
808 4561 1110 4617 arbitrariae
1165 4560 1446 4629 animique
1507 4559 1820 4615 voluntates
1871 4572 2024 4629 sunt,

444 4656 774 4725 quandoque
824 4655 932 4709 illis
979 4655 1376 4717 consentimus,
1420 4653 1643 4722 Deoque
1687 4661 1743 4709 et
1795 4655 2025 4724 angelis,

447 4745 660 4814 ipsique
689 4746 782 4800 alii
813 4746 964 4811 aliis;
999 4761 1101 4799 nec
1145 4745 1352 4799 idcirco
1389 4745 1499 4815 jam
1528 4744 1773 4798 animum
1817 4747 1902 4799 sui
1930 4760 2024 4798 ar—

445 4835 687 4899 bitrum,
753 4838 981 4906 ejusque
1039 4837 1377 4891 voluntatem
1442 4835 1746 4891 amisimus.
1815 4836 2024 4889 Horum

441 4927 587 4980 enim
625 4927 668 4980 si
693 4928 964 4996 jacturam
1000 4927 1339 4991 fecissemus,
1371 4927 1562 4996 utique
1591 4927 1756 4981 etiam
1795 4941 2028 4981 concor-

443 5016 548 5070 diae
592 5032 715 5069 cum
747 5017 904 5081 aliis;
950 5018 1195 5086 quandiu
1228 5019 1376 5071 enim
1420 5018 1570 5072 illius
1600 5025 1883 5086 compotes
1927 5031 2024 5070 su-

443 5124 586 5172 mus,
623 5107 791 5162 etiam
836 5109 940 5161 alia
983 5125 1104 5177 quae
1148 5109 1386 5163 volentis
1433 5109 1600 5162 animi
1651 5116 1782 5162 sunt
1829 5107 2024 5176 suique

443 5199 659 5266 arbitri,
703 5207 974 5253 tenemus.
1010 5201 1146 5254 Cum
1194 5201 1310 5254 htec
1345 5200 1515 5269 igitur
1559 5201 1638 5254 sic
1668 5215 1725 5254 se
1759 5198 2021 5266 habeant,

441 5287 818 5359 nec‘usquam
856 5303 1037 5358 pugna
1091 5298 1386 5357 appareat,
1444 5291 1659 5343 tametsi
1716 5288 2024 5344 arbitrariae

441 5382 773 5444 voluntates,
833 5377 1154 5432 exsistentia
1211 5385 1373 5446 atque
1427 5393 1663 5432 numero
1719 5378 2024 5434 incolumes

441 5471 569 5533 sint,
603 5485 709 5540 qua
748 5467 1162 5525 necessitudine
1190 5468 1356 5522 animi
1388 5467 1562 5521 amice
1603 5469 2020 5538 consociantur;

441 5577 533 5629 qui
566 5561 644 5623 fit,
682 5569 742 5614 ut
775 5563 831 5616 in
864 5577 972 5615 uno
1009 5561 1316 5630 eodemque
1361 5561 1473 5614 Deo
1497 5560 1677 5615 Verbo
1713 5561 2019 5629 incarnato,

441 5663 505 5699 ac
537 5647 777 5716 perfecte
810 5651 984 5705 nostri
1018 5665 1182 5706 causa
1224 5650 1371 5704 facto
1404 5649 1646 5716 homine,
1681 5666 1800 5720 qua:
1841 5650 1893 5704 ei
1927 5667 2016 5706 es-

442 5739 745 5795 sentialiter
776 5753 973 5800 natura
1001 5745 1315 5801 voluntates
1347 5744 1556 5813 insunt,
1593 5743 1883 5802 contrarise
1907 5743 2020 5798 sint

2128 4560 2347 4623 πάντως
2363 4559 2672 4630 συμϐαίνει.
2694 4555 3029 4627 Συννεὺομεν
3049 4557 3161 4626 γὰρ
3187 4557 3335 4610 ἔστιν
3362 4558 3450 4611 ὅτε
3471 4557 3708 4624 τούτοις,

2128 4651 2306 4706 καίτοι
2339 4652 2640 4720 γνωμικοῖς
2671 4644 2817 4714 οὖσι,
2856 4648 2951 4700 καὶ
2988 4647 3130 4718 Θεῷ,
3162 4653 3259 4702 καὶ
3297 4649 3574 4717 ἀγγέλοις,
3609 4652 3710 4704 καὶ

2127 4742 2400 4812 ἀλλήλοις,
2452 4740 2567 4793 ἀλλ’
2620 4740 2682 4792 οὐ
2718 4739 2809 4792 διὰ
2836 4737 2995 4792 τοῦτο
3021 4739 3126 4808 τῆς
3179 4737 3404 4808 γνώμης
3448 4740 3572 4811 ἤδη,
3609 4743 3708 4795 καὶ

2126 4833 2220 4887 τοῦ
2259 4833 2381 4884 κατ’
2414 4831 2588 4902 αὐτὴν
2619 4831 2950 4902 θελήματος,
2985 4830 3470 4902 διαπεπτώκαμεν.
3503 4833 3566 4886 Et
3595 4833 3704 4904 γάρ

2124 4923 2356 4987 τούτων,
2391 4924 2486 4977 καὶ
2525 4925 2624 4995 τῆς
2659 4925 2794 4996 πρὸς
2825 4925 2955 4987 τοὺς
2978 4922 3170 4986 ἄλλους
3211 4923 3458 4994 δηλονότι
3485 4925 3703 4980 συννεύ-

2127 5033 2288 5079 σεως,
2329 5016 2490 5087 είπερ
2545 5014 2652 5078 ἓως
2698 5015 2908 5085 ταύτην
2957 5015 3177 5086 ἔχομεν,
3233 5016 3329 5068 καὶ
3368 5017 3479 5070 τῶν
3528 5018 3706 5072 ἄλλων

2125 5107 2422 5178 γνωμικῶν
2477 5107 2844 5178 ἀντεχόμεθα.
2889 5107 2953 5160 Εί
2982 5105 3078 5160 οὖν
3117 5106 3351 5160 ἐνταῦθα
3393 5107 3573 5171 τοῦτο,
3609 5109 3707 5161 καλ¹

2118 5197 2377 5268 ,οὐδαμῶς
2420 5198 2702 5265 ἀντίταξις
2760 5197 3087 5268 καθορᾶται,
3143 5197 3322 5250 καίτοι
3381 5197 3708 5266 σωζομένων

2128 5289 2361 5360 ὑπάρξει
2397 5305 2457 5341 τε
2498 5289 2594 5342 καὶ⁴
2620 5289 2841 5359 ἀριθμῷ
2891 5289 3002 5341 τῶν
3033 5287 3329 5358 γνωμικῶν
3358 5287 3704 5358 θελημάτων,

2125 5383 2223 5435 καὶ
2244 5379 2342 5450 τὴν
2377 5377 2600 5448 φιλικὴν
2640 5380 2696 5430 ὲν
2750 5377 2935 5449 σχέσει
2968 5377 3246 5431 διάθεσιν·
3296 5377 3415 5441 πῶς
3471 5379 3565 5430 ἐπὶ
3609 5376 3704 5430 τοῦ

2123 5469 2288 5524 αὑτοῦ
2305 5470 2401 5523 καὶ
2427 5469 2545 5532 ένδς
2574 5467 2954 5539 σαρκωθέντος
2975 5466 3110 5521 Θεοῦ
3131 5467 3328 5535 Λόγου,
3358 5468 3456 5521 καὶ
3480 5467 3706 5528 τελείως

2122 5561 2189 5614 δι’
2231 5562 2376 5633 ἡμᾶς
2408 5560 2951 5630 ὲνανθρωπήσαντες,
2987 5561 3047 5612 έν
3088 5560 3204 5622 τοῖς
3251 5559 3499 5628 φυσικῶς
3529 5575 3704 5630 προσ-

2123 5650 2273 5705 οὖσιν
2296 5650 2444 5720 αὑτῷ
2472 5651 2592 5702 κατ’
2623 5649 2813 5702 οὐσίαν
2845 5648 3167 5721 θελήμασιν,
3183 5648 3500 5712 ἐναντίωσις
3523 5648 3698 5704 ἔσται.

2122 5742 2248 5808 Πῶς
2274 5743 2331 5796 δὲ
2365 5741 2538 5795 ταῦτά
2567 5759 2730 5810 φασιν
2772 5741 3013 5809 ἐναντία,
3047 5741 3115 5795 δι’
3145 5743 3307 5798 αὐτόν
3333 5760 3396 5812 γε
3431 5742 3520 5796 τὸν
3542 5741 3702 5814 ἀριθ-
