4082 6418
384 335 524 401 1129

1327 333 1707 393 PANUPUA
1748 334 2209 396 DOGMATICA.
2250 359 2322 371 -
2359 334 2506 395 TIT.
2552 334 2707 394 XXI.

3501 330 3642 397 1130

388 477 509 544 μὸν,
542 472 575 543 ἦ
629 470 721 523 καὶ
752 468 823 521 δι’
845 465 979 520 αὐτὸ
1010 466 1064 519 τὸ
1096 466 1384 536 ὑπάρχειν.
1416 464 1478 517 El
1512 465 1610 533 μὲν
1654 465 1741 520 διὰ
1779 465 1951 530 ’τοῦτο1

2061 471 2225 531 atque
2250 462 2573 519 discordes?
2599 462 2719 528 Quo
2750 472 2933 516 autem
2961 460 3127 517 modo
3153 463 3462 517 contrarias
3490 478 3639 519 asse-

386 564 481 618 καὶ
512 564 610 631 τὴν
638 559 799 629 φύσιν
821 556 1052 610 ἀνέλωσι
1085 556 1183 623 τῆς
1212 554 1439 623 σαρκὸς,
1468 554 1858 626 ἀντικειμένην
1882 556 1961 625 τῷ

382 655 545 723 Λόγῳ
566 651 656 705 διὰ
682 651 784 721 τὴν
808 647 1066 718 ὓπαρξιν.
1099 646 1288 714 Πολλῷ
1316 645 1426 713 γὰρ
1481 645 1852 716 ἰσχυρότερον,
1884 647 1960 710 ὠς

384 745 553 797 πᾶσιν
579 739 822 809 εὔδηλον,
856 739 936 800 είς
964 735 1262 801 ἀντίταξιν,
1284 734 1346 787 τὸ
1376 733 1759 804 ὑποκείμενον,
1789 736 1883 788 τοῦ
1902 737 1959 788 ὲν

384 832 732 901 ὑποκειμένῳ
759 827 1116 898 καθέστηκεν.
1146 827 1206 880 El
1224 826 1279 879 δὲ
1296 824 1383 878 διὰ
1407 825 1566 895 μόνον
1586 823 1677 876 τὸν
1700 825 1954 894 ἀριθμὸν,

382 923 478 977 καὶ
506 919 693 976 τούτου
727 920 825 982 τὰς
850 917 1043 987 φύσεις
1072 917 1315 988 ἐρήμους
1368 916 1663 986 ποιήσωσι,
1692 916 1788 968 καὶ
1820 916 1956 985 μηδὲ

384 1014 517 1084 μίαν
549 1011 731 1066 αὐτῶν
761 1009 1202 1081 ἀριθμείτωσαν;
1254 1006 1733 1077 παραιτεῖσθωσαν
1771 1008 1828 1061 δὲ
1860 1009 1955 1062 καὶ

381 1104 546 1157 πάλιν
581 1102 745 1157 αὑτὸν
778 1101 867 1154 διὰ
922 1100 1023 1168 τὴν
1069 1099 1239 1169 αὐτὴν
1273 1099 1473 1162 αἰτίαν,
1530 1098 1670 1151 κάπὶ
1712 1099 1823 1151 τῶν
1852 1100 1952 1170 τῆς

383 1193 514 1262 μιᾶς
551 1190 644 1243 καὶ
671 1190 910 1260 ἀνάρχου
958 1188 1216 1259 θεότητος
1249 1187 1421 1258 τριῶν
1462 1188 1837 1253 ὑποστάσεων,
1866 1190 1952 1242 ἴνα

383 1283 461 1352 μὴ
488 1282 715 1351 κάκείνη
745 1279 1016 1357 στασιάζη
1048 1280 1187 1349 πρὸς
1211 1279 1435 1350 ἑαυτὴν,
1483 1280 1601 1333 ἀλλ’
1648 1279 1848 1334 ἄτοπόν
1885 1298 1949 1350 γε

379 1373 459 1443 τῷ
492 1372 659 1444 μηδὲν
696 1371 810 1425 ὄντι
836 1371 898 1424 τὸ
930 1370 1149 1423 σύνολον
1182 1410 1198 1435 ,
1303 1371 1405 1422 οὐκ
1452 1371 1629 1433 οὐσία,
1670 1372 1730 1424 οὑ
1775 1372 1948 1437 ποιὸν,

377 1466 480 1518 οὐκ
511 1464 637 1518 ἄλλο
664 1480 717 1517 τι
738 1463 845 1516 τῶν
869 1462 1059 1527 ὄντων,
1096 1462 1546 1530 ἰσχὺν-τοσαύτην
1572 1462 1945 1533 ἀποκληροῦν·

378 1554 724 1625 ἀτοπώτερον
749 1553 826 1618 δὲ,
867 1552 964 1607 καὶ
992 1552 1089 1620 τὴν
1122 1552 1358 1621 ὓπαρξιν
1388 1552 1559 1622 αὐτὴν
1589 1551 1683 1605 τοῦ
1715 1552 1948 1621 φυσικοῦ

381 1644 684 1715 θελήματος
716 1640 1019 1708 αἰτιᾶσθαι,
1055 1641 1353 1695 κάντεῦθεν
1398 1642 1500 1711 τὴν
1543 1642 1821 1713 ἀναίρεσιν
1851 1642 1945 1696 αὑο

375 1735 472 1789 τοῦ
517 1733 973 1799 κατασκευάζειν.
1020 1730 1132 1786 Καὶ
1168 1731 1363 1795 ταῦτα,
1392 1731 1503 1786 τῶν
1554 1732 1735 1785 ἄλλων
1780 1735 1838 1785 ὲν
1880 1736 1946 1804 τῇ

2063 564 2212 618 runt,
2265 556 2483 609 numeri
2521 556 2756 620 ratione,
2803 568 2872 608 an
2907 562 2965 609 et
3009 554 3125 623 ipsa
3172 554 3535 609 cxsistentia?
3564 558 3643 612 Ac

2061 644 2333 713 siquidem
2373 644 2518 697 hanc
2563 658 2787 697 causam
2833 643 3045 708 dicunt,
3075 643 3241 697 etiam
3271 644 3454 699 carnis
3483 655 3645 700 natu-

2063 751 2197 797 ram,
2225 742 2291 789 eo
2322 733 2471 803 quod
2496 734 2729 791 exsistit.
2756 733 2937 788 Verbo
2977 733 3362 788 adversantem
3405 738 3645 790 sustule-

2062 826 2192 879 rint.
2227 826 2409 895 Longe
2443 824 2590 879 enim
2622 823 2706 893 (ut
2738 823 2914 877 cuivis
2950 822 3296 893 exploratum
3326 823 3430 895 est)
3469 827 3645 895 major

2060 914 2321 967 contrarii
2369 913 2453 968 vis
2496 913 2552 967 in
2583 928 2688 976 eo,
2738 913 2886 981 quod
2936 912 3131 983 ipsum’
3162 914 3470 984 subjectum
3522 926 3640 978 est,

2060 1022 2224 1075 quam
2252 1006 2399 1075 quod
2428 1007 2482 1061 in
2510 1006 2759 1075 subjecto
2784 1005 3164 1060 exsistentiam
3192 1006 3378 1061 habet.
3409 1006 3505 1061 Sin
3544 1022 3645 1060 au-

2061 1105 2170 1151 tem
2205 1098 2322 1152 sola
2355 1097 2571 1151 numeri
2618 1097 2758 1151 ratio
2784 1095 2970 1161 oiIicit,
2999 1097 3145 1151 hanc
3187 1106 3243 1151 et
3270 1098 3487 1152 naturis
3521 1099 3642 1152 adi-

2064 1196 2235 1251 mant,
2281 1196 2645 1257 neutramque
2678 1203 2871 1243 eorum
2920 1188 2977 1242 in
3010 1204 3271 1244 numeros
3300 1198 3505 1258 ponant
3538 1207 3549 1241 :
3576 1204 3643 1244 ac

2064 1294 2259 1333 rursus
2306 1279 2486 1348 ipsum
2532 1280 2602 1335 ob
2644 1280 2893 1336 eamdem
2928 1296 3170 1345 causam,
3217 1296 3321 1338 nec
3360 1282 3416 1335 in
3461 1281 3642 1336 tribus

2064 1372 2228 1425 unius
2266 1378 2593 1440 aeternaque
2621 1372 2850 1426 Deitatis
2884 1373 3158 1442 personis,
3191 1389 3259 1427 ne
3294 1382 3351 1427 et
3391 1373 3482 1427 illa
3523 1372 3641 1442 ipsa

2059 1477 2249 1517 secum
2279 1461 2563 1527 dissideat,
2595 1462 2907 1517 admittant.
2940 1465 3009 1517 At
3045 1478 3175 1517 sane
3207 1464 3530 1527 absurdum,
3561 1470 3637 1528 ei,

2059 1553 2157 1621 qui
2186 1551 2326 1605 nihil
2357 1566 2584 1621 prorsus
2610 1552 2702 1618 sit,
2734 1567 2845 1606 non
2882 1553 3207 1617 substantia,
3242 1568 3353 1607 non
3380 1554 3637 1623 qualitas,

2059 1658 2169 1699 non
2213 1642 2363 1697 aliud
2395 1644 2526 1712 quid
2560 1658 2756 1699 eorum
2784 1643 2987 1712 quibus
3030 1659 3215 1699 rerum
3262 1660 3461 1716 genera
3504 1659 3636 1699 ceno

2056 1742 2270 1797 sentur,
2303 1735 2414 1788 vim
2444 1742 2647 1788 tantam
2672 1734 2983 1800 ascribere;
3019 1735 3290 1805 longeque
3316 1735 3638 1796 absurdius.

371 1824 535 1894 φύσει
562 1822 880 1894 πρωτίστην
915 1815 1084 1874 οῦσαν
1109 1819 1354 1890 φυσικῶν
1383 1818 1695 1888 ἰδιωμάτων
1726 1818 1822 1872 καὶ
1862 1814 1950 1870 κι-

2057 1823 2231 1892 ipsam
2264 1822 2524 1876 naturalis
2560 1822 2857 1879 voluntatis
2883 1823 3268 1879 exsislentiam
3319 1840 3384 1879 ac
3432 1825 3646 1885 verita—

374 1911 637 1981 νημάτωιι
668 1908 913 1979 ἔμφυτον
945 1907 1201 1978 δύναμιν.
1242 1909 1402 1961 Κατὰ
1449 1907 1658 1977 ταύτην
1710 1908 1823 1977 γὰρ
1858 1908 1953 1978 μό-

370 2018 493 2069 νην,
518 2000 614 2054 τοῦ
647 1997 786 2055 εἶναι
809 2002 903 2053 καὶ
939 1999 1066 2069 ζῇν,
1095 2000 1189 2052 καὶ
1228 1998 1518 2060 κινεῖσθαι,
1551 1999 1645 2052 καὶ
1666 2000 1832 2064 νοεῖν,
1856 2000 1951 2053 καὶ

367 2092 578 2158 λαλεῖν,
613 2094 708 2147 καί⁵
740 2093 1121 2157 αἰσθάνεσθαι,
1164 2092 1260 2145 καὶ
1287 2093 1541 2161 μετέχειν
1573 2091 1807 2161 τροφῆς,
1846 2088 1952 2144 ῦπ-

368 2202 463 2239 νου
488 2201 548 2237 τε
578 2185 674 2238 καὶ
708 2182 1097 2247 ἀναπαύσεως,
1139 2183 1232 2235 καὶ
1262 2181 1339 2251 μὴ
1384 2178 1742 2247 ἀλγύνεσθαι,
1810 2177 1946 2249 μηδὲ

366 2276 645 2348 θνήσκειν,
673 2277 768 2331 καὶ
791 2275 979 2340 ἁπλῶς
1011 2276 1266 2349 ἁπάντων
1295 2272 1405 2326 τῶν
1437 2268 1817 2326 συνιστὼντων
1847 2269 1947 2340 τὴν

366 2368 557 2438 φύσιν,
595 2369 742 2439 ἔχειν
783 2368 1006 2431 τελείως
1057 2366 1155 2429 τὰς
1192 2366 1358 2431 ἕξεις,
1411 2360 1646 2417 καὶτῶν
1682 2359 1947 2431 λυμαινο-

368 2462 551 2533 μένων
578 2464 675 2525 τὰς
717 2461 1008 2531 στερίσεις,
1043 2461 1289 2528 φυσικῶς
1313 2458 1599 2528 ἐφιέμεθα.

2059 1925 2165 1971 tein
2196 1915 2318 1984 ejus
2340 1930 2654 1981 arcessere;
2692 1927 2855 1985 atque
2880 1917 3005 1971 inde
3068 1931 3190 1971 eam
3264 1915 3635 1972 amoliendam

2056 2016 2326 2061 astruere.
2346 2008 2426 2061 Ac
2458 2006 2539 2060 vel
2570 2006 2830 2072 maxime,
2865 2022 2987 2061 cum
3024 2009 3164 2061 inter
3190 2006 3434 2076 reliquas
3480 2016 3640 2060 natu-

2056 2096 2198 2150 rales
2227 2095 2590 2163 proprietates
2616 2109 2680 2150 ac
2716 2104 2914 2159 motus,
2940 2095 3125 2149 innata
3180 2098 3295 2150 haec
3330 2095 3409 2151 vis
3471 2094 3638 2151 facile

2056 2189 2309 2257 princeps
2339 2188 2591 2243 exsistat.
2646 2185 2783 2242 Nam
2832 2190 3133 2244 secundum
3189 2188 3332 2245 hanc
3363 2203 3527 2243 unam
3583 2197 3673 2265 et,

2053 2292 2174 2332 esse
2206 2284 2262 2329 et
2289 2275 2472 2330 vivere
2516 2284 2571 2332 et
2608 2278 2812 2332 moveri
2847 2285 2903 2332 et
2952 2278 3279 2348 intelligere,
3315 2287 3370 2333 et
3404 2278 3551 2346 loqui
3583 2285 3639 2332 et

2052 2371 2278 2435 sentire,
2314 2370 2603 2440 cibumque
2631 2383 2873 2433 sumere,
2910 2378 2965 2423 et
3022 2383 3217 2424 somno
3261 2370 3497 2425 recreari
3572 2383 3638 2424 ac

2052 2462 2260 2531 quiete,
2314 2469 2369 2515 et
2396 2476 2507 2515 non
2576 2460 2762 2516 dolere
2820 2476 3000 2530 neque
3051 2462 3188 2516 mori
3233 2478 3251 2527 ;
3300 2476 3636 2530 prorsusque

374 2562 455 2627 (ut
492 2557 656 2610 volbo
686 2556 887 2627 dicam)
908 2557 1153 2611 omnium
1184 2559 1251 2612 ad
1282 2566 1494 2614 natura:
1528 2560 1977 2623 incolumitatem,
2008 2560 2322 2616 facientium
2357 2561 2597 2629 perlecte
2654 2559 2870 2623 habitus
2932 2560 3204 2625 nancisci,
3237 2560 3417 2630 iisque
3444 2573 3637 2615 carere

366 2665 490 2722 quae
515 2650 582 2705 ad
611 2650 891 2707 interitum
919 2652 1146 2722 ducunt,
1191 2656 1516 2713 naturaliter
1547 2658 1879 2729 appetimus.

434 2754 548 2809 Καί
586 2769 681 2825 μοι
718 2754 972 2822 φαένεται
1015 2756 1119 2810 κάν
1145 2756 1325 2827 τούτῳ
1355 2758 1751 2831 προσηκόντως
1795 2761 1951 2832 ποιή-

2105 2758 2188 2815 Ac
2219 2757 2358 2814 mihi
2397 2770 2621 2827 quoque
2648 2772 2713 2814 ea
2750 2756 2920 2811 etiam
2950 2767 3106 2829 parte
3136 2758 3393 2814 consulto
3431 2759 3630 2817 fecisse

365 2863 493 2913 σας,
522 2845 667 2901 κατὰ
712 2846 805 2900 τὸν
846 2845 1014 2900 αὐτοῦ
1064 2848 1296 2917 ὁρισμὸν
1329 2848 1358 2900 ό
1408 2850 1645 2921 εὐλαϐὴς
1698 2853 1951 2923 μοναχὸς,

2050 2851 2275 2916 videtur,
2313 2850 2370 2904 in
2416 2862 2515 2905 sua
2560 2847 2906 2913 definitione,
2955 2846 3406 2919 religiosissimus
3439 2865 3630 2905 mona—

363 2938 463 2991 καὶ
514 2937 774 3009 προσθεὶς
824 2939 907 2993 τό·
946 2957 966 2990 ι
1006 2939 1119 2993 Καὶ
1170 2938 1280 2993 τῶν
1342 2942 1619 3006 οὑσιωδῶς
1674 2946 1743 3015 τῇ
1793 2945 1951 3014 φύσει

2050 2943 2196 3007 :hus,
2229 2942 2361 2996 dum
2405 2950 2462 2996 et
2510 2941 2629 2996 haec
2660 2940 2874 2995 addidit
2912 2957 2927 2994 :
2979 2959 2996 2991 ι
3034 2940 3104 2995 Et
3136 2956 3330 2996 carum
3377 2942 3629 2997 omnium

364 3029 702 3101 προσόντων,
740 3029 1066 3101 συνεκτικὴν
1096 3029 1315 3084 πάντων
1341 3032 1668 3103 ἰδιωμάτων.
1707 3052 1727 3085 ι
1770 3035 1951 3089 Πάντα

2050 3034 2457 3104 amprietatum,
2487 3046 2611 3102 quae
2639 3030 3009 3086 essentialiter
3037 3040 3250 3086 natura;
3279 3032 3490 3098 insunt,
3514 3032 3628 3087 vim

363 3120 475 3191 γὰρ
504 3120 592 3173 ἀεὶ
624 3122 858 3191 συνέχει,
890 3123 987 3175 καὶ
1022 3122 1269 3193 συνέχειν
1315 3124 1552 3193 ὲφιέται,
1598 3125 1693 3178 καὶ
1741 3126 1951 3190 οὐδενὸς

2050 3125 2522 3183 :onservatricem.
2563 3144 2581 3176 ι
2633 3123 2829 3179 Omnia
2877 3125 3030 3179 enim
3080 3138 3299 3193 semper
3340 3134 3633 3178 conservat

364 3210 514 3280 ἔχειν
541 3210 643 3281 τὴν
676 3210 956 3283 στέρησιν,
982 3213 1048 3265 τὸ
1072 3213 1331 3277 οὐσιῶδες
1358 3217 1417 3270 ὲν
1437 3215 1573 3285 ἡμῖν
1598 3216 1694 3269 καὶ
1716 3216 1951 3287 ἔμφυτον

2050 3236 2099 3276 Ic
2126 3220 2401 3283 continet,
2429 3216 2753 3287 appetitque
2781 3231 3115 3271 conservare
3145 3229 3210 3269 ac
3233 3214 3385 3269 nullo
3414 3229 3628 3280 carere,

365 3300 600 3372 θέλημαο
637 3302 840 3372 μᾶλλον
891 3303 952 3356 δὲ
1005 3306 1211 3375 ἡμεῖς,
1246 3305 1315 3360 δι’
1369 3306 1538 3361 αὐτοῦ
1583 3324 1646 3361 τε
1690 3312 1787 3361 καὶ
1834 3310 1951 3362 κατ’

2050 3322 2158 3380 luat
2181 3308 2239 3362 in
2267 3307 2430 3363 nobis
2458 3305 2772 3361 essentialis
2796 3320 2860 3361 ac
2895 3305 3082 3359 innata
3104 3305 3361 3359 voluntas
3387 3313 3502 3369 est;
3533 3320 3632 3361 seu

363 3393 521 3448 αὐτόν
563 3395 660 3447 καὶ
700 3389 857 3463 οἶμαι
887 3394 982 3449 τὸν
1034 3395 1131 3449 καὶ
1169 3396 1352 3459 ποσῶς
1380 3397 1475 3451 τοῦ
1508 3398 1681 3463 ὄντος,
1711 3400 1849 3454 ἀλλὰ
1878 3399 1951 3472 μὴ

2050 3418 2137 3458 nos
2170 3402 2356 3473 potius
2388 3415 2488 3471 per
2518 3414 2662 3464 eam,
2693 3410 2873 3468 exque
2909 3397 3059 3451 illius
3098 3395 3340 3461 ratione;
3367 3394 3635 3449 arbitror-

360 3486 460 3541 τοῦ
488 3487 775 3552 δοκοῦντος
816 3487 975 3557 λόγον
1019 3488 1366 3561 ποιούμενον,
1402 3490 1768 3561 συνθήσεσθαι
1818 3493 1960 3547 πάν-

360 3596 475 3643 τως
493 3579 579 3643 δὴ,
608 3581 706 3634 καὶ⁵
727 3580 805 3643 ὡς
834 3580 1127 3652 ἄνθρωπον
1156 3582 1249 3635 τὸν
1282 3581 1640 3652 σαρκωθέντα
1665 3582 1819 3647 Θεὸν,
1852 3601 1957 3653 φυ-

364 3669 687 3739 σικὸνέχειν
716 3671 814 3723 καὶ
841 3670 1185 3741 ἀνθρώπινον
1212 3671 1426 3742 θέλημα
1446 3689 1460 3703 ο
1486 3673 1580 3725 καὶ
1613 3672 1721 3726 τῶν
1751 3675 1954 3744 ἀπηριο

364 3760 395 3813 θ
406 3760 676 3832 μημὲνων
708 3761 945 3816 ἕκαστον
980 3762 1156 3817 θέλειν
1191 3763 1312 3817 κατ’
1348 3764 1484 3818 αὐτὸ
1512 3766 1787 3835 φυσικῶς,
1821 3767 1955 3838 πρὸς

364 3852 634 3907 πίστωσιν
657 3854 758 3924 τῆς
786 3854 988 3924 νοερῶς
1014 3854 1179 3908 αὑτοῦ
1205 3856 1299 3911 καὶ
1322 3856 1563 3924 λογικῶς
1598 3858 1960 3929 ὲψυχωμένης

367 3945 596 4017 σαρκὸς,
625 3947 788 4017 εἴπερ
816 3947 1031 4011 τέλειος
1056 3949 1346 4021 ἄνθρωπος
1376 3950 1593 4018 γέγονε,
1637 3953 1827 4023 μηδενὶ
1848 3956 1959 4007 τῶν

366 4038 654 4109 ἡμετέρων
697 4038 1045 4110 λειπόμενος,
1101 4041 1243 4113 πλὴν
1285 4043 1452 4113 μόνης
1501 4043 1602 4114 τῆς
1655 4044 1955 4114 ἁμαρτίας·

366 4129 504 4182 ἀλλὰ
538 4129 718 4183 πάντα
751 4129 893 4201 ἔχων
920 4131 1023 4185 ὅσα
1071 4132 1166 4185 καὶ
1209 4134 1404 4204 ἡμεῖς,
1438 4135 1867 4207 ἀπαραλείπτως
1892 4138 1956 4192 τὸ

366 4220 519 4275 κατὰ
539 4222 703 4292 φύσιν
732 4224 1037 4277 συστατικὰ
1076 4226 1177 4295 τῆς
1220 4228 1501 4299 ἡμετέρας
1531 4229 1741 4293 οὐσίας,
1771 4230 1955 4302 ὥσπερ

366 4309 463 4367 οὖν
505 4316 600 4375 καὶ
625 4314 697 4368 τὰ
725 4318 837 4387 τῆς
862 4315 1103 4386 ἀνάρχω
1132 4317 1230 4370 καὶ
1268 4318 1443 4384 θείας,
1477 4320 1544 4373 δι’
1568 4314 1644 4375 ῶν
1671 4321 1956 4395 ἄνθρωπον

367 4405 560 4459 ἑαυτὸν
595 4406 733 4476 ὁμοῦ
790 4409 885 4461 καὶ
930 4408 1064 4461 Θεὸν
1108 4408 1239 4463 ὅντα
1286 4411 1494 4481 κυρίως
1531 4412 1826 4484 ἐγνώριζε,
1865 4417 1955 4470 καὶ

2035 3510 2144 3565 que
2178 3495 2407 3550 omnino
2451 3508 2832 3557 assensurum,
2879 3490 2974 3561 qui
3020 3492 3141 3561 ejus
3181 3488 3331 3560 quod
3377 3504 3507 3543 vere
3547 3498 3633 3544 est

2036 3586 2306 3657 tantisper
2337 3583 2609 3638 rationem
2642 3582 2865 3647 haheat,
2900 3595 3013 3634 non
3038 3582 3161 3651 ejus
3182 3579 3331 3649 quod
3363 3578 3514 3632 inani
3544 3592 3635 3632 so-

2033 3681 2147 3736 lum
2179 3678 2391 3749 specie;
2425 3678 2597 3732 Deum
2634 3676 3003 3740 incarnatum,
3036 3682 3096 3728 ut
3123 3673 3287 3728 etiam
3324 3673 3629 3739 hominem,

2034 3770 2276 3827 naturali
2317 3777 2483 3839 atque
2532 3768 2773 3822 humana
2816 3765 3102 3820 voluntate
3144 3763 3438 3835 praeditum
3474 3777 3627 3829 esse;

2034 3879 2211 3936 caque
2256 3862 2471 3934 singula
2516 3874 2639 3931 qum
2673 3869 2997 3914 enumerata
3037 3866 3187 3921 sunt,
3234 3856 3539 3911 secundum
3570 3871 3632 3912 se

2035 3968 2231 4013 natura
2273 3958 2437 4020 velle,
2463 3954 2532 4009 ad
2558 3953 2743 4008 carnis
2772 3967 2885 4007 suae
2923 3950 3277 4005 astruendam
3322 3948 3507 4015 ﬁdem,
3544 3950 3629 4002 in-

2038 4050 2403 4121 telligentium
2432 4061 2583 4101 more
2614 4060 2678 4099 ac
2702 4044 2979 4098 utentium
3010 4042 3224 4096 ratione
3252 4041 3542 4105 animata};
3571 4050 3632 4095 ut

2035 4140 2129 4211 qui
2162 4141 2280 4209 ipse
2314 4137 2483 4191 homo
2512 4134 2809 4205 perfectus,
2842 4133 2996 4186 nullo
3036 4146 3252 4196 eorum,
3279 4146 3403 4200 qua:
3443 4140 3632 4183 nostra

2036 4241 2186 4301 sunt,
2224 4232 2575 4294 deficeretur,
2628 4243 2739 4282 uno
2786 4226 3052 4281 duntaxat
3091 4225 3315 4294 dempto
3364 4232 3627 4294 peccato;

2036 4325 2133 4383 sed
2156 4339 2279 4395 qua:
2311 4321 2476 4377 nobis
2503 4326 2805 4389 suppetunt
2830 4317 3034 4379 omnia,
3076 4324 3430 4384 nostramque
3473 4323 3633 4367 natu-

2035 4416 2225 4471 raliter
2268 4410 2631 4468 substantiam
2666 4408 2928 4469 conllant,
2974 4407 3129 4460 nullo
3162 4405 3479 4460 desiderato
3530 4404 3629 4458 ha-

370 4497 469 4568 τὴν
517 4497 656 4567 πρὸς
706 4499 878 4569 ἡμᾶς,
916 4500 1014 4554 καὶ
1061 4501 1154 4555 τὸν
1205 4478 1429 4573 Πατέρα
1464 4478 1693 4569 τελείως
1724 4506 1951 4577 φυσικὴι

2050 4514 2219 4571 )eret;
2253 4504 2333 4558 uti
2368 4504 2529 4573 plane
2559 4500 2724 4557 etiam
2756 4515 2877 4569 quae
2923 4498 3315 4567 sempiternam
3346 4482 3511 4566 atque
3542 4496 3630 4550 di-

372 4588 699 4655 συγγένειαν
730 4589 1068 4657 διασώζοντα
1120 4594 1258 4663 μετὰ
1300 4592 1399 4663 τὴν
1424 4594 1641 4648 ἕνωσιν.

2035 4597 2252 4663 vinam;
2302 4593 2508 4665 quibus
2553 4607 2611 4647 se
2660 4591 2943 4645 hominem
2990 4589 3151 4642 simul
3184 4589 3467 4657 Deumque
3498 4601 3633 4641 vere

362 4679 790 4746 demonstravit,
833 4693 899 4737 ac
929 4680 1021 4753 qui
1048 4680 1291 4751 perfecte
1342 4680 1627 4737 nobiscum
1658 4685 1713 4734 et
1778 4694 1902 4734 cum
1961 4677 2127 4736 Patre
2195 4680 2503 4736 naturalem
2566 4676 2906 4740 aliinitatem,
2968 4682 3093 4743 post
3151 4673 3318 4728 etiam
3377 4671 3637 4726 unionem

362 4784 519 4827 serva
529 4780 635 4827 ret.

432 4862 511 4917 Τὸ
528 4862 638 4936 γὰρ
660 4862 732 4933 δὴ
766 4863 979 4933 λέγειν,
1010 4864 1087 4929 ὡς
1115 4865 1173 4918 ὲν
1208 4863 1287 4934 τῷ
1328 4864 1506 4936 καιρῷ
1540 4863 1686 4936 μόνῳ
1709 4861 1805 4916 τοῦ
1838 4879 1943 4914 σω-

362 4956 554 5026 τηρίου
590 4955 818 5021 πάθους,
860 4956 1023 5026 ἡνίκα
1048 4956 1111 5009 τὸ
1142 4957 1413 5026 ἡμέτερον
1441 4957 1647 5010 ὶτύπου
1682 4972 1945 5026 πραγμα-

361 5048 532 5111 τικῶς
561 5049 620 5102 ιν
656 5049 856 5116 ἑαυτῷ,
900 5050 998 5103 καὶ
1027 5051 1103 5114 ὡς
1158 5050 1448 5120 ἄνθρωπος
1508 5052 1811 5124 παρῃτεῖτο
1851 5049 1943 5102 τὸν

364 5139 615 5207 θάνατον,
639 5141 733 5194 δύο
752 5143 1196 5214 θελήματαξέχων
1220 5140 1519 5206 ἐδείκνυτο,
1543 5140 1941 5209 ἀποφαντικὸν,

362 5233 464 5286 οὐκ
486 5235 871 5291 ἀποδεικτικόν
900 5255 993 5308 μοι
1029 5237 1202 5301 δοκεῖ,
1236 5237 1359 5299 Πῶς
1388 5236 1496 5305 γὰρ
1519 5236 1576 5287 ὲν
1602 5234 1778 5303 τούτῳ
1799 5233 1946 5305 μόνῳ

362 5323 441 5393 τῷ
458 5326 668 5397 καιρῷ,
703 5328 799 5381 καὶ
838 5327 913 5400 μὴ
942 5328 1051 5399 πρὸ
1098 5327 1318 5392 τούτου,
1376 5328 1473 5381 καὶ
1527 5326 1600 5380 δι’
1625 5326 1819 5396 ἥντινα
1847 5325 1945 5396 τὴν

365 5418 566 5472 αἰτίαν.
622 5421 686 5473 El
720 5420 825 5490 μὲν
854 5423 964 5492 γὰρ
989 5418 1104 5491 εἶχε
1146 5421 1291 5486 τότε,
1325 5422 1423 5474 καὶ
1468 5420 1564 5475 ἀπ’
1594 5420 1772 5490 ἀρχῆς
1799 5415 1945 5488 εἶχεν

372 5509 430 5572 ἐξ
465 5503 535 5562 οῦν
576 5511 805 5579 γέγονεν
853 5512 1162 5582 ἄνθρωπος,
1215 5513 1331 5567 ἀλλ’
1361 5515 1462 5585 οὐχ
1505 5512 1739 5582 ὕστερον
1792 5515 1945 5581 ἐσχε-

366 5601 577 5655 θέασεν*
617 5605 666 5657 εί
705 5603 763 5656 δὲ
805 5603 901 5658 ἀπ’
933 5605 1108 5675 ἀρχῆς
1156 5607 1257 5658 οὐκ
1292 5601 1455 5675 εἶχεν,
1492 5606 1551 5658 οὐ
1596 5605 1652 5657 δὲ
1690 5604 1831 5657 κατὰ
1860 5603 1950 5655 τὸν

365 5695 558 5763 καιρὸν
582 5693 678 5748 τοῦ
714 5695 945 5759 πάθους,
968 5697 1106 5749 ἀλλὰ
1133 5697 1293 5766 μόνον
1313 5697 1583 5765 ὲφάντασε
1618 5696 1718 5765 τὴν
1745 5695 1949 5765 παραί-

363 5804 544 5858 τησιν,
575 5788 669 5840 καὶ
703 5788 841 5857 πρὸς
870 5787 1046 5858 ταύτῃ
1101 5790 1169 5841 τὰ
1199 5789 1359 5843 λοιπὰ
1391 5790 1462 5842 δι’
1483 5786 1557 5845 ὧν
1593 5789 1941 5860 σεσώσμεθα,

686 5883 957 5944 ΡΑΤιιοι.
1007 5882 1125 5946 Gn.
1173 5884 1431 5946 CXXX.

2127 4862 2279 4930 Qum]
2316 4862 2459 4917 enim
2495 4861 2615 4931 quis
2644 4861 2812 4923 dicat,
2838 4859 3097 4914 salutaris
3124 4860 3388 4912 duntaxat
3429 4857 3639 4927 passio-

2054 4958 2141 5012 nis
2178 4969 2421 5026 tempore
2450 4954 2693 5025 (quando
2727 4953 2987 5006 nimirum
3018 4960 3260 5006 nostram
3289 4952 3341 5005 in
3376 4966 3435 5007 se
3458 4951 3639 5017 reipsa

2054 5060 2264 5104 natura:
2291 5048 2525 5117 speciem
2580 5046 2922 5116 praeferebat,
2974 5054 3136 5116 atque
3166 5054 3225 5100 ut
3264 5046 3428 5099 homo
3488 5057 3640 5098 mor-

2055 5149 2161 5195 tem
2202 5137 2511 5209 recusabat)
2545 5139 2683 5195 duas
2700 5140 3004 5208 prmtulisse
3032 5138 3469 5202 voluntates,sic
3495 5138 3639 5190 uitro

2053 5233 2158 5288 dici
2190 5233 2657 5303 existimo,neque
2673 5249 2804 5289 vero
2819 5233 2924 5287 ulla
2960 5242 3111 5288 certa
3154 5235 3363 5287 ratione
3395 5232 3637 5300 probari.

2046 5327 2156 5383 Cur
2190 5325 2334 5381 enim
2357 5325 2450 5380 illo
2481 5325 2749 5380 duntaxat
2792 5325 3056 5394 temporis
3103 5323 3353 5387 articulo,
3416 5331 3470 5375 et
3523 5335 3634 5375 non

2046 5430 2196 5486 ante,
2225 5433 2459 5489 quamve
2488 5419 2556 5473 ob
2582 5416 2842 5473 causam?
2875 5417 2931 5473 Si
2960 5417 3180 5485 quidem
3207 5416 3350 5469 enim
3389 5423 3500 5467 tum
3534 5412 3639 5466 ha-

2048 5513 2233 5579 bebat,
2258 5529 2285 5565 τι
2316 5512 2589 5583 principio
2621 5512 2785 5566 etiam
2842 5509 3052 5572 habuit,
3080 5523 3146 5562 ex
3173 5523 3281 5577 quo
3342 5505 3522 5561 factus
3553 5515 3641 5560 est

2050 5604 2235 5671 homo,
2263 5616 2368 5658 non
2398 5615 2585 5673 postea
2618 5604 2833 5658 ascivit.
2869 5600 2925 5656 Si
2950 5601 3095 5656 enim
3133 5616 3160 5653 a
3198 5600 3471 5670 principio
3529 5613 3638 5652 non

2048 5699 2260 5765 habuit,
2288 5712 2465 5767 neque
2500 5708 2743 5766 tempore
2769 5695 3082 5765 passionis;
3133 5695 3229 5748 sed
3281 5693 3456 5747 solum
3518 5692 3640 5758 opi-

2048 5791 2209 5847 nione
2244 5792 2343 5847 hoc
2377 5791 2565 5861 gessit,
2597 5798 2653 5846 ut
2691 5790 2900 5845 scilicet
2926 5797 3156 5843 mortem
3195 5788 3498 5855 refugeret,
3538 5796 3626 5839 at-

3293 5881 3369 5938 36
