4082 6392
441 301 573 370 1131

1639 314 2021 375 EUTUYMII
2063 316 2425 378 ZlGABENl

3572 325 3713 391 1132

431 463 541 520 que
582 447 747 501 etiam
794 444 1029 513 reliqua,
1070 442 1274 512 quibus
1313 440 1547 495 salutem
1589 443 1774 509 adepti
1803 454 2017 506 sumus,

2130 447 2236 502 οἷον
2274 450 2336 502 τὸ
2364 450 2629 520 δάκρυον,
2674 452 2778 522 τὴν
2808 453 2998 525 εὐχὴν,
3034 454 3136 525 τὴν
3180 456 3377 530 λύπην,
3425 463 3525 534 τὴν
3561 466 3712 535 ἀγω-

433 541 710 611 expleret;
744 534 1055 608 cujusmodi
1106 541 1239 589 sunt
1284 533 1466 599 ﬂetus,
1516 546 1731 602 preces,
1773 532 2018 598 tristitia,

431 631 631 687 mortis
673 644 867 700 pavor,
902 641 1059 689 crux,
1089 639 1260 688 mors,
1286 623 1588 694 sepultura.
1623 622 1744 679 Uno
1775 624 1926 678 enim
1952 640 2021 679 ex

350 698 371 754 δ
434 727 521 791 iis,
550 698 755 794 quzeiin
790 735 858 775 eo
899 734 1000 790 pro
1031 719 1268 772 humana
1300 717 1513 772 ratione
1553 716 1826 771 naturalia
1870 717 2019 772 exsi-

432 823 606 878 stunt,
636 813 919 881 abrogato,
943 822 1124 879 neque
1149 808 1360 879 reliqua
1383 809 1705 864 consistent.
1732 808 2020 875 Quomodo

426 907 579 961 enim
615 920 726 958 non
772 901 909 958 illud
955 901 1203 971 quidem,
1254 900 1372 955 haec
1413 899 1579 956 vero?
1613 914 1805 970 quwve
1840 899 2019 954 ratio?

429 1006 527 1051 aut
571 1010 694 1066 quae
723 993 1004 1048 rationum
1051 1006 1252 1062 pugna,
1284 991 1341 1049 in
1580 1005 1649 1046 eo
1694 991 1845 1061 quod
1875 1000 2018 1057 orat,

429 1088 854 1156 naturalemque
902 1092 1100 1156 sponte
1135 1083 1511 1139 inﬁrmitatem
1548 1083 1756 1153 (carnis
1782 1084 2018 1156 scilicet)

428 1183 630 1236 timore
660 1195 725 1234 ac
765 1193 971 1249 pavore
1015 1176 1277 1242 ostentat,
1309 1191 1416 1232 nec
1456 1191 1686 1247 prorsus
1722 1176 2017 1242 obnititur,

429 1276 527 1331 sed
561 1275 640 1330 ait
668 1293 684 1330 :
710 1272 767 1330 Si
812 1272 1053 1346 possibile
1080 1282 1177 1327 est.
1221 1272 1291 1327 Et
1324 1289 1339 1325 :
1373 1270 1487 1326 Non
1537 1272 1663 1342 quid
1699 1288 1794 1343 ego
1836 1272 2013 1340 velim,

427 1369 519 1422 sed
560 1367 685 1438 quid
718 1373 774 1419 tu
806 1371 859 1432 ις
886 1364 1207 1433 fortemque
1248 1363 1516 1418 adversus
1547 1373 1803 1429 mortem,
1850 1372 2018 1435 atque

430 1462 671 1514 alacrem
704 1456 890 1511 timori
935 1463 1147 1510 motum
1192 1453 1467 1524 appingitl
1515 1453 1853 1509 lnformabat
1892 1455 2021 1525 qui-

430 1553 557 1605 dem
589 1550 647 1604 in
682 1564 744 1604 se
788 1549 971 1619 reipsa
1013 1547 1161 1617 quod
1196 1554 1448 1601 nostrum
1494 1555 1582 1602 est
1627 1546 1869 1601 naturali
1904 1556 2024 1601 tan-

430 1641 607 1711 tisper
643 1638 837 1692 mortis
876 1634 1157 1690 formidini
1201 1634 1429 1705 ejusque
1462 1629 1625 1684 anxio
1658 1627 1841 1682 timori
1873 1640 2007 1683 eon-

431 1732 655 1795 cedens,
698 1737 760 1783 ut
790 1737 846 1782 et
878 1727 947 1782 ab
980 1726 1075 1782 illo
1112 1741 1213 1781 nos
1247 1725 1526 1788 liberaret,
1571 1736 1796 1792 sumque
1826 1724 2009 1780 carnis

427 1830 685 1878 naturam
732 1826 1025 1883 astrueret,
1072 1832 1136 1873 ac
1188 1815 1339 1871 inani
1385 1816 1536 1870 omni
1585 1814 1766 1883 specie
1811 1825 2010 1869 vacare

431 1912 896 1983 dispensationem
932 1917 1287 1964 monstraret.
1324 1907 1557 1976 Moxque
1598 1920 1792 1961 rursus
1833 1905 2010 1960 maxi-

430 2018 575 2058 mam
623 2002 912 2057 adversum
958 2007 1193 2055 mortem
1234 1997 1403 2053 animi
1449 1998 1561 2051 vim
1591 1997 1816 2061 exserit,
1857 2011 2011 2052 sum-

434 2108 690 2161 mamque
718 2092 971 2146 humanm
997 2104 1109 2145 sure
1144 2086 1461 2150 voluntatis,
1490 2101 1616 2141 cum
1641 2086 1863 2155 propria
1891 2100 2010 2152 sua,

435 2185 724 2254 Patrisque
771 2184 1077 2246 voluntate,
1127 2179 1593 2235 necessitudinem
1638 2193 1704 2233 ac
1755 2178 2012 2233 unionem

436 2274 639 2345 prodit,
662 2273 870 2344 judicio
891 2288 991 2327 suo
1013 2271 1343 2341 approbans,
1367 2269 1668 2339 dicensque
1690 2284 1703 2323 ;
1725 2268 1846 2323 Non
1871 2282 2012 2333 mea,

435 2365 528 2419 sed
577 2374 671 2419 tua
724 2363 969 2417 voluntas
1022 2361 1339 2430 ﬁat;.-hinc
1387 2359 1612 2429 quidem
1667 2358 2013 2424 divisionem,

436 2456 700 2524 lllincque
746 2469 941 2509 rursus
985 2453 1363 2508 confusionem
1391 2453 1581 2522 procul
1614 2451 1907 2508 eliminans
1928 2460 2017 2507 at-

436 2562 545 2618 que
573 2548 928 2603 submovens.

510 2639 605 2695 Sin
630 2648 816 2693 autem
842 2638 1051 2693 idcirco
1075 2638 1192 2693 haec
1212 2639 1426 2706 dicunt,
1450 2640 1595 2710 quod
1624 2655 1730 2694 non
1758 2647 2018 2710 appareat

438 2732 597 2793 alias.
627 2732 748 2801 ejus
773 2730 923 2800 quod
951 2741 1036 2786 est
1063 2731 1223 2795 velle,
1253 2748 1416 2802 quam
1451 2734 1723 2804 passionis
1748 2741 2014 2803 tempore,

440 2824 776 2888 meminisse,
823 2823 1061 2893 idipsum
1100 2823 1335 2879 dixerint
1384 2832 1444 2880 et
1484 2825 1553 2879 de
1587 2825 1774 2880 innata
1818 2826 2027 2881 intellia

441 2913 606 2984 gendi
658 2914 743 2980 vi,
794 2914 1103 2984 mentisque
1151 2922 1432 2984 expertem
1502 2915 1680 2985 ipsum
1751 2922 2013 2975 asserem.

440 3004 559 3060 Non
589 3004 738 3060 enim
763 3011 991 3073 apparet
1012 3003 1235 3070 dixisse,
1264 3003 1411 3073 quod
1437 3011 1621 3058 mente
1646 3003 1896 3073 cogitauit
1927 3010 2029 3057 aut-

2125 540 2266 606 νίαν,
2317 540 2411 594 τδν
2467 541 2703 615 σταυρὸν
2727 584 2743 607 ,
2783 544 2877 598 τὸν
2927 546 3179 615 θάνατον,
3217 552 3315 622 τὴν
3359 555 3562 627 ταφήν·
3594 558 3713 623 ἑνὸς

2125 632 2238 703 γὰρ
2266 633 2648 705 ἁκυρουμένου
2682 635 2795 689 τῶν
2829 639 2888 691 ὲν
2930 639 3081 711 αὐτῷ
3119 640 3243 695 καθ’
3276 644 3426 714 ημᾶς
3465 649 3715 715 φυσικῶν

2126 723 2476 795 σωζομένων,
2504 725 2626 779 οὐδὲ
2655 725 2724 783 τὰ
2758 727 2896 783 ἄλλα
2949 732 3230 801 στήσεται.
3282 733 3408 798 Πῶς
3454 737 3567 809 γὰρ
3611 740 3715 794 οὐκ

2123 816 2301 869 ικείνο
2327 816 2448 887 μὲν,
2470 817 2647 871 ταῦτα
2685 818 2777 886 δὲς
2828 821 2942 875 Καὶ
2976 822 3062 887 τίς
3091 824 3120 876 ὀ
3167 824 3357 894 λόγος;
3391 828 3713 896 ἐναντίωσις

2123 906 2183 962 δὲ
2227 910 2361 962 ποῖα
2404 907 2468 962 τὸ
2511 910 2919 981 προσεύχεσθαι
2944 951 2959 976 ,
2997 915 3093 967 καὶ
3127 916 3371 988 φυσικῆς
3417 919 3712 988 ἑκουσίωςς

2123 1000 2223 1070 τῆς
2251 999 2393 1053 κατὰ
2440 999 2540 1072 τὴν
2599 1002 2780 1073 σάρκα
2832 1004 3000 1071 λέγω,
3059 1007 3373 1079 πρόσδειξιν
3424 1011 3712 1078 ἀσθενείας

2122 1092 2397 1147 ποιεῖσθαι
2456 1092 2546 1147 διὰ
2596 1094 2699 1164 τῆς
2758 1096 3045 1167 συστολῆς,
3108 1100 3206 1153 καὶ
3263 1100 3338 1172 μὴ
3392 1102 3714 1158 ἀντιτείνειν

2119 1184 2281 1249 δλως,
2326 1183 2467 1238 ἀλλὰ
2502 1185 2725 1254 λέγειν’
2766 1189 2835 1242 El
2875 1188 3161 1244 δυνατόν.
3198 1192 3343 1245 Καί·
3385 1192 3483 1262 Μὴ
3515 1195 3572 1248 τι
3597 1196 3715 1266 ἐγὼ

2122 1270 2310 1341 θέλω,
2361 1275 2500 1331 ἀλλ’
2545 1278 2603 1331 ει
2648 1294 2706 1332 τι
2744 1279 2846 1334 σὺο
2896 1280 2993 1334 καὶ
3033 1282 3330 1337 συνάπτειν
3370 1287 3435 1355 τῇ
3478 1286 3710 1358 συστολῇ

2120 1367 2223 1435 τὴν
2255 1367 2484 1438 ἰσχυρὰν
2511 1368 2656 1422 κατὰ
2691 1369 2787 1423 τοῦ
2833 1369 3068 1425 θανάτου
3104 1375 3200 1428 καὶ
3234 1375 3518 1448 πρόθυμον
3552 1379 3711 1450 κίνηο

2127 1473 2247 1522 σιν;
2289 1458 2523 1514 Ἐτύπου
2579 1460 2680 1531 μὲν
2729 1460 2840 1533 γὰρ
2898 1466 3309 1535 πραγματικῶς
3341 1469 3400 1521 ὲν
3439 1469 3619 1541 ἑαυτῷ
3648 1470 3711 1524 τὸ

2125 1547 2423 1620 ἡμέτερον,
2457 1550 2546 1606 διὰ
2592 1551 2695 1622 τῆς
2744 1556 2985 1624 φυσικῆς
3023 1554 3164 1627 πρὸς
3215 1558 3413 1628 μικρὸν
3462 1559 3709 1629 ἀγωνίας

2122 1643 2212 1697 ἴνα
2244 1642 2339 1695 καὶ
2365 1639 2571 1709 ταύτης
2608 1642 2758 1711 ἡμᾶς
2808 1642 3176 1714 ἐλευθερώσῃ,
3214 1644 3310 1695 καὶ
3347 1642 3446 1713 τῆς
3495 1645 3706 1709 οίκείας

2127 1729 2330 1802 σαρκὸς
2375 1729 2477 1799 τὴν
2516 1728 2679 1797 φύσιν
2727 1729 3092 1800 πιστώσηται,
3142 1731 3238 1783 καὶ
3267 1732 3402 1785 πᾶσι
3446 1732 3704 1803 καθαρὰν

2124 1820 2224 1891 τὴν
2273 1819 2584 1888 οἰκονομίαν
2639 1819 2945 1887 φαντασίας
2995 1822 3318 1892 ἐργάσηται·
3368 1821 3610 1892 παρίστη
3645 1822 3703 1875 δὲ

2126 1911 2288 1966 πάλιν
2314 1911 2476 1974 ιῦθυς
2506 1911 2605 1981 τὴν
2637 1911 2781 1963 κατὰ
2816 1910 2913 1964 τοῦ
2945 1910 3177 1964 θανάτου
3212 1911 3479 1981 μεγίστην
3501 1911 3703 1982 ὁρμὴν,

2127 2003 2223 2057 καὶ
2259 2002 2357 2073 τὴν
2408 2002 2588 2072 ἄκραν
2632 2002 2728 2055 τοῦ
2780 2002 2903 2055 κατ’
2943 2002 3106 2054 αὐτὸν
3141 2002 3510 2074 ἀνθρωπιλοῦ,
3562 2001 3704 2072 πρὶς

2128 2092 2189 2147 τδ
2219 2095 2420 2147 οἰκεῖον
2467 2092 2633 2146 αὑτοῦ
2681 2092 2776 2146 καὶ
2825 2092 3101 2163 Πατρικὺν
3146 2091 3377 2163 θέλημα,
3426 2092 3705 2161 συμφυίαν

2128 2186 2227 2240 καὶ
2269 2184 2485 2250 ἕνωσιν,
2540 2184 2619 2255 τῷ
2674 2185 2953 2254 ἐπικρῖναι
3004 2182 3164 2237 τοῦτο
3192 2182 3287 2237 καὶ
3319 2184 3568 2251 φάσκειν·
3603 2182 3702 2252 Μὴ

2131 2278 2199 2331 τὸ
2224 2277 2391 2347 ἐμὸν,
2426 2279 2587 2332 ἀλλὰ
2632 2274 2700 2330 τὸ
2744 2275 2861 2331 σόν
2899 2277 3181 2347 γενέσθω.
3231 2273 3414 2345 Ταύτῃ
3465 2273 3563 2344 μὲν
3601 2276 3702 2345 τὴν

2131 2369 2396 2443 διαίρεσιν
2439 2368 2862 2440 ἀπωθούμενος,
2909 2368 3095 2442 ἐκείνῃ
3131 2368 3187 2422 δὲ
3224 2366 3385 2421 πάλιν
3434 2364 3530 2435 τὴν
3569 2364 3703 2433 σύγ-

2136 2478 2315 2534 χύσιν.

2196 2642 2263 2698 El
2293 2641 2374 2705 δὲ,
2412 2641 2495 2695 ἇιι
2552 2641 2627 2712 μὴ
2677 2639 2869 2696 ἄλλοτε
2903 2638 3152 2709 φαίνεται
3182 2638 3284 2694 τού
3322 2639 3496 2694 θέλειν
3517 2640 3690 2710 ἔμφα-

2133 2748 2218 2788 σιν
2246 2731 2701 2802 πεποιημένος,ἢ
2749 2730 2892 2784 κατὰ
2951 2730 3043 2785 τὸν
3088 2731 3277 2803 καιρὸν
3318 2732 3417 2785 τού
3471 2732 3699 2799 πάθους,

2130 2823 2306 2879 ταῦτά
2336 2840 2492 2892 φασι,
2530 2822 2689 2877 τοῦτο
2716 2822 2824 2876 καὶ
2866 2821 2997 2891 περὶ
3031 2821 3133 2892 τῆς
3178 2823 3425 2892 ἐμφύτου
3464 2827 3704 2895 νοήσεως

2130 2913 2359 2979 εἴποιεν,
2385 2914 2481 2967 καὶ
2525 2913 2685 2969 ἄνουν
2735 2912 2902 2968 αὑτὸν
2931 2914 3456 2968 κατασκευάσουσιν.
3482 2915 3560 2969 υύ
3594 2915 3706 2988 γὰρ

2129 3004 2384 3074 φαίνεται
2436 3002 2595 3068 λέξας
2643 3003 2726 3056 ὅτι
2765 3002 3018 3072 νενόηκα.
3068 3003 3180 3056 Καὶ
3208 3004 3339 3073 περὶ
3380 3003 3707 3074 ὀσφρήσεως

441 3094 794 3151 intellexerit.
828 3094 1006 3150 Simili
1034 3110 1256 3164 quoque
1297 3094 1508 3150 ratione
1537 3093 1606 3149 de
1632 3093 1833 3149 olfactu
1867 3094 2019 3149 aliis—

2130 3096 2351 3168 ὁμοίως,
2399 3095 2492 3149 καὶ
2545 3094 2654 3149 τῶν
2706 3093 2911 3148 λοιπῶν
2960 3092 3082 3147 καθ’
3139 3094 3290 3164 ἡμᾶς
3323 3094 3587 3162 φυσικῶν,
3629 3089 3708 3150 ὧν

442 3200 550 3256 que
596 3184 651 3239 in
692 3182 856 3239 nobis
891 3183 1260 3248 naturalibus,
1312 3198 1548 3253 quorum
1583 3197 1853 3252 nusquam
1886 3182 2024 3239 scri-

442 3286 599 3346 ptum
623 3284 710 3331 est
742 3274 1080 3331 meminisse.
1106 3275 1203 3330 Vel
1223 3274 1392 3329 etiam
1417 3273 1486 3328 de
1513 3273 1631 3343 ipsa
1657 3273 1861 3337 anima,
1885 3291 1948 3329 ac
1976 3274 2025 3330 si

442 3368 599 3438 prius
629 3367 809 3437 reipsa
839 3382 949 3422 non
986 3366 1280 3430 exstiterit,
1308 3380 1418 3436 quo
1460 3381 1529 3421 ex
1570 3376 1816 3435 tempore
1858 3367 2026 3421 homo

442 3463 620 3517 lactus
650 3469 757 3525 est,
798 3460 893 3515 sed
939 3471 1068 3515 tunc
1099 3460 1277 3517 solum
1312 3474 1437 3515 cum
1471 3461 1593 3530 ejus
1624 3460 2027 3516 commeminit.

444 3552 600 3607 llaud
634 3552 783 3607 enim
837 3551 932 3606 diu
985 3559 1114 3605 ante
1164 3550 1476 3619 passionem
1526 3549 1663 3605 illud
1706 3550 2028 3620 prastitisse

444 3643 721 3715 proditum
754 3651 858 3699 est.
889 3646 997 3698 Aut
1024 3642 1191 3713 igitur
1224 3650 1355 3698 tunc
1377 3644 1533 3713 quasi
1561 3658 1630 3699 ex
1658 3652 1903 3713 tempore
1930 3660 2029 3698 na-

447 3744 555 3788 tam
601 3734 806 3796 dicant,
852 3732 1000 3802 quod
1051 3749 1161 3788 non
1210 3732 1413 3803 saepius
1459 3748 1523 3788 ac
1549 3734 1657 3804 jam
1706 3743 1825 3791 tum
1869 3732 2030 3788 initio

442 3827 565 3895 ejus
587 3825 726 3881 facta
753 3823 959 3879 mentio
982 3833 1097 3890 est;
1125 3834 1221 3879 aut
1245 3838 1374 3878 cum
1414 3825 1521 3879 hoc
1560 3840 1670 3879 non
1696 3825 1904 3889 dicant,
1930 3823 2029 3880 sed

446 3934 511 3971 ex
542 3917 719 3986 magni
751 3916 1033 3972 Athanasii
1061 3916 1334 3972 sententia
1360 3934 1374 3970 :
1408 3935 1428 3967 ι
1460 3916 1633 3975 Simul
1675 3932 1822 3989 caro,
1863 3916 2030 3978 simul

448 4009 543 4063 Dei
580 4009 742 4064 Verbi
781 4024 911 4064 caro
939 4008 1200 4072 animata,
1233 4009 1445 4064 ratione
1482 4018 1661 4073 utens,
1711 4027 1731 4061 ι
1763 4008 2039 4074 doceant;

447 4098 754 4152 naturalem
779 4112 1002 4167 quoque
1024 4095 1322 4152 Salvatoris
1350 4099 1712 4161 voluntatem,
1732 4112 1841 4167 qua
1861 4097 2030 4152 hamo

448 4197 615 4252 esset,
673 4205 785 4242 non
830 4188 1104 4257 passionis
1148 4189 1416 4243 duntaxat
1460 4197 1706 4258 tempore
1752 4187 2031 4245 exstitisse

451 4280 656 4343 dicent,
702 4280 807 4334 etsi
854 4280 1004 4334 illius
1055 4290 1186 4336 tunc
1230 4280 1500 4346 meminit,
1549 4280 1644 4335 sed
1681 4295 1714 4334 a
1757 4279 2032 4351 principio

2133 3185 2515 3260 μνημονεύσας
2568 3186 2671 3240 οὐκ
2714 3186 3157 3256 ἀναγέγραπται.
3200 3186 3273 3241 Ἢ
3305 3186 3403 3239 καὶ
3436 3186 3570 3256 πρι
3602 3184 3708 3255 τῆς

2130 3275 2309 3347 ψυχῆς
2347 3276 2544 3345 αὐτῆς,
2571 3274 2648 3339 ὡς
2686 3276 2749 3329 ού
2793 3276 3061 3345 πρότερον
3097 3273 3266 3344 οὔσης
3295 3274 3416 3328 καθ’
3450 3272 3706 3346 ὕπαρξιν,

2131 3370 2228 3439 ἀφ’
2254 3361 2316 3422 οὗ
2335 3369 2559 3437 γέγονεν
2582 3367 2888 3438 ἄνθρωπος,
2924 3367 3039 3422 ἀλλ’
3061 3367 3097 3438 ἢ
3128 3367 3288 3437 μόνον
3302 3367 3508 3433 ῥπόταν
3537 3366 3710 3435 αὐτῆς

2116 3460 2561 3531 ἐμνημόνευσεν.
2600 3460 2674 3513 Oti
2703 3460 2811 3531 πρὸ
2837 3460 3037 3515 πολλοῦ
3060 3461 3170 3534 γὰρ
3191 3462 3286 3516 τοῦ
3317 3462 3525 3525 πάθους
3551 3459 3710 3516 τοῦτο
3812 3477 3818 3483 ”

2135 3552 2456 3623 πεποιηκὼς
2504 3553 2894 3623 ἀνηγόρευται.
2957 3554 3030 3607 Ἦ
3070 3554 3248 3609 τοίνυν
3299 3552 3710 3624 σχεδιασθεῖσαν

2130 3642 2305 3713 αὐτὴν
2340 3644 2543 3698 αὐτίκα
2599 3644 2861 3707 εἴπωσιν,
2895 3643 2980 3696 ὅτι
3018 3642 3094 3714 μὴ
3151 3642 3416 3705 πολλάκις
3466 3642 3563 3696 καὶ
3607 3642 3706 3695 ἀπ’

2134 3734 2314 3804 ἀρχῆς
2354 3733 2529 3803 αὐτῆς
2567 3735 3003 3805 ἐμνημόνευσεν
3039 3735 3073 3805 ἢ
3115 3733 3277 3788 τοῦτο
3321 3734 3398 3805 μὴ
3432 3734 3706 3802 λέγοντες,

2133 3824 2249 3878 ἀλλ’
2277 3843 2297 3876 ‹
2346 3826 2499 3894 ’Λμα
2531 3823 2689 3895 σὰρξ,
2728 3824 2847 3894 ἅμα
2882 3823 3018 3879 Θεοῦ
3060 3825 3236 3893 Λόγου
3278 3824 3414 3896 σὰρξ
3442 3824 3708 3895 ἅμψυχος.

2136 3915 2352 3987 λογικὴ,
2389 3935 2409 3968 ι
2441 3916 2585 3973 κατὰ
2614 3915 2708 3970 τὸν
2736 3916 2914 3986 μέγαν
2960 3915 3275 3971 Ἀθανάσιον
3300 3914 3708 3986 δογματίζουσι,

2139 4008 2233 4065 καὶ
2262 4010 2323 4062 τὸ
2355 4009 2584 4079 φυσικὸν
2629 4008 2709 4072 ὡς
2746 4006 3034 4078 ἀνθρώπου
3054 4009 3161 4062 ητοῠ
3195 4007 3446 4079 Σωτῆρος
3474 4006 3711 4078 θέλημα,

2139 4100 2217 4170 μὴ
2254 4102 2397 4154 κατὰ
2426 4100 2517 4152 τὸν
2563 4099 2756 4169 καιρὸν
2803 4094 2945 4153 εἰναι
2981 4098 3077 4152 τοῦ
3121 4099 3327 4163 πάθους
3369 4099 3583 4167 λέξουσι
3609 4100 3711 4169 μό-

2137 4206 2250 4256 νον,
2286 4192 2337 4243 εί
2379 4191 2472 4244 καὶ
2513 4191 2737 4261 μνήμην
2767 4172 2968 4244 αύτίκα
3003 4189 3194 4244 τούτου
3239 4190 3562 4260 πεποίηκεν·
3591 4190 3709 4246 ἀλλ’

2136 4283 2232 4336 ἀπ’
2267 4281 2440 4352 ἀρχῆς
2468 4281 2544 4345 ὡς
2581 4280 2857 4353 ἀνθρώπῳ
2881 4280 3005 4336 καθ’
3036 4282 3189 4354 ἡμᾶς
3219 4281 3465 4351 φυσικῶς
3490 4280 3571 4353 τῷ
3598 4282 3711 4336 Σω-

449 4360 605 4422 vclut
630 4369 683 4421 in
712 4367 893 4431 nobis,
921 4382 986 4422 ac
1012 4383 1133 4436 quae
1165 4368 1241 4421 illi
1275 4378 1531 4437 tanquam
1564 4369 1790 4427 .liomini
1834 4380 2019 4425 natura

2140 4373 2205 4445 τῆ
2214 4389 2267 4443 ρι
2302 4373 2760 4443 συνουσιωμένονο

452 4458 940 4516 consubstantialis
965 4459 1039 4515 sit
1063 4476 1076 4511 :

507 4557 670 4614 Subit
688 4566 873 4614 autem
909 4553 1096 4610 mirari
1123 4561 1178 4608 et
1196 4550 1264 4610 de
1283 4550 1625 4621 operatione,
1649 4548 1926 4620 quomodo
1951 4550 2008 4606 in

431 4646 657 4703 Christo
688 4663 854 4703 unam
875 4660 997 4701 esse
1016 4644 1273 4706 doceant,
1295 4642 1465 4698 relate
1487 4642 1745 4696 nimirum
1768 4641 1836 4697 ad
1867 4641 2010 4697 indi-

438 4739 686 4801 viduum,
721 4739 972 4808 ejusque,
1189 4743 1250 4788 ut
1280 4732 1381 4803 ipsi
1404 4720 1729 4803 loquuntur,
1752 4731 2008 4809 conside-

438 4826 676 4881 ratione.
691 4827 873 4895 Atque
894 4837 954 4881 ut
972 4825 1188 4881 mittam
1204 4824 1411 4887 dicere,
1428 4837 1621 4876 eorum
1648 4836 1770 4892 qua:
1787 4829 2013 4875 natura-

438 4917 511 4971 lia
541 4926 691 4981 sunt,
710 4917 846 4972 nihil
870 4918 1050 4987 primo
1077 4916 1146 4970 ad
1183 4913 1531 4970 individuum
1553 4912 1880 4967 relationem
1915 4912 2014 4966 lia-

436 5009 589 5073 berc,
609 5010 704 5063 scd
732 5008 796 5063 ad
815 5018 1069 5063 naturam
1092 5008 1266 5077 ipsius
1283 5022 1346 5061 ac
1360 5005 1680 5062 essentiam.
1700 5002 1842 5069 Quid
1863 5002 2012 5059 enim

436 5100 561 5171 quis
574 5100 793 5171 Operari
824 5100 999 5168 possit
1012 5101 1222 5168 absque
1239 5100 1307 5153 iis
1325 5096 1704 5161 facultatibus,
1717 5111 1839 5165 qua:
1855 5105 2016 5150 natu-

438 5208 514 5249 rae
543 5192 770 5248 insunt?
804 5191 1028 5248 Undeve
1066 5191 1234 5246 alicui
1281 5198 1341 5243 ut
1369 5197 1635 5258 operetur
1677 5187 1886 5256 absque
1916 5200 2016 5240 na-

439 5296 586 5348 tura,
648 5293 746 5340 aut
808 5291 868 5339 ut
916 5283 1039 5353 ejus
1100 5281 1371 5351 praeditus
1426 5280 1692 5335 facultate
1736 5278 2016 5335 exsistat?

437 5377 756 5446 Libensquc
795 5375 971 5432 exiis
1024 5373 1373 5445 quaesierim,
1442 5386 1576 5426 num
1623 5380 1684 5425 ut
1733 5370 2019 5427 naturales

438 5470 794 5538 operationes
847 5466 1193 5534 interimant,
1255 5465 1400 5521 hanc
1464 5464 1756 5536 objiciunt,
1799 5464 2018 5520 necne?

441 5558 501 5615 Si
546 5561 696 5616 enim
753 5569 813 5614 ut
871 5560 1213 5627 interimant,
1260 5557 1562 5630 quomodo,
1599 5558 1846 5628 qualisve
1895 5567 2017 5613 tan-

526 5723 549 5761 ⁶
578 5727 770 5784 Matth.
803 5747 949 5797 xxvi,
978 5735 1066 5791 39.

2214 4554 2433 4607 Ἔπεισι
2465 4552 2523 4606 δέ
2555 4569 2645 4623 μοι
2686 4553 2990 4624 θαυμάζειν
3024 4557 3119 4611 καὶ
3145 4556 3279 4627 περὶ
3305 4556 3609 4629 ἐνεργείας,
3637 4558 3716 4621 ὡς

2142 4644 2271 4715 μίαν
2301 4644 2507 4713 ταύτην
2539 4644 2633 4697 ἐπὶ
2667 4644 2910 4714 Χριστοῦ
2938 4646 3347 4716 δογματίζουσι,
3377 4651 3446 4719 τῇ
3491 4647 3629 4718 πρὸς
3651 4647 3715 4700 τὸ

2137 4736 2360 4805 ἄτομον,
2383 4735 2459 4797 ὡς
2492 4735 2649 4788 αὐτοί
2709 4752 2893 4805 φασιν.
2921 4736 3300 4808 ἁποεκοπήσει
3322 4737 3415 4791 καὶ
3441 4739 3711 4809 ἀναφορᾷ.

2136 4826 2248 4878 Καὶ
2273 4825 2360 4877 ἱνα
2396 4824 2554 4892 παρῶ
2583 4824 2785 4891 λέγειν,
2817 4826 2893 4889 ὡς
2933 4825 3085 4891 οὐδὲν
3117 4825 3224 4879 τῶν
3253 4826 3501 4896 φυσικῶν
3532 4826 3609 4889 ὡς
3634 4826 3712 4888 εἰς

2137 4916 2340 4984 ἄτομον
2391 4915 2844 4985 προηγουμένως,
2887 4916 3027 4971 ἀλλὰ
3071 4916 3172 4986 τὴν
3224 4917 3416 4973 τούτου
3462 4917 3627 4987 φύσιν
3653 4931 3712 4968 τε

2139 5008 2233 5060 καὶ
2259 5006 2447 5060 οὐσίαν
2497 5006 2611 5077 ἔχει
2659 5009 2760 5077 τὴν
2819 5007 3120 5077 ἀναφοράν.
3157 5008 3256 5071 Τίς
3293 5008 3411 5079 γὰρ’
3440 5009 3572 5062 ἄνευ
3604 5005 3714 5061 τῶν

2138 5097 2385 5168 φυσικῶς
2438 5099 2751 5170 προσόντων
2800 5102 2868 5171 τῇ
2907 5100 3067 5168 φύσει
3115 5100 3425 5171 δυνάμεων,
3463 5099 3710 5167 ὲνεργείν
3754 5164 3760 5172 _

2136 5208 2189 5246 τι
2217 5190 2419 5245 δύναιτ’
2446 5191 2544 5257 ἄν;
2579 5190 2611 5262 ἢ
2637 5191 2802 5245 πόθεν
2825 5192 2978 5261 αὑτῷ
3004 5192 3065 5245 τὸ
3096 5191 3395 5261 ἐνεργείνῆ
3427 5189 3708 5252 δύνασθαι,

2138 5281 2317 5353 πάρεξ
2344 5282 2444 5354 τῆς
2482 5283 2739 5352 φύσεως;
2783 5282 2995 5336 Ἐκεῖνο
3022 5282 3080 5336 δὲ
3110 5282 3390 5354 ἐρωτῆσαι
3425 5280 3711 5351 βούλομαι’

2139 5374 2283 5445 Πρὸς
2313 5374 2593 5446 ἀναίρεσιν
2631 5374 2740 5443 ἄρα
2767 5373 2876 5426 τῶν
2906 5372 3153 5442 φυσικῶν
3184 5372 3476 5443 ἐνεργειῶν
3509 5371 3716 5441 ταύτην

2144 5463 2487 5535 προΐσχοντο,
2523 5464 2556 5534 ἢ
2594 5463 2688 5531 τίς
2718 5464 2780 5517 Εἰ
2817 5463 2925 5533 γὰρ
2951 5462 3038 5515 ἐπ’
3062 5461 3364 5532 ἀναιρέσει,
3410 5461 3550 5526 πῶς,
3581 5459 3714 5513 πότε

2139 5555 2235 5608 καὶ
2272 5556 2400 5608 ποῖα
2428 5555 2571 5608 κατὰ
2598 5552 2697 5625 τὴν
2726 5552 2952 5608 ἐκείνων
2982 5553 3296 5607 ἁπόπαυσιν
3328 5552 3419 5625 εἴη
3446 5550 3509 5605 τὸ
3539 5548 3716 5621 παρά-
