4082 6410
356 346 495 411 1133

1332 350 1701 411 PANOPLl.\
1744 352 2193 413 DOGMATICA
2232 375 2298 385 -··
2334 349 2482 410 ΤΙΤ.
2523 347 2677 407 XXI.

3481 349 3619 412 ΗΜ

349 479 459 516 mw
482 462 771 532 ἐνέργεια;
806 462 881 524 ὡς
904 461 1016 530 γὰρ
1047 463 1266 527 φύσεων
1297 466 1395 517 οὐκ
1431 464 1629 527 οὐσῶν,
1664 468 1756 517 καὶ
1791 466 1851 516 τὸ
1882 465 1932 529 ἐξ

2046 466 2187 523 dem,
2219 461 2323 514 illis
2346 459 2617 514 submotis
2650 471 2712 509 ac
2736 456 3036 524 abrogatis,
3072 456 3253 512 futura
3331 464 3619 529 operatio?

350 553 874 621 αὑτωνάφανίζεται
911 554 1156 616 πά.τω;,
1186 556 1218 624 ἡ
1254 554 1508 616 cunilam;
1525 555 1669 621 λέγω
1685 555 1925 609 ὑπόστα-

356 665 463 711 σις’
491 646 637 701 οὕτω
663 647 759 698 καὶ
787 646 897 698 τῶν
942 646 1189 714 φυσικῶν
1232 646 1533 715 ἐνεργειῶν
1567 647 1667 699 οὐκ
1718 647 1921 712 οὐσῶν,

353 741 464 794 οὐδ’
498 740 636 808 ἀλλη
665 739 726 791 τὸ
751 737 972 791 σύνολον
1003 738 1178 791 ἔσται.
1222 740 1330 790 Καὶ
1362 740 1422 790 οὐ
1448 739 1595 806 λέγω
1626 738 1805 813 τοῦτο,
1854 741 1929 802 ὡς

354 834 523 902 ἄλλης
570 831 854 903 ἐνεργείας
907 830 973 883 ἐκ
1041 829 1152 882 τῶν
1197 830 1446 898 φυσικῶν
1502 832 1927 899 συνισταμένης.

359 923 493 974 Οὐδὲ
538 922 637 990 μία
685 923 795 990 γὰρ
823 921 933 973 τῶν
994 923 1054 974 ἐν
1088 922 1439 991 ὑποκειμένῳ
1501 922 1771 985 σύνθεσις
1808 924 1930 977 Ὀτι

361 1015 495 1085 μηδέ
519 1013 619 1084 τὴν
654 1012 779 1066 καθ’
803 1013 972 1067 ἐαυτά
1024 1014 1085 1068 τὸ
1127 1013 1352 1066 σύνολον
1391 1013 1652 1081 ὓπαρξιν,
1707 1015 1844 1067 ἀλλὰ
1875 1014 1936 1065 τὸ

357 1114 563 1166 εἰκαῖον
597 1111 860 1178 παριστᾷ.
905 1110 992 1172 Ὠς
1022 1111 1069 1160 εἰ
1117 1109 1214 1170 τὰς
1248 1107 1450 1175 κυρίως
1483 1110 1623 1159 κατά
1650 1108 1814 1175 φύσιν
1850 1105 1934 1156 οὐ-

356 1221 455 1265 σας
482 1201 584 1255 οὐκ
606 1196 746 1254 εἶναι
766 1200 1005 1267 λέγουσι,
1047 1198 1165 1262 πῶς
1199 1197 1430 1268 ὑπάρξει
1459 1197 1518 1250 τὸ
1552 1196 1818 1267 μηδαμῶς
1844 1195 1931 1261 ὅν;

356 1294 451 1354 ἰ’ἱς
481 1294 589 1362 γάρ
618 1295 734 1345 ἐστι
764 1292 1137 1360 ὐποστατικὴν
1169 1291 1347 1357 λέγων
1376 1289 1680 1358 ἐνέργειαν,
1708 1289 1801 1340 καὶ
1834 1286 1935 1339 πό-

356 1384 449 1436 Θεν
478 1385 656 1447 τοῦτο,
688 1385 783 1436 καὶ
825 1384 975 1452 παρά
1020 1383 1165 1446 τίνος
1211 1381 1468 1444 λαϐόντες
1498 1379 1930 1449 προσφέρουσινς

356 1477 420 1528 Ei
448 1476 507 1528 δέ
616 1475 773 1528 τοῦτο
801 1475 965 1543 τυχὸν
999 1473 1416 1541 ἀποφαίνονται,
1460 1470 1713 1524 σύνθετον
1751 1470 1808 1522 δὲ
1836 1469 1935 1539 τὴν

357 1568 659 1621 ὑπόστασιν
687 1566 1013 1637 ὁμολογοῦσι
1050 1566 1189 1635 πρὸς
1213 1566 1281 1635 ἣν
1322 1564 1675 1632 ἀναφέρεται,
1698 1562 1794 1615 καὶ
1824 1561 1935 1614 τῶν

357 1658 620 1711 ἐναντίων
679 1660 771 1711 καὶ
822 1657 1219 1726 ἀντικειμένων
1269 1655 1547 1724 δεκτικήν·
1594 1652 1796 1722 θνητὴν
1823 1652 1932 1721 γὰρ

358 1750 452 1802 καὶ
484 1750 773 1817 ἀθάνατον,
841 1751 1047 1820 ὀρατὴν
1100 1748 1193 1801 καὶ⁵
1245 1747 1501 1815 ἀόρατον,
1552 1744 1934 1816 περιγραπτὴν

2038 554 2173 609 Nam
2206 554 2347 608 sicut
2376 553 2584 605 naturis
2618 564 2724 602 non
2784 551 3172 604 exsistcutibus
3199 566 3422 619 prorStts
3452 557 3616 606 etiam

2039 661 2262 703 necesse
2319 658 2397 700 est
2457 644 2662 699 aboleri
2715 642 2858 711 quod
2918 658 2983 694 ex
3033 642 3113 696 eis
3167 653 3249 698 est
3305 642 3617 714 (personam

2036 740 2242 794 scilicet
2271 736 2680 806 compositam),
2724 735 2801 789 sic
2840 749 3054 803 quoque
3108 749 3231 788 cum
3278 751 3379 790 non
3406 750 3623 795 exstent

2037 832 2313 887 naturales
2352 831 2721 899 Operationes,
2755 842 2853 881 nec
2882 829 2987 881 ulla
3050 828 3150 882 alia
3178 829 3406 884 muttino
3439 828 3618 884 futura
3674 816 3677 817 ν

2036 935 2137 982 est.
2172 924 2357 994 Neque
2384 926 2485 978 ltoc
2517 923 2661 984 tlico,
2718 922 2875 992 quasi
2916 920 3078 973 aliam
3134 936 3200 976 ex
3276 922 3619 975 naturalibus

2039 1016 2379 1069 conflaudam
2411 1015 2784 1083 operationem
2818 1013 2996 1067 velim.
3032 1011 3229 1067 Eorum
3300 1015 3442 1067 enim
3494 1026 3617 1081 εμιεε

2035 1120 2165 1165 sunt
2213 1111 2267 1163 in
2318 1112 2589 1181 subjecto,
2640 1115 2787 1168 nulla
2822 1124 2903 1169 est
2934 1115 3296 1184 compositio;
3335 1112 3479 1182 quod
3514 1114 3622 1165 sci-

2034 1200 2162 1255 licet
2198 1216 2308 1255 non
2349 1202 2465 1271 ipsa
2507 1221 2632 1259 vere
2681 1207 2906 1261 omnino
2962 1223 3023 1261 ac
3074 1224 3171 1276 per
3218 1223 3275 1261 se
3332 1206 3620 1269 exsistant,

2034 1291 2129 1344 sed
2168 1291 2350 1345 debile
2378 1294 2662 1363 quidpiam
2706 1313 3017 1366 vanumque
3042 1297 3359 1351 exhibeant.
3391 1296 3621 1361 Quocir-

2035 1398 2095 1437 ca
2131 1386 2175 1437 si
2214 1401 2336 1454 quae
2370 1402 2497 1441 vere
2525 1398 2657 1442 sunt
2696 1406 2795 1459 per
2847 1401 3097 1444 naturam
3135 1407 3255 1444 esse
3284 1390 3618 1454 inficiautttr,

2035 1473 2128 1542 qui
2174 1473 2267 1529 ﬁat
2330 1484 2388 1531 ut
2430 1476 2576 1545 quod
2648 1495 2917 1547 nusquam
2973 1480 3178 1547 aliquid
3236 1490 3341 1543 est,
3397 1482 3446 1534 td
3493 1496 3622 1534 vero

2036 1566 2217 1635 reipsa
2245 1567 2585 1623 exsistentia:
2616 1585 2840 1639 compos
2872 1571 3140 1625 exsistat?
3182 1572 3318 1638 Quis
3359 1573 3504 1625 enim
3541 1581 3622 1625 est

2035 1657 2130 1726 qui
2184 1659 2531 1727 personalem
2580 1660 2956 1728 Operatiouem
2994 1660 3161 1724 dicat,
3215 1670 3311 1715 aut
3342 1662 3486 1716 unde
3519 1662 3624 1715 hoc

2037 1756 2091 1805 ct
2138 1764 2167 1802 a
2237 1764 2347 1817 quo
2394 1760 2681 1818 acceptum
2735 1751 3057 1820 proferant?
3109 1751 3202 1806 Sin
3253 1762 3435 1806 autem
3482 1752 3623 1804 forte

356 1843 451 1895 καὶ
481 1817 888 1912 ἀπερίγραφον,
905 1817 1143 1910 ἄναρχον
1168 1837 1262 1890 καὶ
1293 1838 1397 1890 ὑπὸ
1419 1836 1612 1906 ἀρχὴν,
1632 1838 1783 1890 ἔσται
1811 1836 1932 1889 τοῦ·

2038 1839 2185 1893 istud
2239 1850 2516 1905 asserunt,
2569 1858 2970 1911 personamque
3018 1844 3085 1896 ad
3138 1859 3301 1912 quam
3360 1842 3617 1905 refertur,

355 1949 422 1984 το
448 1932 593 1985 κατὰ
619 1933 680 1986 τὸ
707 1933 852 1995 εἰκὸς
884 1932 980 1984 καὶ
1006 1933 1039 2001 ἡ
1073 1930 1346 2000 ἐνέργεια.
1380 1930 1490 1981 Καὶ
1519 1928 1637 1991 πῶς
1665 1927 1861 1990 ἄλλως,
1897 1926 1928 1997 ἢ

357 2025 481 2079 καθ’
496 2025 611 2091 ἕξιν
633 2023 876 2095 δηλονότι
900 2025 997 2078 καὶ
1025 2022 1313 2093 στέρησιν;
1339 2022 1432 2074 καὶ
1451 2021 1519 2073 τὰ
1539 2020 1657 2090 μὲν,
1678 2019 1752 2081 ὡς
1771 2013 1929 2079 οὖσα,

356 2116 629 2177 πείσεται,
659 2113 836 2178 τὰδὲ,
868 2114 944 2176 ὡς
975 2112 1050 2183 μὴ
1078 2108 1231 2175 οὖσα,
1256 2112 1689 2182 παρυποστήσει.
1725 2108 1850 2170 Πῶς
1875 2106 1933 2159 δέ

356 2208 454 2262 καὶ
482 2208 512 2259 ὁ
536 2205 794 2274 τοιαύτην
819 2205 957 2273 ἔχων
977 2205 1284 2274 ἐνέργειαν,
1316 2202 1456 2256 κατὰ
1484 2200 1544 2253 τὸ
1565 2200 1696 2254 αὐτὸ
1716 2198 1810 2252 καὶ
1832 2198 1933 2251 οὐκ

357 2299 488 2352 ἄλλο
516 2298 610 2352 καὶ
636 2296 782 2357 ἄλλο,
816 2297 898 2349 ὅτι
933 2295 1067 2366 μηδὲ
1099 2295 1306 2364 ἐκείνη,
1340 2293 1407 2347 τὰ
1442 2293 1603 2361 ὅμοια
1642 2290 1930 2352 πείσεται;

358 2390 656 2460 προσφυῶς
667 2388 774 2458 γὰρ
790 2389 934 2459 ἔχειν
945 2390 1012 2459 τῇ
1027 2387 1203 2459 οἰκείᾳ
1215 2388 1466 2457 ἐνεργείᾳ
1476 2385 1567 2438 τὸν
1583 2382 1930 2455 ἐνεργοῦντα,

359 2483 589 2553 κάκείνη
612 2481 810 2553 τούτῳ,
842 2483 994 2534 πᾶσα
1020 2481 1256 2550 ἀνάγκη.
1285 2480 1394 2533 Καὶ
1421 2479 1536 2541 πῶς
1567 2476 1724 2540 Θεὸς,
1751 2479 1780 2531 ὁ
1800 2476 1930 2538 ἕξει,

358 2575 454 2627 καὶ
486 2574 560 2645 μὴ
593 2573 755 2641 φύσει
781 2572 913 2635 Θεός
932 2588 947 2635 ;
990 2572 1114 2633 Πῶς
1143 2571 1202 2622 δὲ
1231 2569 1540 2641 ἅνθρωπος,
1572 2568 1601 2621 ὁ
1649 2567 1930 2638 στερήσει,

357 2665 450 2717 καὶ
486 2665 561 2735 μὴ
602 2663 764 2734 οὐσίᾳ
790 2663 994 2735 κυρίως
1019 2663 1180 2717 τοῦτο
1224 2662 1487 2733 ὑπάρχων
1513 2678 1528 2727 ;
1560 2658 1656 2722 Τίς
1684 2659 1739 2712 δέ
1772 2657 1934 2725 φύσις

355 2754 790 2826 ἀνενέργητος,ἢ
824 2756 1061 2822 φυσικῆς
1083 2752 1364 2823 ἐνεργείας
1395 2752 1552 2814 ἐκτός
1575 2751 1697 2817 ;⁹Ως
1718 2749 1826 2819 γὰρ
1843 2749 1927 2802 06-

354 2845 543 2913 δαμῶς
568 2845 857 2914 ὑπάρξεως
877 2843 1103 2914 ἔρημος,
1128 2843 1301 2908 οὕτως
1321 2844 1441 2896 οὐδέ
1460 2843 1745 2912 δυνάμεως
1767 2859 1932 2910 φυσι-

357 2938 483 3007 κῆς.
514 2939 577 2991 Et
600 2937 658 2991 δὲ
686 2937 892 3008 ταύτης
924 2938 1165 3007 ἀμοιρεῖ,
1207 2938 1306 2990 καὶ
1333 2940 1431 3004 τῆς
1461 2935 1746 3006 ὑπάρξεως
1775 2936 1934 3003 ἀμοι-

358 3032 577 3101 ρήσειεν
611 3030 699 3083 ἀν.
748 3030 823 3082 Τὸ
869 3028 979 3099 γὰρ
1021 3029 1315 3098 ἀδύναμον,
1358 3026 1436 3089 ὡς
1481 3025 1711 3097 ἀδρανὲς
1751 3023 1930 3092 πάντη

360 3122 521 3191 μόνον
550 3122 671 3174 ἐστὶ
697 3121 760 3174 τὸ
788 3121 864 3192 μὴ
893 3120 972 3175 δν.
1010 3122 1126 3175 Πᾶν
1153 3121 1263 3191 γὰρ
1292 3118 1347 3172 εί
1376 3136 1432 3172 τι
1461 3118 1572 3171 τῶν
1608 3117 1799 3181 ὅντων,
1836 3132 1932 3168 συ-
1961 3130 2004 3186 ο

358 3211 623 3282 στατικὴν
654 3211 770 3283 ἔχει
826 3212 1121 3283 διαφορὰν,
1167 3212 1266 3283 τὴν
1318 3210 1560 3280 ἔμφυτον
1601 3209 1814 3279 κίνησιν
1851 3205 1932 3276 τῷ

356 3304 507 3371 γένει
541 3303 1253 3375 συμπαραλαμϐανομένην,
1285 3306 1380 3357 καὶ
1405 3298 1776 3355 ποιοῦσαντοῦ
1801 3299 1932 3353 ὐπο-

356 3397 611 3466 κειμένου
656 3395 747 3449 τὸν
783 3396 1043 3466 ὁρισμὸν,
1089 3396 1157 3448 δι’
1196 3391 1257 3448 οὐ
1301 3396 1385 3449 ὅτι
1422 3394 1540 3448 ἐστὶ
1585 3393 1680 3446 καὶ
1715 3392 1771 3444 τί
1813 3392 1937 3444 ἐστι

357 3487 564 3557 κυρίως
590 3484 935 3557 γνωρίζεται,
979 3486 1114 3557 πρός
1148 3503 1207 3539 τε
1240 3485 1309 3538 τὰ
1337 3484 1557 3555 ὁμοειδῆ
1586 3483 1647 3536 τὸ
1679 3481 1930 3551 ἀπαράλ-

356 3576 550 3631 λακτον
584 3577 727 3647 ἔχον,
772 3577 870 3631 καὶ
908 3578 970 3629 τὸ
1019 3577 1275 3646 διάφορον
1324 3571 1481 3638 αὖθις
1531 3573 1669 3644 πρὸς
1714 3572 1784 3625 τὰ
1812 3574 1931 3624 ἐτε-

356 3667 563 3738 ροειδῆ·
601 3668 695 3725 καὶ
745 3669 795 3721 εἰ
835 3667 1014 3732 τοῦτο,
1065 3667 1180 3729 πῶς
1214 3666 1672 3734 δυνατὸν-φυσικῇ
1705 3663 1931 3731 δυνάμει

356 3758 691 3828 ἀμοιροῦντα
734 3759 878 3813 κατά
917 3759 1117 3828 σάρκα,
1155 3759 1245 3811 τὸν
1289 3756 1789 3826 ἐνανθρωπήσαντα
1835 3753 1931 3806 Λό-

355 3861 452 3915 γον
473 3847 763 3917 άνθρωπον
789 3848 1014 3911 τέλειον,
1067 3849 1099 3917 ἢ
1151 3848 1288 3909 ὅλως
1331 3846 1617 3916 ἄνθρωπον
1662 3842 1933 3916 χρηματί-

359 3939 499 4002 ζειν.
534 3941 610 3993 Οὐ
646 3939 754 4011 γὰρ
798 3940 920 4011 δίχα
960 3939 1196 4008 φυσικῆς
1239 3936 1521 4007 ἐνεργείας
1558 3937 1587 3989 ὁ
1619 3936 1926 4006 ἄνθρωπος,

355 4029 551 4102 ὥσπερ
592 4030 701 4083 οὐδ’
732 4029 868 4100 ἄλλη
911 4029 1075 4099 φύσις
1099 4030 1198 4098 τῆς
1231 4029 1439 4092 οἰκείας
1480 4028 1576 4082 καὶ
1614 4028 1926 4088 οὐσιώδους.

365 4118 433 4172 'H
468 4120 579 4191 γὰρ
608 4119 845 4191 ἔλλειψις
873 4121 1097 4191 ταύτης,
1144 4122 1179 4192 ἢ
1229 4121 1351 4176 οὐδὲ
1399 4118 1563 4189 φύσιν
1601 4115 1741 4173 εἶναι
1785 4119 1931 4171 ποιεῖ

354 4212 454 4279 τὴν
497 4210 682 4279 φύσιν,
711 4210 744 4282 ἢ
781 4210 884 4275 τὰς
915 4211 1098 4274 πάσας
1136 4211 1393 4283 ἀλλήλαις
1418 4211 1637 4275 ταυτὸν,
1674 4210 1769 4264 καὶ
1805 4211 1930 4265 ἀντὶ

357 4301 573 4355 πάντων
610 4302 764 4371 μίαν,
813 4304 881 4373 τῇ
929 4303 1214 4372 ἀπολείψει
1256 4304 1358 4372 τῆς
1404 4303 1743 4371 συνιστὼσης
1790 4320 1932 4374 συμ-

359 4389 623 4459 φυρείσας
659 4390 727 4444 δι’
758 4392 882 4445 ὅλου
916 4392 1300 4461 συγχυθείσας.
1332 4392 1395 4445 El.
1422 4392 1533 4462 γὰρ
1567 4393 1667 4445 οὐκ
1689 4392 1929 4462 ἀνέργη-

356 4498 447 4535 τον
475 4482 697 4550 λέγουσι
743 4482 805 4536 τὸ
854 4483 975 4536 καθ’
1010 4485 1158 4553 ἡμᾶς
1186 4483 1279 4536 τὸν
1308 4483 1504 4550 Λόγον,
1540 4483 1700 4553 δῆλον
1725 4483 1803 4546 ὡς
1829 4482 1930 4553 ἐμ-

357 4591 523 4642 φυτον
553 4574 649 4627 καὶ
684 4575 1034 4646 ἀνθρωπίνην
1064 4574 1344 4645 ἐνέργειαν
1388 4573 1581 4644 ἔχοντα
1610 4573 1797 4627 τοῦτόν
1825 4589 1928 4640 φα-

359 4680 434 4717 σι.
489 4662 614 4727 Πῶς
642 4663 752 4735 γὰρ
783 4664 848 4717 ἂν
891 4664 1102 4729 ἀλλως;
1154 4665 1230 4717 Οὐ
1277 4663 1386 4735 γὰρ
1424 4665 1666 4734 ἐνεργεῖν
1706 4662 1931 4716 δυνατὸν

358 4755 594 4823 φυσικῆς
645 4755 927 4825 ἐνεργείας
980 4754 1178 4824 χωρίς·
1222 4754 1410 4823 ὥσπέρ
1454 4755 1575 4808 οὐδὲ
1621 4753 1928 4822 ὑπάρχειν,

357 4843 545 4907 οὐσίας
597 4844 720 4913 δίχα
776 4844 879 4915 καὶ,
904 4843 1137 4913 φύσεως.
1182 4844 1326 4896 Ἀλλ’
1375 4845 1496 4898 οὐδὲ
1554 4844 1684 4915 μίαν
1746 4844 1928 4913 μόνον,

357 4935 421 4986 ἄν
465 4952 571 5006 περ
694 4935 793 5006 τὴν
844 4935 1005 5005 φύσιν
1053 4936 1303 4999 διπλοῦς,
1356 4936 1452 5005 τὴν
1498 4936 1741 5006 ἔμφυτον
1786 4937 1930 5006 ἔχειν

357 5022 641 5091 ἐνέργειαν
669 5024 759 5076 τὸν
803 5023 1151 5090 ἐνεργοῦντα,
1195 5025 1344 5075 πᾶσα
1380 5024 1591 5091 ἀνάγκη
1615 5040 1627 5051 ·
1677 5024 1802 5076 ἐπεὶ
1836 5024 1933 5076 καὶ

2036 1928 2281 1982 fatentur
2322 1931 2720 1998 compositam;
2752 1933 3154 1987 contrariorum
3202 1924 3412 1987 scilicet
3447 1942 3501 1986 ct
3528 1949 3621 1986 co-

2034 2034 2291 2089 rumqua:
2306 2022 2555 2090 opposita
2579 2022 2687 2075 sint
2707 2038 2993 2092 capacem;
3024 2039 3241 2091 nempe,
3265 2024 3549 2076 mortalem
3565 2033 3620 2075 et

2036 2108 2424 2174 immortalem,
2460 2113 2635 2165 oculis
2682 2112 3036 2181 conspicuam
3065 2121 3120 2165 et
3148 2112 3617 2180 iuaspcctabilem,

1992 2212 1995 2214 '
2033 2198 2504 2269 circumscriptam
2526 2211 2581 2255 et
2601 2203 3148 2272 iucircumscriptam,
3172 2211 3444 2256 carentem
3470 2203 3620 2271 prin-

2032 2286 2177 2356 cipio
2206 2297 2262 2342 et
2296 2305 2418 2358 quae
2444 2291 2717 2360 principio
2752 2293 2969 2357 subsit;
3007 2293 3152 2346 istud
3190 2293 3388 2346 merito
3422 2294 3529 2346 erit
3564 2301 3620 2345 et

2032 2381 2304 2447 operatio.
2360 2380 2482 2446 Quo
2523 2397 2659 2436 vero
2715 2383 2823 2437 alio
2860 2385 3041 2447 modo,
3096 2400 3258 2452 quam
3311 2386 3616 2439 secundum

2034 2469 2285 2525 habitum
2331 2480 2387 2526 et
2420 2472 2831 2541 privationem?
2883 2476 2959 2529 Ac
3012 2475 3213 2543 partim
3257 2474 3502 2544 quidem,
3557 2483 3618 2528 ut

2033 2574 2156 2630 qua:
2188 2563 2437 2627 exsistat,
2492 2564 2765 2633 patietur;
2816 2566 3013 2634 partim
3057 2582 3211 2629 vero,
3253 2578 3315 2620 ut
3346 2582 3467 2635 quae.
3502 2568 3618 2635 ipsa

2034 2666 2144 2707 non
2189 2652 2435 2718 exsistat,
2483 2652 2754 2707 diminute
2787 2662 2844 2707 et
2889 2653 3043 2721 quasi
3092 2654 3283 2707 umbra
3322 2653 3614 2708 substabit.

2031 2742 2138 2809 Qui
2187 2752 2372 2797 autem
2422 2743 2535 2807 fiat,
2586 2753 2649 2798 ut
2702 2744 2797 2797 tali
2844 2744 3106 2813 praeditus
3146 2747 3486 2814 operatione,
3528 2761 3617 2800 se-

2033 2831 2278 2885 cundum
2327 2831 2496 2895 idem,
2541 2841 2597 2886 et
2638 2847 2751 2885 non
2799 2832 2948 2885 aliud
2999 2841 3161 2901 atque
3191 2833 3339 2886 aliud
3374 2833 3618 2902 (quando

2034 2936 2139 2976 nec
2182 2921 2338 2996 ipsa)
2389 2924 2515 2976 talia
2568 2923 2867 2991 patiatur?
2920 2923 3251 2992 Operantem
3306 2926 3453 2978 enim
3508 2941 3621 2980 suae

2036 3013 2282 3083 eoaptari
2348 3015 2686 3084 operationi,
2738 3016 2989 3084 hancque
3039 3016 3116 3070 illi
3170 3031 3501 3086 congeneam
3554 3032 3619 3072 ac

2036 3103 2251 3158 afﬁnem
2274 3120 2426 3165 esse,
2458 3120 2682 3175 prorsus
2705 3120 2929 3160 necesse
2958 3115 3061 3160 est.
3108 3106 3421 3175 Ecquouam
3453 3108 3618 3161 modo

2036 3195 2203 3259 Deus,
2243 3196 2338 3264 qui
2378 3211 2488 3250 non
2512 3206 2732 3260 natura,
2759 3197 2854 3251 sed
2880 3198 3028 3251 illius
3072 3197 3265 3252 habitu
3299 3198 3404 3253 sit?
3430 3199 3621 3263 Quove

2037 3286 2200 3340 modo
2262 3286 2449 3351 homo,
2505 3288 2601 3356 qui
2654 3288 2999 3357 privatione,
3047 3299 3105 3344 et
3153 3304 3265 3343 non
3312 3290 3619 3344 substantia

2038 3388 2162 3428 vere
2229 3373 2379 3428 istud
2435 3376 2703 3430 exsistit?
2757 3376 3018 3443 Quaenam
3083 3394 3217 3433 vero
3257 3387 3454 3433 natura
3505 3380 3621 3448 ipsa

2036 3479 2204 3529 iners,
2249 3473 2345 3519 aut
2375 3481 2499 3535 qua:
2527 3469 2768 3522 naturali
2819 3469 3107 3524 deficiatur
3143 3472 3506 3540 operatione?
3528 3472 3619 3528 Uti

2036 3556 2181 3609 enim
2233 3572 2505 3626 nusquam
2564 3560 2889 3615 exsistentia
2942 3571 3103 3615 vacat
3148 3578 3215 3616 ac
3276 3564 3617 3628 substantia,

2036 3646 2113 3700 sic
2168 3660 2351 3717 neque
2398 3650 2639 3704 naturali
2700 3660 2858 3705 caret
2903 3653 3247 3722 operatione.
3295 3653 3393 3708 Sin
3434 3664 3619 3709 autem

2036 3736 2198 3808 hujus
2234 3753 2434 3808 expers
2477 3747 2583 3806 est,
2626 3741 2819 3810 utique
2870 3744 3035 3796 etiam
3091 3742 3241 3797 illius
3289 3758 3485 3813 expers
3528 3745 3617 3799 fu-

2036 3844 2156 3883 tura
2212 3839 2319 3884 est.
2369 3828 2527 3896 Quod
2576 3831 2725 3885 enim
2774 3832 2828 3886 vi
2900 3848 2963 3887 ac
3010 3832 3285 3889 facultate.
3332 3845 3502 3901 caret,
3556 3845 3618 3891 ut

2037 3940 2262 3993 prorsus
2279 3925 2553 3980 imbecille
2749 3936 2914 3997 atque
2941 3928 3261 3993 obscurum,
3285 3945 3456 3983 unum
3479 3931 3616 3984 nihil

2037 4024 2136 4071 est.
2174 4017 2232 4071 Si
2267 4018 2399 4086 quid
2432 4018 2579 4072 enim
2607 4016 2828 4072 demum
2863 4019 2917 4072 in
2950 4019 3116 4073 rebus
3139 4028 3243 4085 est,
3273 4022 3617 4075 constituen-

2039 4116 2144 4161 tem
2186 4109 2268 4161 sui
2293 4124 2357 4162 ac
2379 4108 2765 4179 insignientcm
2795 4110 3162 4165 differentiam
3187 4111 3355 4165 habet
3382 4113 3618 4182 (natura:

2038 4196 2254 4251 scilicet
2304 4197 2533 4251 insitum
2598 4199 2831 4267 motum)
2885 4214 3014 4268 qua,
3073 4215 3181 4253 una
3238 4214 3618 4269 cum‘genere

2039 4299 2339 4358 assumpta,
2387 4290 2622 4360 subjecti
2649 4290 2902 4345 deﬁnitio
2925 4300 3173 4345 struatur
3198 4291 3617 4361 subjectumquc

2039 4393 2159 4433 esse
2184 4395 2247 4434 ac
2274 4381 2543 4450 quidnam.
2589 4383 2725 4436 illud
2756 4383 2849 4447 sit,
2883 4384 3304 4448 manifestetur;
3339 4382 3612 4452 ejusmodi

1964 4464 2006 4517 1)
2039 4470 2271 4533 scilicet,
2316 4480 2376 4524 ut
2420 4488 2544 4526 cum
2607 4474 2691 4527 eis
2745 4490 2867 4543 quae
2918 4475 3166 4545 ejusdem
3214 4474 3431 4544 generis
3468 4487 3616 4539 sunt,

2040 4560 2187 4613 nulla
2212 4560 2660 4616 dissimilitudine
2686 4562 3017 4625 abhorrens,
3050 4564 3362 4625 conveniat,
3406 4579 3470 4618 ac
3499 4582 3622 4618 rur—

2039 4662 2131 4703 sus
2170 4649 2239 4703 ab
2291 4650 2391 4713 eis,
2435 4666 2557 4719 qua:
2581 4650 2786 4705 diversi
2832 4652 3053 4721 generis
3092 4659 3243 4715 sunt,
3272 4652 3512 4706 differat.
3542 4654 3621 4706 Ac

2038 4740 2081 4795 si
2137 4740 2211 4793 ita
2246 4751 2348 4803 est,
2394 4742 2489 4810 qui
2544 4742 2773 4797 omnino
2828 4742 2941 4807 fiat,
2994 4752 3056 4797 ut
3106 4745 3378 4799 naturalis
3423 4760 3621 4815 expers

2039 4832 2376 4901 operationis
2398 4832 2563 4900 (quod
2588 4834 2654 4888 ad
2681 4850 2900 4888 carnem
2923 4836 3164 4903 attinet),
3188 4837 3429 4891 Verbum
3456 4839 3621 4893 homo

2039 4921 2266 4986 factum,
2314 4924 2490 4993 ipsum
2541 4925 2707 4979 homo
2734 4926 3033 4994 perfectus,
3066 4935 3162 4982 aut
3200 4944 3429 4997 prorsus
3458 4931 3623 4984 homo

2037 5014 2312 5068 exsistat?
2354 5016 2474 5070 Non
2519 5017 2670 5070 enim
2712 5026 2798 5071 est
2841 5019 3023 5083 homo,
3073 5020 3168 5087 qui
3213 5021 3451 5075 naturali
3494 5036 3622 5087 ope-

357 5110 573 5167 ratione
598 5112 906 5179 deficiatur,
938 5114 1015 5168 uti
1037 5129 1133 5169 nec
1158 5113 1259 5168 alia
1291 5114 1494 5182 qumvis
1527 5120 1751 5180 natura,
1792 5113 2166 5185 quierpropria
2208 5128 2274 5168 ac
2311 5113 2595 5168 essentiali
2668 5122 2856 5169 careat
2912 5116 3195 5171 facultate.
3258 5116 3411 5182 Quod
3465 5116 3613 5172 enim

358 5199 475 5252 haec
506 5200 672 5267 desit,
705 5210 801 5254 aut
858 5203 908 5253 id
938 5213 1183 5268 praestat,
1220 5212 1368 5256 utne
1406 5203 1625 5271 quidem
1664 5213 1857 5257 natura
1881 5204 1973 5267 sit,
2011 5213 2181 5260 autut
2215 5213 2422 5260 naturae
2442 5219 2634 5259 omnes
2660 5206 2802 5259 inter
2826 5219 2886 5259 se
2918 5207 3059 5261 idem
3083 5209 3215 5271 sint,
3241 5223 3457 5274 unaque
3490 5208 3613 5261 vlce

354 5295 602 5349 omnium
634 5295 926 5363 habeatur,
956 5296 1023 5351 iis
1050 5313 1280 5367 prorsus
1314 5300 1622 5354 commistis
1644 5308 1813 5370 atque
1850 5299 2119 5365 confusis,
2151 5316 2247 5369 per
2277 5303 2395 5371 ejus
2425 5302 2509 5355 vis
2540 5302 2844 5358 absentiam
2876 5319 2941 5357 ac
2960 5304 3259 5371 facultatis,
3295 5319 3414 5373 quae
3471 5317 3610 5356 cou-

358 5389 534 5443 ttituit
582 5400 751 5458 atque
799 5390 1045 5463 insignit.
1115 5393 1171 5448 Si
1225 5395 1370 5450 enim
1460 5410 1568 5449 non
1623 5395 1772 5451 iners
1863 5410 2174 5465 expersque
2224 5396 2586 5466 operationis,

2672 5412 2734 5452 ea
2834 5401 3049 5454 ratione
3099 5400 3222 5467 quia
3271 5408 3358 5453 est
3414 5399 3607 5464 homo,

367 5479 599 5533 Verbum
637 5482 845 5548 dicunt,
889 5484 1061 5548 palam
1089 5484 1308 5540 insitam
1353 5501 1421 5542 ac
1482 5485 1784 5540 naturalem
1843 5486 2219 5555 operationem
2269 5488 2347 5541 illi
2409 5488 2717 5545 ascribunt.
2774 5489 2895 5555 Quo
2949 5491 3094 5543 enim
3148 5489 3257 5542 alio
3317 5491 3480 5544 modo
3532 5493 3619 5544 in-

357 5570 670 5640 telligatur?
705 5573 774 5629 Ut
802 5575 948 5628 enim
972 5575 1177 5645 aliquid
1200 5587 1458 5645 operetur
1497 5593 1605 5631 non
1643 5578 1881 5631 naturali
1907 5577 2105 5632 fultura
2140 5580 2482 5647 operatione,
2519 5579 2669 5634 haud
2730 5594 2971 5648 unquam
3022 5577 3135 5642 fiat,
3168 5579 3247 5632 uti
3313 5594 3492 5649 neque
3551 5592 3614 5637 ut

357 5661 566 5732 absque
590 5666 832 5720 essentia
858 5678 914 5722 et
944 5677 1135 5722 natura
1167 5670 1411 5726 exsistat.
1438 5669 1543 5726 Sed
1580 5686 1683 5725 nec
1716 5685 1878 5725 unam
1925 5670 2104 5726 solum
2148 5674 2528 5740 operationem
2568 5674 2877 5728 naturalem
2927 5671 3149 5740 habeat,
3180 5671 3271 5741 qui
3328 5683 3609 5744 operatur,

348 5765 583 5825 prorsns
613 5770 842 5813 necesse
869 5768 969 5826 est,
1004 5759 1273 5828 siquidem
1308 5762 1421 5830 ipse
1447 5761 1684 5830 duplicis
1730 5773 1943 5818 natura:
1982 5764 2235 5822 exsistat.
