4082 6394
461 326 597 389 H35

1694 314 2071 374 EUTilYMll
2127 313 2483 372 ZIGABENI

3579 306 3711 372 1236

526 436 679 493 Mitto
730 437 955 500 dicere,
1014 449 1113 490 nec
1162 430 1367 487 Christi
1425 431 1782 498 compositam
1845 443 2036 497 persu-

2214 428 2322 479 Kal.
2347 427 2504 495 παρῶ
2527 425 2729 493 λέγειν,
2753 426 2829 489 ὡς
2858 425 2979 478 οὐδὲ
3009 426 3207 494 ἄτομον
3240 424 3447 491 κυρίως
3477 421 3538 474 τὸ
3570 423 3714 475 κατά

456 545 581 583 nam
626 527 966 583 individuum
1025 525 1240 595 preprie
1289 537 1433 578 esse.
1485 520 1601 575 Non
1642 521 1784 575 enim
1818 518 2035 571 relatio-

455 632 576 670 nem
635 616 819 681 habet,
873 630 935 669 ea
997 614 1207 667 ratione
1277 610 1425 682 quod
1487 627 1550 666 ex
1624 608 2035 679 generalissimo

453 720 650 775 genere
704 721 801 776 per
851 718 1051 776 genera
1099 703 1417 759 subalterna
1484 702 1536 757 in
1578 701 2031 772 specialissimam

454 798 688 866 speciem
739 796 1031 861 dividatur,
1104 810 1375 865 suumque
1452 793 1508 847 in
1570 807 1635 847 ca
1716 805 2035 860 processum

452 888 695 944 deﬁniat.
753 887 929 957 Atque
960 888 1011 943 id
1067 903 1246 942 causa:
1294 894 1402 954 est,
1481 900 1600 947 cur,
1686 883 2033 954 sapientissi-

453 994 546 1032 mo
626 977 829 1050 Cyrillo
921 987 1165 1043 auctore,
1238 993 1436 1034 nomen
1520 976 1769 1032 Christus
1834 976 2032 1032 deﬁni-

456 1069 619 1124 tionis
665 1069 776 1123 vim
834 1069 1059 1124 minime
1148 1069 1368 1123 habeat.
1438 1067 1621 1137 Neque
1706 1067 1852 1123 enim
1911 1082 2035 1137 spe-

454 1160 564 1214 cies
620 1168 722 1227 est,
771 1175 899 1230 qua;
946 1161 1012 1214 dc
1068 1160 1251 1213 multis
1286 1175 1515 1215 numero
1558 1159 1837 1214 distinctis
1895 1173 2035 1227 prrs-

455 1250 689 1317 dicetur,
714 1264 889 1319 neque
922 1264 1048 1303 vero
1079 1249 1370 1321 essentiam
1393 1250 1715 1320 cujusquam
1738 1248 2033 1317 signiﬁcat.

455 1337 645 1407 Neque
671 1338 817 1392 enim
850 1338 1187 1392 individuum
1220 1347 1323 1402 est,
1360 1337 1500 1405 quod
1525 1338 1588 1390 ad
1648 1337 1883 1405 speciem
1942 1346 2036 1390 aut

456 1444 628 1499 genus
655 1429 963 1494 reducatur,
992 1429 1075 1484 vcl
1106 1430 1405 1484 secundum
1477 1431 1776 1484 essentiam
1826 1430 1895 1483 ab
1955 1429 2035 1482 eis

458 1519 972 1585 circumscribatur;
1004 1522 1098 1575 sed
1128 1535 1358 1589 persona
1381 1519 1705 1587 composita,
1726 1519 2034 1572 naturalem

459 1620 826 1663 extremorum
882 1611 1227 1678 divisionem,
1282 1613 1348 1665 ad
1416 1627 1684 1666 summam
1743 1611 1799 1665 in
1856 1611 2034 1681 seipsa

2138 518 2377 589 Χριστὸν
2436 517 2689 570 σύνθετον
2769 516 2990 584 λέγεται
3074 516 3389 583 πρόσωπον.
3464 516 3538 567 Οὐ
3597 516 3711 583 γὰρ

2139 608 2324 676 σχέσιν
2372 609 2486 676 ἔχει
2519 608 2563 638 ⁸³
2617 608 2754 678 πρὸς
2802 607 2900 676 τὴν
2944 609 3010 659 ἐκ
3066 605 3160 657 τοῦ
3213 606 3580 672 γενικωτάτου
3616 607 3710 671 γέ-

2136 714 2259 759 νους
2324 696 2412 750 διὰ
2447 696 2555 747 τῶν
2618 695 2905 761 ὑπάλληλα
2947 693 3287 764 καθιεμένην
3354 695 3529 762 γενῶν
3566 694 3703 763 πρὸς

2135 789 2196 841 τὸ
2248 780 2597 840 εἰδικώτατον
2643 782 2783 850 εἶδος
2809 787 3102 858 διαίρεσιν,
3147 785 3245 839 καὶ
3304 787 3362 839 ὲν
3404 786 3555 854 αύτῷ
3602 780 3704 855 τὴν

2135 878 2337 931 οἰκείαν
2370 879 2594 950 πρόοδον
2637 878 3108 947 περιγράφουσαν.
3182 878 3348 931 Ὅθεν
3387 877 3477 930 διὰ
3522 877 3704 939 τοῦτο,

2137 971 2280 1028 κατὰ
2309 971 2400 1023 τὸν
2459 970 2786 1039 σοφώτατον
2827 970 3114 1040 Κύριλλον,
3158 970 3220 1023 τὸ
3245 969 3472 1038 Χριστὸς
3516 970 3708 1038 ὅνομα,

2137 1063 2259 1115 οὔτε
2312 1063 2440 1130 ὅρου
2475 1063 2707 1130 δύναμιν
2732 1062 2869 1131 ἔχει’
2927 1061 3050 1113 οὐδὲ
3100 1062 3209 1129 γὰρ
3243 1056 3386 1124 εἶδός
3429 1063 3546 1114 ἐστι
3578 1063 3708 1114 πολ.

2138 1154 2245 1206 λῶν
2299 1152 2517 1223 ἀριθμῷ
2576 1154 2944 1225 διαφερόντων
3005 1155 3511 1225 κατηγορούμενον,
3579 1154 3706 1208 οὔτε

2141 1246 2247 1315 μὴν
2276 1246 2376 1315 τήν
2417 1246 2559 1307 τινος
2594 1244 2783 1295 οὐσίαν
2819 1243 2991 1313 δηλοῖ.
3019 1242 3157 1298 Οὑδέ
3189 1244 3297 1312 γὰρ
3332 1245 3532 1313 ἆτομόν
3558 1246 3705 1308 ἐστι,

2136 1338 2272 1406 πρὸς
2298 1331 2433 1399 εἶδος
2474 1335 2507 1405 ἢ
2544 1336 2696 1402 γένος
2717 1337 3070 1404 ἀναγόμενον,
3131 1335 3164 1404 ἦ
3213 1333 3334 1387 κατ’
3361 1335 3549 1388 οὐσίαν
3598 1337 3706 1389 ὑπὸ

2136 1427 2339 1481 τούτων
2400 1427 2899 1496 περιγραφόμενον⁸
2953 1426 3068 1479 ἀλλ’
3094 1427 3395 1490 ὑπόστασις
3422 1427 3704 1491 σύνθετος,

2134 1522 2233 1589 τὴν
2285 1521 2523 1590 φυσικὴν
2578 1521 2685 1573 τῶν
2743 1521 2927 1589 ἄκρων
2978 1520 3242 1589 διαίρεσιν
3274 1520 3333 1571 ὲν
3377 1520 3550 1590 ἑαυτῇ
3579 1522 3703 1575 κατ’

2136 1608 2301 1680 ἀκρον
2329 1610 2677 1674 ταυτίζουσα,
2708 1609 2800 1662 καὶ
2831 1608 2911 1672 εἰς
2945 1607 3001 1660 ἓν
3022 1607 3229 1677 ἄγουσα
3250 1611 3319 1678 τῇ
3348 1610 3458 1663 τῶν
3481 1609 3704 1663 οἰκείων

461 1701 797 1757 identitatem
819 1713 978 1771 atque
1011 1704 1545 1773 unitatem,partium
1573 1717 1796 1758 suarum
1832 1703 2032 1758 unione

2138 1705 2325 1755 ὲνώσει
2367 1702 2570 1772 μερῶν.

465 1793 704 1847 trahens.

462 1899 714 1969 Eiusdem
748 1902 802 1955 in
833 1901 929 1954 illa
959 1901 1133 1963 verba,
1167 1919 1184 1951 ι
1222 1899 1400 1963 Pater,
1420 1899 1465 1952 si
1497 1900 1613 1969 ﬁeri
1641 1906 1826 1964 potest,
1860 1908 2034 1953 trans-

949 1980 1032 2023 eat
1073 1987 1104 2024 a
1128 1986 1209 2024 me
1229 1970 1371 2022 calix
1398 1971 1547 2023 iste.»

535 2083 591 2138 Si
630 2083 759 2140 illud
797 2083 1019 2149 :Pater,
1053 2084 1097 2136 si
1138 2082 1256 2152 ﬁeri
1315 2091 1507 2150 potest,
1569 2090 1803 2136 transeat
1875 2097 1908 2134 a
1952 2095 2035 2134 me

457 2176 599 2230 calix
647 2177 687 2240 ¹,
714 2176 933 2243 pavoris
998 2177 1100 2228 vim
1153 2174 1374 2239 habens,
1417 2175 1497 2228 sic
1541 2172 1779 2227 hominis
1839 2171 2030 2227 existi-

458 2283 599 2335 mas,
630 2277 688 2321 ut
719 2266 1024 2321 Servatoris
1061 2280 1183 2320 esse
1222 2280 1328 2319 non
1368 2274 1546 2335 putes,
1586 2265 1729 2333 quod
1762 2262 1880 2331 ejus
1936 2276 2034 2317 vo-

458 2361 637 2415 luntas
669 2359 780 2415 Deo
821 2373 927 2415 non
998 2359 1337 2423 adversetur,
1388 2358 1643 2428 quoniam
1683 2371 1748 2411 ex
1810 2355 1921 2411 Deo
1960 2356 2035 2411 sit

460 2462 594 2518 tota,
618 2454 710 2505 sed
741 2450 972 2506 hominis
1002 2451 1157 2515 meri,
1187 2450 1378 2521 quales
1408 2465 1505 2504 nos
1532 2464 1738 2513 sumus,
1767 2449 1857 2517 qui
1926 2448 2036 2504 Deo

460 2544 513 2596 in
542 2542 727 2598 multis
754 2542 982 2609 resistit,
1013 2543 1352 2605 adversatur,
1385 2550 1444 2595 ut
1494 2540 1654 2596 divus
1716 2539 1791 2593 ait
1840 2540 2038 2610 Grego-

462 2635 595 2699 rius,
655 2632 865 2701 reliqua
894 2631 979 2686 illa
1008 2631 1340 2701 precationis
1389 2644 1516 2699 pars
1547 2627 1709 2684 :Non
1746 2628 1884 2698 quod
1942 2646 2036 2697 ego

459 2723 595 2787 volo,
629 2721 719 2775 sed
769 2731 864 2773 tua
914 2720 1154 2774 voluntas
1192 2719 1362 2773 valeat
1388 2718 1435 2781 ',
1470 2716 1776 2772 formidinis
1821 2730 1890 2771 an
1925 2719 2036 2771 vir-

461 2814 615 2876 tutis,
647 2825 873 2868 summa:
932 2809 1333 2879 conjunctionis
1401 2825 1470 2864 an
1530 2807 1890 2864 dissensionis
1928 2808 2034 2862 vim

460 2907 665 2962 habere
704 2905 916 2960 videtur
967 2903 1116 2958 tibi?
1188 2901 1360 2962 Nemo
1420 2903 1682 2972 profecto,
1727 2902 1819 2972 qui
1871 2916 2036 2956 sanus

460 2998 554 3060 sit,
609 3011 671 3051 ea
721 2993 1091 3052 vcrbatimori
1144 3003 1200 3048 et
1258 2992 1627 3063 repugnantia:
1668 2991 1893 3055 tribuet,
1939 2990 2035 3048 sed

460 3086 831 3157 conjunctioni
865 3084 1046 3155 potius
1075 3083 1329 3153 perlectis
1357 3090 1412 3137 et
1448 3081 1824 3138 consensioni.

533 3264 685 3331 Quod
708 3263 755 3318 si
782 3261 1183 3332 conjunctionis
1221 3270 1302 3316 est
1332 3259 1586 3329 perfectae
1615 3270 1778 3330 atque
1804 3275 2038 3317 consen-

464 3356 657 3421 sionis,
693 3368 759 3409 ex
788 3368 1025 3423 quonam
1067 3352 1329 3421 suscipit?
1363 3366 1429 3419 ex
1455 3351 1694 3412 homine,
1720 3354 1909 3422 quales
1940 3369 2039 3408 nos

461 3461 669 3514 sumus,
712 3454 805 3500 aut
858 3459 924 3499 ex
953 3443 1202 3509 homine,
1235 3443 1328 3512 qui
1360 3444 1656 3497 secundum
1694 3442 2037 3501 Servatorcm

462 3536 829 3608 intelligitur?
873 3536 944 3590 At
976 3535 1021 3589 si
1060 3550 1125 3589 ex
1148 3534 1371 3592 homine
1392 3534 1652 3604 simplici,
1713 3535 1902 3604 quales
1940 3550 2040 3590 nos

461 3644 665 3698 sumus,
689 3626 856 3682 falsus
881 3635 965 3682 est
985 3639 1164 3681 sermo
1232 3625 1606 3696 praeceptoris,
1665 3639 1825 3695 quem
1895 3626 2037 3680 dixi-

460 3735 601 3785 mus,
632 3733 756 3773 cum
791 3717 1028 3773 divinam
1052 3716 1274 3770 omnino
1316 3716 1650 3771 voluntatem
1683 3731 1790 3771 non
1838 3731 2038 3788 sequa-

462 3821 570 3876 tur,
604 3812 699 3866 sed
731 3809 780 3879 ei
808 3809 1123 3879 plerumque
1148 3817 1434 3877 repugnet.
1481 3806 1619 3861 Nam
1676 3808 1723 3861 si
1766 3810 2035 3878 sequitur,

462 3919 569 3959 non
596 3910 881 3974 repugnat,
906 3902 989 3955 sin
1024 3909 1312 3969 repugnat,
1342 3914 1452 3953 non
1482 3900 1752 3970 sequitur.
1786 3902 2033 3956 Alterura

461 3993 606 4046 enim
636 3991 703 4046 ab
740 3991 915 4045 altero
960 3998 1018 4043 ut
1072 4003 1102 4043 a
1143 3988 1424 4044 contrario
1461 3990 1669 4045 tollitur
1687 4000 1741 4046 et
1760 3991 2035 4047 aufertur.

2143 1904 2254 1958 Τοῦ
2285 1905 2472 1957 αὑτοῦ
2505 1904 2574 1956 ἐκ
2621 1902 2733 1956 τοῦ
2777 1904 2866 1969 εὶς
2897 1905 2985 1969 τὸ,
3025 1922 3045 1955 ι
3081 1904 3292 1973 Πάτερ,
3332 1907 3385 1958 sl
3419 1904 3706 1969 δυνατὸν,

2244 1974 2587 2042 παρελθέτω
2611 1973 2713 2028 ἀπ’
2755 1974 2903 2042 ἐμοῦ
2935 1977 3000 2027 τὸ
3028 1975 3321 2043 ποτήριον
3348 1975 3546 2029 τοῦτο.
3573 1993 3593 2027 ι

2209 2090 2271 2142 El
2301 2087 2382 2153 τδ,
2408 2089 2622 2157 Πάτερ,
2654 2092 2705 2144 ει
2731 2089 3018 2155 δυνατὸν,
3051 2089 3402 2157 παρελθέτω
3430 2090 3533 2145 ἀπ’
3559 2090 3710 2159 ἐμοῦ

2135 2180 2201 2234 τὸ
2226 2180 2538 2248 ποτήριον,
2571 2180 2839 2250 συστολῆς
2870 2181 3111 2250 ἔμφασιν
3139 2180 3263 2249 ἕχον
3293 2180 3388 2233 τοῦ
3414 2182 3708 2252 ἀνθρώπου

2135 2272 2456 2342 λαμθάνεις,
2483 2273 2546 2325 οὐ
2577 2273 2672 2325 τοῦ
2706 2273 2847 2326 κατά
2879 2274 2971 2325 τὸν
3016 2273 3251 2342 Σωτῆρα
3287 2275 3579 2343 νοουμένου
3601 2291 3616 2306 ’
3646 2276 3710 2327 τὸ

2137 2364 2245 2434 γὰρ
2282 2364 2491 2417 ἐκείνου
2543 2365 2723 2418 θέλειν
2776 2364 2898 2417 οὐδὲ
2953 2366 3278 2418 ὑπεναντίον
3329 2366 3468 2436 Θεῷ,
3504 2366 3708 2419 θεωθὲν

2138 2455 2282 2519 ὅλον,
2311 2453 2447 2506 ἀλλά
2478 2453 2576 2507 τοῦ
2612 2454 2735 2507 καθ’
2764 2455 2914 2523 ἡμᾶς
2943 2452 3021 2516 ὼς
3075 2454 3137 2505 οὐ
3184 2453 3406 2515 πάντως
3435 2454 3707 2522 ἑπομένου

2137 2543 2216 2612 τῷ
2249 2542 2413 2612 Θείῳ,
2464 2541 2581 2595 ἀλλ’
2604 2542 3023 2605 ἀντιπίπτοντος
3056 2542 3132 2606 ὡς
3160 2542 3230 2595 τὰ
3260 2541 3453 2606 πολλὰ,
3487 2541 3585 2596 καὶ
3612 2543 3708 2594 ἀν-

2139 2635 2540 2698 τιπαλαίοντος,
2645 2650 2815 2704 φησιν
2845 2636 2874 2686 6
2915 2634 3061 2698 θεῐος
3112 2635 3441 2705 Γρηγόριος,
3481 2634 3545 2691 τὸ
3576 2632 3703 2700 ἑξῆς

2136 2727 2234 2793 τῆς
2259 2725 2450 2795 εὐχῆς,
2483 2724 2653 2793 ἤγουν
2678 2723 2741 2778 τὸ
2768 2727 2892 2794 οὐχ
2916 2725 2947 2779 ὃ
2964 2725 3079 2795 ἐγὼ
3097 2724 3270 2787 θέλω,
3300 2725 3460 2779 ἀλλὰ
3488 2726 3558 2779 τὸ
3590 2726 3708 2778 σὸν

2138 2817 2402 2885 ίσχυέτω
2437 2818 2688 2883 θέλημα,
2713 2816 2769 2870 τί
2806 2833 2889 2870 σοι
2917 2818 3084 2882 δοκεῖ,
3110 2816 3377 2885 συστολῆς
3416 2815 3707 2885 ὑπάρχειν,

2145 2909 2172 2978 ἢ
2205 2906 2427 2977 ἀνδρίας
2455 2924 2470 2973 ;
2505 2906 2841 2971 συννεύσεως
2861 2907 3063 2978 ἄκρας,
3097 2907 3130 2976 ἢ
3166 2908 3540 2971 διαστάσεως;
3565 2905 3710 2958 Ἀλλ’

2138 3000 2220 3053 ὅτι
2252 2998 2352 3067 μὲν
2401 2999 2505 3052 οὒκ
2546 2998 2962 3062 ἀντιπτώσεως,
2992 2997 3121 3050 οὔτε
3160 2998 3394 3063 δειλίας,
3429 2996 3712 3067 συμφυτας

2064 3095 2107 3157 C
2141 3091 2194 3144 δὲ
2233 3091 2438 3160 μᾶλλον
2468 3092 2718 3153 ἐντελοῦς
2750 3092 2848 3145 καὶ
2888 3089 3262 3157 συννεύσεως,
3294 3089 3471 3152 οὐδεὶς
3493 3089 3714 3161 ἀντερεῖ

2142 3182 2248 3235 τῶν
2277 3181 2401 3235 νοῦν
2429 3181 2681 3251 ἑχόντων.

2213 3276 2327 3329 Καὶ
2372 3277 2424 3328 εί
2465 3275 2750 3345 συμφυΐας
2789 3273 3040 3338 ἐντελοῦς
3088 3275 3186 3329 καὶ
3242 3276 3604 3340 συννεύσεως,
3648 3276 3713 3327 ὲκ

2139 3369 2285 3431 τίνος
2309 3368 2516 3437 ταύτην
2548 3366 2845 3438 προσδέχῃ,
2886 3365 2984 3420 τοῦ
3009 3365 3134 3420 καθ’
3177 3367 3347 3436 ἡμᾶς,
3379 3365 3412 3439 ἢ
3439 3368 3539 3421 τοῦ
3569 3371 3713 3421 κατὰ

2138 3460 2232 3512 τὸν
2260 3458 2491 3530 Σωτῆρα
2520 3458 2813 3522 νοουμένου
2848 3456 3179 3526 ἀνθρώπους
3225 3457 3365 3510 Ἀλλ’
3402 3458 3452 3509 εί
3487 3458 3589 3527 μὲν
3616 3457 3712 3512 τοῦ

2140 3550 2262 3603 καθ’
2291 3552 2463 3619 ἡμᾶς,
2492 3550 2815 3622 ἡμάρτηται
2840 3548 2974 3619 περὶ
3003 3547 3173 3603 αὐτοῦ
3195 3549 3533 3619 διαγορεύων
3562 3553 3591 3603 ὁ
3615 3549 3713 3603 τοῦ

2143 3640 2400 3711 ῥηθέντος
2424 3639 2754 3693 διδασκάλου
2784 3639 2967 3707 λόγος,
2993 3639 3069 3702 ὡς
3092 3640 3155 3693 οὐ
3184 3639 3404 3702 πάντως
3438 3640 3712 3709 ἑπομένου

2138 3733 2216 3801 τῷ
2244 3731 2377 3803 θείῳ
2400 3730 2689 3802 θελήματι,
2714 3730 2831 3785 ἀλλ’
2865 3731 3287 3796 ἀντιπίπτοντος
3319 3732 3394 3795 ὡς
3420 3733 3490 3786 τὰ
3517 3733 3711 3797 πολλὰ,

2139 3825 2236 3877 καὶ
2262 3824 2738 3889 ἀντιπαλαίοντος.
2774 3824 2835 3879 Ei
2859 3824 2968 3895 γὰρ
2991 3824 3205 3891 ἕπεται,
3239 3827 3340 3881 οὐκ
3373 3827 3710 3892 ἀντιπίπτει,

2139 3915 2235 3967 καὶ
2257 3914 2307 3967 εί
2340 3914 2681 3980 ἀντιπίπτει,
2718 3915 2818 3985 οὐχ
2849 3915 3065 3967 ἕπεται.
3097 3915 3325 3986 Θατέρῳ
3349 3919 3456 3984 γὰρ
3482 3918 3714 3995 θάτερον

2138 4009 2211 4071 ὡς
2241 4008 2620 4079 ἀντικείμενον
2659 4010 2971 4080 ἀναιρεῖται
3009 4011 3104 4063 καὶ
3148 4011 3547 4080 ὑπεξέστη-ταν
3580 4022 3628 4073 εί
3658 4021 3715 4074 δὲ

461 4084 615 4149 Quod
644 4083 690 4138 si
732 4081 960 4147 homini,
997 4096 1104 4135 non
1139 4082 1327 4151 quales
1379 4096 1479 4136 nos
1532 4097 1743 4148 sumus,
1800 4097 1947 4139 mero
1983 4094 2036 4140 et

2141 4100 2221 4171 μὴ
2246 4100 2344 4153 τοῦ
2379 4099 2506 4154 καθ’
2534 4102 2703 4170 ἡμᾶς,
2735 4099 2873 4153 ἀλλὰ
2899 4102 2992 4159 τοῦ
3018 4103 3161 4160 κατά
3186 4103 3280 4162 τὸν
3306 4110 3535 4179 Σωτῆρα
3562 4129 3717 4164 νοου-

460 4175 718 4244 simplici,
765 4176 859 4228 sed
890 4184 947 4229 ut
976 4174 1248 4230 Servatori
1282 4173 1474 4229 tribuis
1501 4176 1662 4230 verba
1695 4175 1785 4229 illa
1844 4193 1859 4229 :
1912 4175 2035 4229 Non

2141 4190 2305 4259 μένου
2349 4189 2642 4260 ἀνθρώπου
2702 4190 3000 4266 λαμϐάνεις
3026 4198 3107 4261 τὸ,
3145 4200 3268 4268 Οὐχ
3305 4198 3337 4252 ὃ
3538 4201 3694 4255 θέλω

461 4265 598 4334 quod
630 4280 723 4334 ego
763 4265 901 4331 volo,
937 4266 1027 4318 sed
1082 4273 1173 4319 tua
1229 4265 1475 4319 voluntas
1533 4267 1730 4333 valeat,
1765 4282 2034 4322 summam

2138 4247 2301 4334 sua
2327 4281 2393 4336 τὸ
2425 4247 2542 4335 οἶόν
2576 4247 2834 4356 ὶσχυέιῖω
2863 4247 3111 4358 θέλημα,
3139 4247 3450 4363 τὴνὴἄκρέν
3492 4290 3585 4344 τοῦ

464 4362 716 4420 humana:
743 4360 1036 4419 voluntatis
1067 4376 1187 4419 cum
1210 4361 1393 4419 divina
1432 4362 1604 4432 ipsius
1638 4363 1914 4419 voluntate
1940 4378 2036 4433 pa-

2140 4373 2421 4443 θρωπικοῦ
2448 4380 2584 4449 πρὸς
2607 4380 2669 4433 τὸ
2704 4381 2849 4433 θεῖον
2881 4380 3046 4432 αὑτοῦ
3081 4360 3294 4450 θέλημα
3325 4384 3418 4434 καὶ
3445 4383 3716 4450 πατρικὸν

465 4473 619 4512 terna
666 4459 1081 4513 consensionem
1119 4457 1420 4522 conllteris,
1451 4466 1505 4510 et
1536 4458 1670 4510 duas
1710 4454 2036 4529 voluntates,

2455 4422 2581 4449 ..τις
2617 4422 2669 4433 .-
2707 4422 2844 4433 η...
2881 4422 3045 4432 η.--
3083 4422 3294 4450 "mu..-
3326 4422 3418 4434 η...
3452 4422 3714 4450 "Mr..."

2136 4465 2497 4543 ὡμολόγησας
2524 4472 2827 4538 σύννευσιν,
2864 4473 2957 4525 καὶ
3003 4472 3096 4525 δύο
3127 4471 3222 4525 τοῦ
3269 4472 3459 4526 διπλοῦ
3486 4472 3584 4545 τὴν
3617 4474 3719 4543 φύ-

462 4556 704 4622 duasque
749 4551 993 4606 actiones
1064 4548 1342 4607 naturales
1370 4547 1640 4621 duplicem
1677 4555 2036 4609 nabcntisua-

2142 4584 2229 4619 σιν
2261 4568 2358 4627 τάς
2386 4582 2443 4617 τε
2477 4566 2726 4635 θελήσεις
2771 4565 2863 4617 καὶ
2890 4564 3172 4635 ἐνεργείας
3193 4564 3337 4618 κατά
3361 4565 3525 4634 φύσιν
3549 4566 3717 4631 οὔσας

466 4660 641 4702 turam
675 4643 985 4710 constituis,
1027 4658 1149 4698 cum
1179 4653 1359 4700 tamen
1386 4659 1577 4698 earum
1628 4655 1825 4699 neutra
1882 4648 2036 4704 alteri

2142 4656 2501 4725 παρέστησας
2537 4657 2594 4707 ὲν
2648 4655 2912 4724 οὐδετέρᾳ
2961 4656 3061 4723 τὴν
3114 4652 3338 4708 οίανοῦν
3394 4657 3715 4709 ἐναντίωσιν

463 4743 802 4800 adversetur,
858 4738 987 4792 licet
1034 4738 1340 4792 naturalem
1398 4737 1456 4791 in
1490 4738 1741 4794 omnibus
1793 4740 2036 4797 differen-

2141 4746 2383 4815 ἐχοντος,
2426 4746 2477 4796 εί
2501 4746 2594 4797 καὶ
2633 4743 2732 4813 τὴν
2760 4744 3001 4813 φυσικὴν
3026 4744 3085 4795 ἐν
3107 4743 3276 4796 πᾶσιν
3309 4740 3424 4813 εἷχε
3449 4741 3715 4813 διαφορὰν

462 4833 594 4885 tiam
622 4830 877 4885 habuerit
904 4843 1119 4896 eorum,
1148 4845 1215 4886 ex
1264 4830 1482 4899 quibus,
1512 4838 1568 4882 et
1612 4830 1666 4884 in
1738 4833 1936 4901 quibus
1983 4844 2036 4890 et

2142 4838 2252 4890 τῶν
2283 4837 2344 4900 ἐξ
2372 4831 2470 4900 ὧν,
2529 4836 2588 4887 εν
2618 4830 2703 4899 αἷς
2738 4852 2797 4888 τε
2850 4837 2947 4889 καὶ
2998 4834 3146 4902 ἅπερ
3179 4831 3249 4907 ἦν
3301 4837 3329 4887 ό
3367 4835 3531 4898 αὐτὸς
3577 4837 3717 4888 κατά

463 4939 583 4995 quae
610 4931 730 4999 erat
751 4923 868 4994 ipse
892 4926 1192 4979 secundum
1222 4932 1495 4978 naturam.
1523 4918 1596 4975 At
1638 4922 1685 4977 si
1734 4923 2036 4981 rationibus

2146 4928 2328 4997 φύσιν.
2360 4928 2419 4980 El
2449 4927 2505 4980 δὲ
2532 4927 2743 4991 τούτοις
2770 4926 3154 4998 ἐξειργόμενος
3181 4927 3295 4990 τοῖς
3316 4927 3599 4998 λογισμοῖς
3627 4930 3717 4980 ἐπὶ

464 5017 550 5071 his
576 5015 756 5069 victus
785 5030 850 5070 eo
888 5015 1220 5085 profugeris,
1247 5024 1305 5067 ut
1334 5014 1507 5077 dicas,
1559 5028 1744 5083 neque
1799 5014 2036 5073 hominis

2137 5019 2199 5071 τὸ
2229 5019 2414 5086 λέγειν
2460 5020 2725 5089 προάγεις
2761 5018 2902 5088 μήτε
2940 5016 3035 5070 τοῦ
3098 5018 3223 5071 καθ’
3253 5019 3422 5089 ἡμᾶς,
3454 5018 3593 5088 μήτε
3625 5017 3718 5070 τοῦ

463 5108 607 5177 puri,
639 5106 826 5178 quales
848 5122 949 5162 nos
977 5122 1188 5171 sumus,
1222 5121 1400 5175 neque
1445 5106 1685 5161 hominis
1719 5116 1777 5162 ut
1838 5107 2036 5167 Serva-

2139 5110 2279 5163 κατὰ
2300 5111 2393 5162 τὸν
2419 5110 2648 5179 Σωτῆρα
2675 5109 2972 5178 νοουμένου
3000 5104 3292 5181 ἀνθρώπου
3317 5109 3611 5177 τυγχάνειν
3635 5108 3717 5171 τὸ,

466 5202 598 5258 toris
648 5215 768 5256 esse
795 5212 859 5254 ea
904 5200 1072 5254 verba
1109 5216 1122 5252 :
1156 5196 1276 5251 Non
1305 5197 1443 5267 quod
1472 5213 1564 5267 ego
1595 5198 1732 5263 volo,
1792 5201 1889 5255 sed
1945 5200 2041 5271 per

462 5296 810 5365 negationem
850 5295 918 5349 ad
957 5290 1229 5361 Unigeniti
1265 5289 1533 5358 principio
1569 5300 1847 5346 carentem
1902 5293 2042 5347 divi-

463 5391 687 5445 nitatem
725 5388 940 5456 referri,
962 5388 1108 5455 quod
1158 5395 1354 5449 praeter
1399 5380 1615 5437 Patrem
1662 5384 1779 5451 ipse
1827 5385 2042 5453 proprie

463 5480 667 5550 aliquid
690 5481 826 5535 velte
849 5496 953 5534 non
985 5477 1157 5549 possit
1182 5495 1197 5531 :
1232 5489 1366 5544 ergo
1390 5474 1602 5542 etquod
1642 5475 1834 5539 noluit,
1862 5477 1912 5529 id
1935 5487 2041 5540 est,

464 5573 651 5629 calicis
706 5572 1039 5641 deprecatio,
1098 5571 1166 5622 ad
1227 5568 1397 5635 ipsam
1448 5566 1717 5635 principio
1769 5578 2043 5622 carentem

465 5661 802 5739 divinitatem
831 5662 1140 5718 nctessario
1164 5657 1444 5715 referetur.
1504 5658 1641 5714 Nam
1697 5659 1744 5715 si
1799 5659 2045 5729 negatio-

532 5780 553 5813 ¹
584 5780 776 5839 Matth.
809 5797 930 5837 τινι
961 5822 975 5847 ,
1002 5782 1091 5838 39.
1168 5782 1187 5813 ²
1212 5780 1343 5834 ibid.

2143 5204 2265 5271 Οὐχ
2294 5202 2324 5256 ὃ
2364 5200 2478 5271 ἐγὼ
2509 5204 2678 5267 θέλω,
2700 5202 2814 5255 ἀλλ’
2829 5202 3142 5274 ἀρνητικῶς
3185 5201 3277 5253 ἐπὶ
3297 5204 3397 5271 τῆς
3425 5190 3515 5253 τοῦ
3547 5201 3722 5254 Μονο-

2141 5296 2336 5364 γενοῦς
2364 5296 2610 5365 ἀνάρχου
2636 5294 2891 5364 θεότητος
2924 5294 3194 5365 φέρεσθαι
3225 5294 3317 5347 τοῦ
3340 5312 3390 5347 τι
3420 5293 3594 5347 θέλειν
3624 5293 3723 5344 αὐ-

2140 5389 2230 5441 τὸν
2263 5389 2409 5450 ἰδίως
2433 5389 2586 5458 παρά
2610 5388 2704 5440 τὸν
2742 5386 2959 5457 Πατέρα
2987 5387 3225 5456 διεῖργον
3253 5402 3266 5416 ·
3309 5380 3510 5437 οὐκοῦν
3534 5385 3627 5437 καὶ
3662 5383 3725 5435 τὸ

2146 5480 2377 5549 θεληθὲν
2399 5481 2536 5549 ὅπερ
2565 5479 2718 5531 ἐστὶν
2750 5481 2782 5549 ἡ
2808 5478 2902 5530 τοῦ
2933 5479 3202 5549 ποτηρίου
3256 5476 3592 5547 παραίτησις
3628 5473 3724 5526 ἐπὶ

2144 5573 2318 5640 αὐτῆς
2346 5573 2561 5639 ἀνάγκη
2589 5573 2774 5640 φέρειν
2798 5570 2895 5638 τῆς
2924 5571 3162 5640 ἁνάρχου
3197 5570 3473 5638 θεότητος.
3521 5567 3579 5618 El
3614 5566 3724 5632 γὰρ

2149 5666 2245 5718 καὶ
2277 5664 2371 5718 τοῦ
2420 5682 2474 5717 τι
2522 5664 2697 5717 θέλειν
2762 5662 2911 5725 ίδίως
2968 5662 3255 5731 ἀναίρεσιν
3309 5662 3414 5730 φὴς
3447 5658 3593 5727 ἔχειν
3626 5654 3725 5726 τὴν
