  <div class='ocr_page' id='page_1' title='image "/cluster/home/n/w/nwhite01/storage/ocr_20150623/130:no.3/coo.31924054870351/578.png"; bbox 0 0 4082 6406; ppageno 0'>
   <div class='ocr_carea' id='block_1_1' title="bbox 376 409 509 473">
    <p class='ocr_par' dir='ltr' id='par_1_1' title="bbox 376 409 509 473">
     <span class='ocr_line' id='line_1_1' title="bbox 376 409 509 473; baseline -0.008 0"><span class='ocrx_word' id='word_1_1' title='bbox 376 409 509 473; x_wconf 69' lang='grc'><strong>1137</strong></span> 
     </span>
    </p>
   </div>
   <div class='ocr_carea' id='block_1_2' title="bbox 1337 418 2711 493">
    <p class='ocr_par' dir='ltr' id='par_1_2' title="bbox 1337 418 2711 493">
     <span class='ocr_line' id='line_1_2' title="bbox 1337 418 2711 493; baseline 0.012 -16"><span class='ocrx_word' id='word_1_2' title='bbox 1337 418 1713 481; x_wconf 76' lang='grc' dir='ltr'><strong>ΡΑΝΟΡῙ.ῘΛ</strong></span> <span class='ocrx_word' id='word_1_3' title='bbox 1759 420 2216 485; x_wconf 60' lang='grc' dir='ltr'><strong>ΒΟΟΜΑΤΙΟᾹ.</strong></span> <span class='ocrx_word' id='word_1_4' title='bbox 2262 450 2331 458; x_wconf 89' lang='grc'><strong>·-</strong></span> <span class='ocrx_word' id='word_1_5' title='bbox 2365 427 2514 489; x_wconf 75' lang='grc' dir='ltr'><strong>ΤΙΤ.</strong></span> <span class='ocrx_word' id='word_1_6' title='bbox 2552 430 2711 493; x_wconf 76' lang='lat' dir='ltr'><strong>XXI.</strong></span> 
     </span>
    </p>
   </div>
   <div class='ocr_carea' id='block_1_3' title="bbox 3509 445 3643 510">
    <p class='ocr_par' dir='ltr' id='par_1_3' title="bbox 3509 445 3643 510">
     <span class='ocr_line' id='line_1_3' title="bbox 3509 445 3643 510; baseline 0.03 -4"><span class='ocrx_word' id='word_1_7' title='bbox 3509 445 3643 510; x_wconf 64' lang='lat'><strong>11138</strong></span> 
     </span>
    </p>
   </div>
   <div class='ocr_carea' id='block_1_4' title="bbox 372 522 1948 623">
    <p class='ocr_par' dir='ltr' id='par_1_4' title="bbox 372 522 1948 607">
     <span class='ocr_line' id='line_1_4' title="bbox 372 522 1948 607; baseline 0.01 -32"><span class='ocrx_word' id='word_1_8' title='bbox 372 522 622 591; x_wconf 79' lang='grc' dir='ltr'>ἄρνησιν,</span> <span class='ocrx_word' id='word_1_9' title='bbox 649 524 767 579; x_wconf 76' lang='grc' dir='ltr'>ἀλλ’</span> <span class='ocrx_word' id='word_1_10' title='bbox 791 526 853 579; x_wconf 76' lang='grc' dir='ltr'>οὗ</span> <span class='ocrx_word' id='word_1_11' title='bbox 884 527 980 582; x_wconf 67' lang='grc' dir='ltr'>καὶ</span> <span class='ocrx_word' id='word_1_12' title='bbox 1005 529 1101 584; x_wconf 76' lang='grc' dir='ltr'>τοῦ</span> <span class='ocrx_word' id='word_1_13' title='bbox 1138 530 1454 603; x_wconf 69' lang='grc' dir='ltr'>θεληιθέντος</span> <span class='ocrx_word' id='word_1_14' title='bbox 1488 536 1806 607; x_wconf 81' lang='grc' dir='ltr'>ἀποσκευήν</span> <span class='ocrx_word' id='word_1_15' title='bbox 1831 554 1845 568; x_wconf 84' lang='grc'>⁶</span> <span class='ocrx_word' id='word_1_16' title='bbox 1887 538 1948 591; x_wconf 81' lang='grc' dir='ltr'>οὐ</span> 
     </span>
    </p>
   </div>
   <div class='ocr_carea' id='block_1_5' title="bbox 2053 522 3644 623">
    <p class='ocr_par' dir='ltr' id='par_1_5' title="bbox 2060 541 3644 623">
     <span class='ocr_line' id='line_1_5' title="bbox 2060 541 3644 623; baseline 0.013 -33"><span class='ocrx_word' id='word_1_17' title='bbox 2060 551 2179 591; x_wconf 89' lang='lat' dir='ltr'><strong>nem</strong></span> <span class='ocrx_word' id='word_1_18' title='bbox 2210 554 2329 593; x_wconf 82' lang='lat' dir='ltr'><strong>eam</strong></span> <span class='ocrx_word' id='word_1_19' title='bbox 2356 541 2553 598; x_wconf 83' lang='lat' dir='ltr'><strong>habere</strong></span> <span class='ocrx_word' id='word_1_20' title='bbox 2584 545 2690 599; x_wconf 83' lang='lat' dir='ltr'><strong>vim</strong></span> <span class='ocrx_word' id='word_1_21' title='bbox 2710 544 2866 610; x_wconf 75' lang='lat' dir='ltr'><strong>dicis,</strong></span> <span class='ocrx_word' id='word_1_22' title='bbox 2903 556 2959 599; x_wconf 89' lang='lat' dir='ltr'><strong>ut</strong></span> <span class='ocrx_word' id='word_1_23' title='bbox 2983 546 3153 614; x_wconf 88' lang='lat' dir='ltr'><strong>tollat,</strong></span> <span class='ocrx_word' id='word_1_24' title='bbox 3190 564 3254 603; x_wconf 86' lang='lat' dir='ltr'><strong>uc</strong></span> <span class='ocrx_word' id='word_1_25' title='bbox 3287 551 3486 623; x_wconf 89' lang='lat' dir='ltr'><strong>aliquid</strong></span> <span class='ocrx_word' id='word_1_26' title='bbox 3518 570 3644 623; x_wconf 86' lang='lat' dir='ltr'><strong>pro—</strong></span> 
     </span>
    </p>
   </div>
   <div class='ocr_carea' id='block_1_6' title="bbox 373 615 1955 699">
    <p class='ocr_par' dir='ltr' id='par_1_6' title="bbox 373 615 1955 699">
     <span class='ocr_line' id='line_1_6' title="bbox 373 615 1955 699; baseline 0.013 -33"><span class='ocrx_word' id='word_1_27' title='bbox 373 615 485 686; x_wconf 70' lang='grc' dir='ltr'><strong>γὰρ</strong></span> <span class='ocrx_word' id='word_1_28' title='bbox 532 621 619 670; x_wconf 75' lang='grc' dir='ltr'><strong>ἐπ’</strong></span> <span class='ocrx_word' id='word_1_29' title='bbox 650 622 855 689; x_wconf 78' lang='grc' dir='ltr'>ἀμφοῖν</span> <span class='ocrx_word' id='word_1_30' title='bbox 882 623 1133 677; x_wconf 85' lang='grc' dir='ltr'>τίθεσθαι</span> <span class='ocrx_word' id='word_1_31' title='bbox 1182 627 1280 697; x_wconf 83' lang='grc' dir='ltr'>τὴν</span> <span class='ocrx_word' id='word_1_32' title='bbox 1315 628 1548 699; x_wconf 77' lang='grc' dir='ltr'><strong>ἄρνησιν</strong></span> <span class='ocrx_word' id='word_1_33' title='bbox 1578 631 1825 695; x_wconf 79' lang='grc' dir='ltr'>δυνατὸν,</span> <span class='ocrx_word' id='word_1_34' title='bbox 1859 633 1955 686; x_wconf 78' lang='grc' dir='ltr'>καὶ</span> 
     </span>
    </p>
   </div>
   <div class='ocr_carea' id='block_1_7' title="bbox 372 711 1951 798">
    <p class='ocr_par' dir='ltr' id='par_1_7' title="bbox 372 711 1951 798">
     <span class='ocr_line' id='line_1_7' title="bbox 372 711 1951 798; baseline 0.011 -36"><span class='ocrx_word' id='word_1_35' title='bbox 372 711 465 762; x_wconf 73' lang='grc' dir='ltr'>τοῦ</span> <span class='ocrx_word' id='word_1_36' title='bbox 494 730 545 764; x_wconf 81' lang='grc' dir='ltr'><strong>τι</strong></span> <span class='ocrx_word' id='word_1_37' title='bbox 573 713 749 766; x_wconf 89' lang='grc' dir='ltr'>οέλειν</span> <span class='ocrx_word' id='word_1_38' title='bbox 786 716 928 781; x_wconf 83' lang='grc' dir='ltr'>ίδίως</span> <span class='ocrx_word' id='word_1_39' title='bbox 966 719 1059 773; x_wconf 83' lang='grc' dir='ltr'>τὸν</span> <span class='ocrx_word' id='word_1_40' title='bbox 1083 720 1368 793; x_wconf 79' lang='grc' dir='ltr'>Μονογενῆ</span> <span class='ocrx_word' id='word_1_41' title='bbox 1401 725 1554 795; x_wconf 71' lang='grc' dir='ltr'>παρὰ</span> <span class='ocrx_word' id='word_1_42' title='bbox 1583 725 1676 779; x_wconf 84' lang='grc' dir='ltr'>τὸν</span> <span class='ocrx_word' id='word_1_43' title='bbox 1709 726 1951 798; x_wconf 85' lang='grc' dir='ltr'>Πατέρα,</span> 
     </span>
    </p>
   </div>
   <div class='ocr_carea' id='block_1_8' title="bbox 375 806 983 877">
    <p class='ocr_par' dir='ltr' id='par_1_8' title="bbox 375 806 983 877">
     <span class='ocr_line' id='line_1_8' title="bbox 375 806 983 877; baseline 0.018 -21"><span class='ocrx_word' id='word_1_44' title='bbox 375 806 472 857; x_wconf 81' lang='grc' dir='ltr'>καὶ</span> <span class='ocrx_word' id='word_1_45' title='bbox 504 807 597 861; x_wconf 78' lang='grc' dir='ltr'><strong>τοῦ</strong></span> <span class='ocrx_word' id='word_1_46' title='bbox 637 808 983 877; x_wconf 81' lang='grc' dir='ltr'>θεληθέντος.</span> 
     </span>
    </p>
   </div>
   <div class='ocr_carea' id='block_1_9' title="bbox 445 985 1952 1071">
    <p class='ocr_par' dir='ltr' id='par_1_9' title="bbox 445 985 1952 1071">
     <span class='ocr_line' id='line_1_9' title="bbox 445 985 1952 1071; baseline 0.011 -34"><span class='ocrx_word' id='word_1_47' title='bbox 445 985 507 1037; x_wconf 77' lang='lat' dir='ltr'><strong>El</strong></span> <span class='ocrx_word' id='word_1_48' title='bbox 542 987 597 1040; x_wconf 81' lang='grc' dir='ltr'>δὲ</span> <span class='ocrx_word' id='word_1_49' title='bbox 624 988 701 1057; x_wconf 81' lang='grc' dir='ltr'>μὴ</span> <span class='ocrx_word' id='word_1_50' title='bbox 727 990 957 1045; x_wconf 83' lang='grc' dir='ltr'>δυνατὸν</span> <span class='ocrx_word' id='word_1_51' title='bbox 982 993 1072 1047; x_wconf 75' lang='grc' dir='ltr'><strong>ἐπ’</strong></span> <span class='ocrx_word' id='word_1_52' title='bbox 1099 994 1302 1066; x_wconf 80' lang='grc' dir='ltr'>άμφοίν</span> <span class='ocrx_word' id='word_1_53' title='bbox 1335 998 1544 1054; x_wconf 78' lang='grc' dir='ltr'><strong>τιθέναι</strong></span> <span class='ocrx_word' id='word_1_54' title='bbox 1569 999 1667 1068; x_wconf 82' lang='grc' dir='ltr'>τὴν</span> <span class='ocrx_word' id='word_1_55' title='bbox 1695 1001 1952 1071; x_wconf 76' lang='grc' dir='ltr'><strong>ἄρνησιν,</strong></span> 
     </span>
    </p>
   </div>
   <div class='ocr_carea' id='block_1_10' title="bbox 373 1075 1951 1162">
    <p class='ocr_par' dir='ltr' id='par_1_10' title="bbox 373 1075 1951 1162">
     <span class='ocr_line' id='line_1_10' title="bbox 373 1075 1951 1162; baseline 0.012 -35"><span class='ocrx_word' id='word_1_56' title='bbox 373 1075 556 1144; x_wconf 84' lang='grc' dir='ltr'>δῆλον,</span> <span class='ocrx_word' id='word_1_57' title='bbox 591 1080 669 1141; x_wconf 82' lang='grc' dir='ltr'><strong>ὡς</strong></span> <span class='ocrx_word' id='word_1_58' title='bbox 699 1083 748 1135; x_wconf 86' lang='grc' dir='ltr'><strong>εί</strong></span> <span class='ocrx_word' id='word_1_59' title='bbox 783 1085 991 1155; x_wconf 74' lang='grc' dir='ltr'>ταύτην</span> <span class='ocrx_word' id='word_1_60' title='bbox 1017 1088 1109 1140; x_wconf 73' lang='grc' dir='ltr'><strong>ἐπὶ</strong></span> <span class='ocrx_word' id='word_1_61' title='bbox 1138 1088 1198 1141; x_wconf 78' lang='grc' dir='ltr'><strong>τό</strong></span> <span class='ocrx_word' id='word_1_62' title='bbox 1250 1107 1303 1142; x_wconf 85' lang='grc' dir='ltr'><strong>τι</strong></span> <span class='ocrx_word' id='word_1_63' title='bbox 1358 1091 1537 1144; x_wconf 81' lang='grc' dir='ltr'>θέλειν</span> <span class='ocrx_word' id='word_1_64' title='bbox 1592 1092 1737 1154; x_wconf 77' lang='grc' dir='ltr'>ἰδίως</span> <span class='ocrx_word' id='word_1_65' title='bbox 1772 1093 1951 1162; x_wconf 81' lang='grc' dir='ltr'><strong>ἄγεις,</strong></span> 
     </span>
    </p>
   </div>
   <div class='ocr_carea' id='block_1_11' title="bbox 375 1168 1954 1253">
    <p class='ocr_par' dir='ltr' id='par_1_11' title="bbox 375 1168 1954 1253">
     <span class='ocr_line' id='line_1_11' title="bbox 375 1168 1954 1253; baseline 0.01 -32"><span class='ocrx_word' id='word_1_66' title='bbox 375 1168 464 1223; x_wconf 79' lang='grc' dir='ltr'>ἵνα</span> <span class='ocrx_word' id='word_1_67' title='bbox 494 1171 592 1241; x_wconf 75' lang='grc' dir='ltr'>τὴν</span> <span class='ocrx_word' id='word_1_68' title='bbox 621 1174 715 1227; x_wconf 84' lang='grc' dir='ltr'>τοῦ</span> <span class='ocrx_word' id='word_1_69' title='bbox 750 1176 935 1231; x_wconf 74' lang='grc' dir='ltr'>κοινοῦ</span> <span class='ocrx_word' id='word_1_70' title='bbox 993 1182 1229 1253; x_wconf 77' lang='grc' dir='ltr'><strong>ποιήσῃς</strong></span> <span class='ocrx_word' id='word_1_71' title='bbox 1263 1182 1412 1237; x_wconf 82' lang='grc' dir='ltr'>θέσιν</span> <span class='ocrx_word' id='word_1_72' title='bbox 1455 1182 1787 1253; x_wconf 86' lang='grc' dir='ltr'>θελήματος,</span> <span class='ocrx_word' id='word_1_73' title='bbox 1848 1185 1954 1237; x_wconf 82' lang='grc' dir='ltr'>οὐκ</span> 
     </span>
    </p>
   </div>
   <div class='ocr_carea' id='block_1_12' title="bbox 377 1262 1951 1345">
    <p class='ocr_par' dir='ltr' id='par_1_12' title="bbox 377 1262 1951 1345">
     <span class='ocr_line' id='line_1_12' title="bbox 377 1262 1951 1345; baseline 0.008 -29"><span class='ocrx_word' id='word_1_74' title='bbox 377 1262 697 1343; x_wconf 71' lang='grc' dir='ltr'>ἀναιρήσεις</span> <span class='ocrx_word' id='word_1_75' title='bbox 743 1269 804 1323; x_wconf 76' lang='grc' dir='ltr'><strong>τὸ</strong></span> <span class='ocrx_word' id='word_1_76' title='bbox 867 1271 1115 1338; x_wconf 76' lang='grc' dir='ltr'>θεληθὲν,</span> <span class='ocrx_word' id='word_1_77' title='bbox 1166 1275 1337 1344; x_wconf 73' lang='grc' dir='ltr'>ἡγουν</span> <span class='ocrx_word' id='word_1_78' title='bbox 1388 1275 1489 1344; x_wconf 75' lang='grc' dir='ltr'>τὴν</span> <span class='ocrx_word' id='word_1_79' title='bbox 1536 1275 1632 1329; x_wconf 81' lang='grc' dir='ltr'>τοῦ</span> <span class='ocrx_word' id='word_1_80' title='bbox 1683 1277 1951 1345; x_wconf 72' lang='grc' dir='ltr'><strong>ποτηρίου</strong></span> 
     </span>
    </p>
   </div>
   <div class='ocr_carea' id='block_1_13' title="bbox 375 1359 1952 1439">
    <p class='ocr_par' dir='ltr' id='par_1_13' title="bbox 375 1359 1952 1439">
     <span class='ocr_line' id='line_1_13' title="bbox 375 1359 1952 1439; baseline 0.009 -29"><span class='ocrx_word' id='word_1_81' title='bbox 375 1359 730 1430; x_wconf 79' lang='grc' dir='ltr'>παραίτησιν,</span> <span class='ocrx_word' id='word_1_82' title='bbox 761 1362 896 1416; x_wconf 74' lang='grc' dir='ltr'><strong>ἀλλὰ</strong></span> <span class='ocrx_word' id='word_1_83' title='bbox 924 1366 1043 1417; x_wconf 82' lang='grc' dir='ltr'>κατ’</span> <span class='ocrx_word' id='word_1_84' title='bbox 1088 1367 1262 1437; x_wconf 85' lang='grc' dir='ltr'>αὐτῆς</span> <span class='ocrx_word' id='word_1_85' title='bbox 1306 1368 1550 1432; x_wconf 75' lang='grc' dir='ltr'><strong>ἐποίσεις</strong></span> <span class='ocrx_word' id='word_1_86' title='bbox 1575 1370 1673 1439; x_wconf 83' lang='grc' dir='ltr'>τῆς</span> <span class='ocrx_word' id='word_1_87' title='bbox 1710 1370 1952 1439; x_wconf 85' lang='grc' dir='ltr'>ἀνάρχου</span> 
     </span>
    </p>
   </div>
   <div class='ocr_carea' id='block_1_14' title="bbox 372 1450 1949 1530">
    <p class='ocr_par' dir='ltr' id='par_1_14' title="bbox 372 1450 1949 1530">
     <span class='ocr_line' id='line_1_14' title="bbox 372 1450 1949 1530; baseline 0.01 -29"><span class='ocrx_word' id='word_1_88' title='bbox 372 1450 661 1519; x_wconf 76' lang='grc' dir='ltr'>Θεὸτητος,</span> <span class='ocrx_word' id='word_1_89' title='bbox 693 1454 777 1519; x_wconf 75' lang='grc' dir='ltr'><strong>ἐφ’</strong></span> <span class='ocrx_word' id='word_1_90' title='bbox 817 1455 884 1526; x_wconf 84' lang='grc' dir='ltr'>ἢν</span> <span class='ocrx_word' id='word_1_91' title='bbox 917 1456 1236 1527; x_wconf 84' lang='grc' dir='ltr'>άρνητικῶς</span> <span class='ocrx_word' id='word_1_92' title='bbox 1285 1460 1379 1513; x_wconf 74' lang='grc' dir='ltr'>καὶ</span> <span class='ocrx_word' id='word_1_93' title='bbox 1409 1461 1470 1512; x_wconf 79' lang='grc' dir='ltr'>τὸ</span> <span class='ocrx_word' id='word_1_94' title='bbox 1505 1461 1684 1523; x_wconf 74' lang='grc' dir='ltr'>θέλειν</span> <span class='ocrx_word' id='word_1_95' title='bbox 1733 1462 1949 1530; x_wconf 77' lang='grc' dir='ltr'>ἀνήγα-</span> 
     </span>
    </p>
   </div>
   <div class='ocr_carea' id='block_1_15' title="bbox 372 1542 1954 1621">
    <p class='ocr_par' dir='ltr' id='par_1_15' title="bbox 372 1542 1954 1621">
     <span class='ocr_line' id='line_1_15' title="bbox 372 1542 1954 1621; baseline 0.009 -28"><span class='ocrx_word' id='word_1_96' title='bbox 372 1558 490 1607; x_wconf 84' lang='grc' dir='ltr'>γες.</span> <span class='ocrx_word' id='word_1_97' title='bbox 516 1543 577 1595; x_wconf 85' lang='lat' dir='ltr'><strong>Ei</strong></span> <span class='ocrx_word' id='word_1_98' title='bbox 600 1543 654 1595; x_wconf 81' lang='grc' dir='ltr'>δὲ</span> <span class='ocrx_word' id='word_1_99' title='bbox 676 1542 838 1599; x_wconf 60' lang='grc' dir='ltr'>ῒοῦτο</span> <span class='ocrx_word' id='word_1_100' title='bbox 867 1548 974 1601; x_wconf 75' lang='grc' dir='ltr'>κᾶν</span> <span class='ocrx_word' id='word_1_101' title='bbox 998 1549 1199 1604; x_wconf 75' lang='grc' dir='ltr'>ἐννοεῖν</span> <span class='ocrx_word' id='word_1_102' title='bbox 1221 1551 1518 1615; x_wconf 72' lang='grc' dir='ltr'>ἀπευκτὸν,</span> <span class='ocrx_word' id='word_1_103' title='bbox 1544 1553 1654 1620; x_wconf 83' lang='grc' dir='ltr'>ἄρα</span> <span class='ocrx_word' id='word_1_104' title='bbox 1674 1569 1737 1620; x_wconf 87' lang='grc' dir='ltr'><strong>γε</strong></span> <span class='ocrx_word' id='word_1_105' title='bbox 1765 1554 1954 1621; x_wconf 80' lang='grc' dir='ltr'>σαφῶς</span> 
     </span>
    </p>
   </div>
   <div class='ocr_carea' id='block_1_16' title="bbox 373 1632 1950 1714">
    <p class='ocr_par' dir='ltr' id='par_1_16' title="bbox 373 1632 1950 1714">
     <span class='ocr_line' id='line_1_16' title="bbox 373 1632 1950 1714; baseline 0.008 -29"><span class='ocrx_word' id='word_1_106' title='bbox 373 1632 606 1687; x_wconf 69' lang='grc' dir='ltr'>ἐνταῦθα</span> <span class='ocrx_word' id='word_1_107' title='bbox 625 1636 655 1701; x_wconf 84' lang='grc' dir='ltr'>ἡ</span> <span class='ocrx_word' id='word_1_108' title='bbox 675 1635 925 1709; x_wconf 74' lang='grc' dir='ltr'>ἄρνησις,</span> <span class='ocrx_word' id='word_1_109' title='bbox 947 1639 1208 1708; x_wconf 85' lang='grc' dir='ltr'>ῆγουν,τδ</span> <span class='ocrx_word' id='word_1_110' title='bbox 1227 1658 1244 1692; x_wconf 80' lang='grc' dir='ltr'><strong>ι</strong></span> <span class='ocrx_word' id='word_1_111' title='bbox 1257 1642 1368 1712; x_wconf 72' lang='grc' dir='ltr'><strong>Οὐχ</strong></span> <span class='ocrx_word' id='word_1_112' title='bbox 1385 1641 1413 1695; x_wconf 86' lang='lat'><strong>6</strong></span> <span class='ocrx_word' id='word_1_113' title='bbox 1427 1642 1537 1710; x_wconf 72' lang='grc' dir='ltr'><strong>ἐγὼ</strong></span> <span class='ocrx_word' id='word_1_114' title='bbox 1555 1643 1717 1706; x_wconf 74' lang='grc' dir='ltr'>θέλω,</span> <span class='ocrx_word' id='word_1_115' title='bbox 1744 1662 1761 1694; x_wconf 74' lang='grc' dir='ltr'><strong>ι</strong></span> <span class='ocrx_word' id='word_1_116' title='bbox 1775 1644 1950 1714; x_wconf 81' lang='grc' dir='ltr'><strong>πάντη</strong></span> 
     </span>
    </p>
   </div>
   <div class='ocr_carea' id='block_1_17' title="bbox 373 1724 1955 1806">
    <p class='ocr_par' dir='ltr' id='par_1_17' title="bbox 373 1724 1955 1806">
     <span class='ocr_line' id='line_1_17' title="bbox 373 1724 1955 1806; baseline 0.009 -30"><span class='ocrx_word' id='word_1_117' title='bbox 373 1724 472 1795; x_wconf 80' lang='grc' dir='ltr'>τὴν</span> <span class='ocrx_word' id='word_1_118' title='bbox 502 1729 820 1795; x_wconf 72' lang='grc' dir='ltr'>ἐναντίωσιν</span> <span class='ocrx_word' id='word_1_119' title='bbox 849 1731 1369 1803; x_wconf 79' lang='grc' dir='ltr'>άποσκευαζομένη,</span> <span class='ocrx_word' id='word_1_120' title='bbox 1399 1735 1498 1804; x_wconf 80' lang='grc' dir='ltr'><strong>τὴν</strong></span> <span class='ocrx_word' id='word_1_121' title='bbox 1547 1735 1644 1788; x_wconf 75' lang='grc' dir='ltr'><strong>τοῦ</strong></span> <span class='ocrx_word' id='word_1_122' title='bbox 1671 1736 1955 1806; x_wconf 84' lang='grc' dir='ltr'>ἀνθρωπι-</span> 
     </span>
    </p>
   </div>
   <div class='ocr_carea' id='block_1_18' title="bbox 375 1817 1952 1898">
    <p class='ocr_par' dir='ltr' id='par_1_18' title="bbox 375 1817 1952 1898">
     <span class='ocr_line' id='line_1_18' title="bbox 375 1817 1952 1898; baseline 0.007 -29"><span class='ocrx_word' id='word_1_123' title='bbox 375 1817 477 1870; x_wconf 80' lang='grc' dir='ltr'>κοῦ</span> <span class='ocrx_word' id='word_1_124' title='bbox 508 1819 600 1872; x_wconf 83' lang='grc' dir='ltr'>τοῦ</span> <span class='ocrx_word' id='word_1_125' title='bbox 628 1821 881 1892; x_wconf 78' lang='grc' dir='ltr'>Σωτῆρος</span> <span class='ocrx_word' id='word_1_126' title='bbox 912 1823 1050 1893; x_wconf 73' lang='grc' dir='ltr'>πρὸς</span> <span class='ocrx_word' id='word_1_127' title='bbox 1095 1824 1157 1877; x_wconf 79' lang='grc' dir='ltr'>τὸ</span> <span class='ocrx_word' id='word_1_128' title='bbox 1196 1824 1342 1880; x_wconf 81' lang='grc' dir='ltr'>θεῖον</span> <span class='ocrx_word' id='word_1_129' title='bbox 1382 1827 1551 1881; x_wconf 81' lang='grc' dir='ltr'>αὐτοῦ</span> <span class='ocrx_word' id='word_1_130' title='bbox 1608 1827 1820 1898; x_wconf 82' lang='grc' dir='ltr'>θέλημα</span> <span class='ocrx_word' id='word_1_131' title='bbox 1858 1829 1952 1882; x_wconf 83' lang='grc' dir='ltr'>καὶ</span> 
     </span>
    </p>
   </div>
   <div class='ocr_carea' id='block_1_19' title="bbox 372 1911 1952 1990">
    <p class='ocr_par' dir='ltr' id='par_1_19' title="bbox 372 1911 1952 1990">
     <span class='ocr_line' id='line_1_19' title="bbox 372 1911 1952 1990; baseline 0.008 -30"><span class='ocrx_word' id='word_1_132' title='bbox 372 1911 642 1978; x_wconf 72' lang='grc' dir='ltr'>πατρικὸν</span> <span class='ocrx_word' id='word_1_133' title='bbox 679 1914 964 1982; x_wconf 79' lang='grc' dir='ltr'>συμφυΐαν</span> <span class='ocrx_word' id='word_1_134' title='bbox 1014 1918 1372 1988; x_wconf 78' lang='grc' dir='ltr'>παρίστησιν,</span> <span class='ocrx_word' id='word_1_135' title='bbox 1404 1918 1481 1981; x_wconf 81' lang='grc' dir='ltr'><strong>ὡς</strong></span> <span class='ocrx_word' id='word_1_136' title='bbox 1512 1920 1644 1990; x_wconf 86' lang='grc' dir='ltr'>ὅλην</span> <span class='ocrx_word' id='word_1_137' title='bbox 1690 1920 1814 1974; x_wconf 79' lang='grc' dir='ltr'>ὅλου</span> <span class='ocrx_word' id='word_1_138' title='bbox 1850 1920 1952 1990; x_wconf 76' lang='grc' dir='ltr'>τὴν</span> 
     </span>
    </p>
   </div>
   <div class='ocr_carea' id='block_1_20' title="bbox 374 2003 1951 2082">
    <p class='ocr_par' dir='ltr' id='par_1_20' title="bbox 374 2003 1951 2082">
     <span class='ocr_line' id='line_1_20' title="bbox 374 2003 1951 2082; baseline 0.006 -27"><span class='ocrx_word' id='word_1_139' title='bbox 374 2005 542 2073; x_wconf 79' lang='grc' dir='ltr'>φύσιν</span> <span class='ocrx_word' id='word_1_140' title='bbox 574 2003 935 2071; x_wconf 80' lang='grc' dir='ltr'>οὐσιωθέντος</span> <span class='ocrx_word' id='word_1_141' title='bbox 966 2008 1060 2061; x_wconf 80' lang='grc' dir='ltr'><strong>τοῦ</strong></span> <span class='ocrx_word' id='word_1_142' title='bbox 1079 2010 1285 2078; x_wconf 76' lang='grc' dir='ltr'>Λόγου,</span> <span class='ocrx_word' id='word_1_143' title='bbox 1310 2012 1405 2064; x_wconf 60' lang='grc' dir='ltr'><strong>κα)⁸</strong></span> <span class='ocrx_word' id='word_1_144' title='bbox 1434 2012 1567 2082; x_wconf 83' lang='grc' dir='ltr'>ὃλην</span> <span class='ocrx_word' id='word_1_145' title='bbox 1597 2015 1664 2082; x_wconf 79' lang='grc' dir='ltr'><strong>τῇ</strong></span> <span class='ocrx_word' id='word_1_146' title='bbox 1692 2011 1951 2065; x_wconf 86' lang='grc' dir='ltr'>οὐσιώσει</span> 
     </span>
    </p>
   </div>
   <div class='ocr_carea' id='block_1_21' title="bbox 372 2093 1953 2175">
    <p class='ocr_par' dir='ltr' id='par_1_21' title="bbox 372 2093 1953 2175">
     <span class='ocr_line' id='line_1_21' title="bbox 372 2093 1953 2175; baseline 0.008 -28"><span class='ocrx_word' id='word_1_147' title='bbox 372 2093 698 2160; x_wconf 76' lang='grc' dir='ltr'>θεὼσαντος.</span> <span class='ocrx_word' id='word_1_148' title='bbox 735 2099 901 2152; x_wconf 87' lang='grc' dir='ltr'>Ὅθεν</span> <span class='ocrx_word' id='word_1_149' title='bbox 928 2101 1003 2163; x_wconf 85' lang='grc' dir='ltr'><strong>ὡς</strong></span> <span class='ocrx_word' id='word_1_150' title='bbox 1034 2101 1103 2156; x_wconf 82' lang='grc' dir='ltr'><strong>δι’</strong></span> <span class='ocrx_word' id='word_1_151' title='bbox 1135 2105 1287 2173; x_wconf 70' lang='grc' dir='ltr'>ἡμᾶς</span> <span class='ocrx_word' id='word_1_152' title='bbox 1339 2104 1465 2158; x_wconf 84' lang='grc' dir='ltr'>καθ’</span> <span class='ocrx_word' id='word_1_153' title='bbox 1505 2105 1654 2175; x_wconf 76' lang='grc' dir='ltr'>ἡμᾶς</span> <span class='ocrx_word' id='word_1_154' title='bbox 1705 2103 1953 2174; x_wconf 86' lang='grc' dir='ltr'>γεγονὼς</span> 
     </span>
    </p>
   </div>
   <div class='ocr_carea' id='block_1_22' title="bbox 371 2185 1949 2265">
    <p class='ocr_par' dir='ltr' id='par_1_22' title="bbox 371 2185 1949 2265">
     <span class='ocr_line' id='line_1_22' title="bbox 371 2185 1949 2265; baseline 0.006 -26"><span class='ocrx_word' id='word_1_155' title='bbox 371 2185 559 2254; x_wconf 79' lang='grc' dir='ltr'>ἔλεγεν</span> <span class='ocrx_word' id='word_1_156' title='bbox 588 2188 1079 2260; x_wconf 79' lang='grc' dir='ltr'>ἀνθρωποπρεπῶς</span> <span class='ocrx_word' id='word_1_157' title='bbox 1110 2194 1247 2263; x_wconf 76' lang='grc' dir='ltr'>πρὸς</span> <span class='ocrx_word' id='word_1_158' title='bbox 1275 2194 1369 2247; x_wconf 79' lang='grc' dir='ltr'>τὸν</span> <span class='ocrx_word' id='word_1_159' title='bbox 1413 2196 1546 2249; x_wconf 78' lang='grc' dir='ltr'>Θεὸν</span> <span class='ocrx_word' id='word_1_160' title='bbox 1581 2197 1678 2249; x_wconf 79' lang='grc' dir='ltr'>καὶ</span> <span class='ocrx_word' id='word_1_161' title='bbox 1705 2197 1949 2265; x_wconf 79' lang='grc' dir='ltr'>Πατέρα,</span> 
     </span>
    </p>
   </div>
   <div class='ocr_carea' id='block_1_23' title="bbox 372 2268 1953 2359">
    <p class='ocr_par' dir='ltr' id='par_1_23' title="bbox 372 2268 1953 2359">
     <span class='ocr_line' id='line_1_23' title="bbox 372 2268 1953 2359; baseline 0.009 -28"><span class='ocrx_word' id='word_1_162' title='bbox 372 2280 469 2340; x_wconf 71' lang='grc' dir='ltr'><strong>Μὴ</strong></span> <span class='ocrx_word' id='word_1_163' title='bbox 498 2268 563 2332; x_wconf 67' lang='grc' dir='ltr'>τὸ</span> <span class='ocrx_word' id='word_1_164' title='bbox 588 2280 758 2350; x_wconf 78' lang='grc' dir='ltr'>ἐμὸν,</span> <span class='ocrx_word' id='word_1_165' title='bbox 777 2282 939 2337; x_wconf 75' lang='grc' dir='ltr'><em>ἀλλὰ</em></span> <span class='ocrx_word' id='word_1_166' title='bbox 966 2285 1031 2339; x_wconf 86' lang='grc' dir='ltr'><strong><em>τύ</em></strong></span> <span class='ocrx_word' id='word_1_167' title='bbox 1077 2287 1196 2339; x_wconf 74' lang='grc' dir='ltr'><strong>σὺν</strong></span> <span class='ocrx_word' id='word_1_168' title='bbox 1225 2288 1537 2356; x_wconf 74' lang='grc' dir='ltr'>ἰσχυσάτω</span> <span class='ocrx_word' id='word_1_169' title='bbox 1566 2288 1820 2359; x_wconf 74' lang='grc' dir='ltr'>θέλημα,</span> <span class='ocrx_word' id='word_1_170' title='bbox 1854 2292 1953 2346; x_wconf 63' lang='lat' dir='ltr'><strong>hs</strong></span> 
     </span>
    </p>
   </div>
   <div class='ocr_carea' id='block_1_24' title="bbox 371 2369 1336 2448">
    <p class='ocr_par' dir='ltr' id='par_1_24' title="bbox 371 2369 1336 2448">
     <span class='ocr_line' id='line_1_24' title="bbox 371 2369 1336 2448; baseline 0.01 -26"><span class='ocrx_word' id='word_1_171' title='bbox 371 2369 597 2439; x_wconf 82' lang='grc' dir='ltr'>θέλησιν</span> <span class='ocrx_word' id='word_1_172' title='bbox 632 2373 727 2426; x_wconf 79' lang='grc' dir='ltr'><strong>καὶ</strong></span> <span class='ocrx_word' id='word_1_173' title='bbox 756 2375 832 2438; x_wconf 84' lang='grc' dir='ltr'>ὡς</span> <span class='ocrx_word' id='word_1_174' title='bbox 853 2375 1139 2446; x_wconf 81' lang='grc' dir='ltr'>ἄνθρωπος</span> <span class='ocrx_word' id='word_1_175' title='bbox 1174 2377 1336 2448; x_wconf 77' lang='grc' dir='ltr'>ἔχων.</span> 
     </span>
    </p>
   </div>
   <div class='ocr_carea' id='block_1_25' title="bbox 376 2483 1956 2565">
    <p class='ocr_par' dir='ltr' id='par_1_25' title="bbox 376 2483 1956 2565">
     <span class='ocr_line' id='line_1_25' title="bbox 376 2483 1956 2565; baseline 0.007 -28"><span class='ocrx_word' id='word_1_176' title='bbox 376 2483 489 2538; x_wconf 86' lang='grc' dir='ltr'><strong>Τοῦ</strong></span> <span class='ocrx_word' id='word_1_177' title='bbox 516 2485 705 2565; x_wconf 56' lang='lat' dir='ltr'><strong>afﬁgi}</strong></span> <span class='ocrx_word' id='word_1_178' title='bbox 734 2486 802 2541; x_wconf 72' lang='grc' dir='ltr'>ἐκ</span> <span class='ocrx_word' id='word_1_179' title='bbox 833 2488 944 2555; x_wconf 80' lang='grc' dir='ltr'>τῆς</span> <span class='ocrx_word' id='word_1_180' title='bbox 974 2490 1126 2555; x_wconf 78' lang='grc' dir='ltr'>πρὸς</span> <span class='ocrx_word' id='word_1_181' title='bbox 1152 2492 1395 2565; x_wconf 66' lang='grc' dir='ltr'><strong>Πύρῤοῂ</strong></span> <span class='ocrx_word' id='word_1_182' title='bbox 1433 2493 1539 2565; x_wconf 61' lang='grc' dir='ltr'><strong>τὸν</strong></span> <span class='ocrx_word' id='word_1_183' title='bbox 1581 2494 1956 2565; x_wconf 77' lang='grc' dir='ltr'>πατριάρχην</span> 
     </span>
    </p>
   </div>
   <div class='ocr_carea' id='block_1_26' title="bbox 614 2558 1712 2630">
    <p class='ocr_par' dir='ltr' id='par_1_26' title="bbox 614 2558 1712 2630">
     <span class='ocr_line' id='line_1_26' title="bbox 614 2558 1712 2630; baseline 0.01 -22"><span class='ocrx_word' id='word_1_184' title='bbox 614 2558 1315 2628; x_wconf 79' lang='grc' dir='ltr'>Κωνσταντινουπό.1εως</span> <span class='ocrx_word' id='word_1_185' title='bbox 1368 2558 1712 2630; x_wconf 66' lang='grc' dir='ltr'>διαλέξεωςξ</span> 
     </span>
    </p>
   </div>
   <div class='ocr_carea' id='block_1_27' title="bbox 446 2645 1949 2727">
    <p class='ocr_par' dir='ltr' id='par_1_27' title="bbox 446 2645 1949 2727">
     <span class='ocr_line' id='line_1_27' title="bbox 446 2645 1949 2727; baseline 0.01 -32"><span class='ocrx_word' id='word_1_186' title='bbox 446 2645 581 2727; x_wconf 77' lang='grc' dir='ltr'>Θεὸς</span> <span class='ocrx_word' id='word_1_187' title='bbox 637 2648 801 2715; x_wconf 85' lang='grc' dir='ltr'>φύσει</span> <span class='ocrx_word' id='word_1_188' title='bbox 859 2652 954 2704; x_wconf 72' lang='grc' dir='ltr'>καὶ</span> <span class='ocrx_word' id='word_1_189' title='bbox 985 2651 1274 2725; x_wconf 73' lang='grc' dir='ltr'>ἄνθρωπος</span> <span class='ocrx_word' id='word_1_190' title='bbox 1324 2654 1588 2725; x_wconf 83' lang='grc' dir='ltr'>ὑπάρχων</span> <span class='ocrx_word' id='word_1_191' title='bbox 1620 2659 1647 2709; x_wconf 87' lang='grc' dir='ltr'>ὁ</span> <span class='ocrx_word' id='word_1_192' title='bbox 1693 2656 1949 2726; x_wconf 79' lang='grc' dir='ltr'>Χριστὸς,</span> 
     </span>
    </p>
   </div>
   <div class='ocr_carea' id='block_1_28' title="bbox 373 2739 1953 2820">
    <p class='ocr_par' dir='ltr' id='par_1_28' title="bbox 373 2739 1953 2820">
     <span class='ocr_line' id='line_1_28' title="bbox 373 2739 1953 2820; baseline 0.008 -30"><span class='ocrx_word' id='word_1_193' title='bbox 373 2739 451 2800; x_wconf 84' lang='grc' dir='ltr'>ὡς</span> <span class='ocrx_word' id='word_1_194' title='bbox 479 2739 609 2802; x_wconf 69' lang='grc' dir='ltr'>Θεὸς</span> <span class='ocrx_word' id='word_1_195' title='bbox 639 2742 730 2793; x_wconf 64' lang='grc' dir='ltr'><strong>καὶ⁵</strong></span> <span class='ocrx_word' id='word_1_196' title='bbox 759 2740 1045 2811; x_wconf 80' lang='grc' dir='ltr'>ἄνθρωπος</span> <span class='ocrx_word' id='word_1_197' title='bbox 1075 2747 1103 2799; x_wconf 97' lang='lat'><strong>6</strong></span> <span class='ocrx_word' id='word_1_198' title='bbox 1161 2746 1325 2810; x_wconf 79' lang='grc' dir='ltr'>αὐτὸς</span> <span class='ocrx_word' id='word_1_199' title='bbox 1368 2747 1580 2818; x_wconf 75' lang='grc' dir='ltr'>ἤθελεν,</span> <span class='ocrx_word' id='word_1_200' title='bbox 1644 2748 1676 2817; x_wconf 82' lang='grc' dir='ltr'>ἦ</span> <span class='ocrx_word' id='word_1_201' title='bbox 1712 2749 1786 2811; x_wconf 82' lang='grc' dir='ltr'>ὡς</span> <span class='ocrx_word' id='word_1_202' title='bbox 1819 2751 1953 2820; x_wconf 83' lang='grc' dir='ltr'>Χρι-</span> 
     </span>
    </p>
   </div>
   <div class='ocr_carea' id='block_1_29' title="bbox 377 2831 1952 2909">
    <p class='ocr_par' dir='ltr' id='par_1_29' title="bbox 377 2831 1952 2909">
     <span class='ocr_line' id='line_1_29' title="bbox 377 2831 1952 2909; baseline 0.008 -27"><span class='ocrx_word' id='word_1_203' title='bbox 377 2831 500 2892; x_wconf 73' lang='grc' dir='ltr'>στὸς</span> <span class='ocrx_word' id='word_1_204' title='bbox 537 2831 733 2899; x_wconf 76' lang='grc' dir='ltr'>μόνον;</span> <span class='ocrx_word' id='word_1_205' title='bbox 794 2833 1012 2897; x_wconf 24' lang='grc' dir='ltr'>Ἀληλέί</span> <span class='ocrx_word' id='word_1_206' title='bbox 1051 2837 1153 2906; x_wconf 82' lang='grc' dir='ltr'>μὲν</span> <span class='ocrx_word' id='word_1_207' title='bbox 1210 2842 1644 2909; x_wconf 81' lang='grc' dir='ltr'>προηγουμένως</span> <span class='ocrx_word' id='word_1_208' title='bbox 1696 2840 1772 2904; x_wconf 84' lang='grc' dir='ltr'><strong>ὡς</strong></span> <span class='ocrx_word' id='word_1_209' title='bbox 1819 2844 1952 2907; x_wconf 80' lang='grc' dir='ltr'>Θεὸς</span> 
     </span>
    </p>
   </div>
   <div class='ocr_carea' id='block_1_30' title="bbox 373 2924 1952 3005">
    <p class='ocr_par' dir='ltr' id='par_1_30' title="bbox 373 2924 1952 3005">
     <span class='ocr_line' id='line_1_30' title="bbox 373 2924 1952 3005; baseline 0.009 -30"><span class='ocrx_word' id='word_1_210' title='bbox 373 2925 469 2977; x_wconf 76' lang='grc' dir='ltr'>καὶ</span> <span class='ocrx_word' id='word_1_211' title='bbox 504 2924 789 2995; x_wconf 84' lang='grc' dir='ltr'>ἄνθρωπος</span> <span class='ocrx_word' id='word_1_212' title='bbox 818 2926 1011 2996; x_wconf 71' lang='grc' dir='ltr'>ἢθελεν</span> <span class='ocrx_word' id='word_1_213' title='bbox 1065 2931 1093 2982; x_wconf 90' lang='lat'><strong>6</strong></span> <span class='ocrx_word' id='word_1_214' title='bbox 1126 2930 1383 3001; x_wconf 80' lang='grc' dir='ltr'>Χριστὸς,</span> <span class='ocrx_word' id='word_1_215' title='bbox 1429 2932 1673 3001; x_wconf 74' lang='grc' dir='ltr'>δηλονότι</span> <span class='ocrx_word' id='word_1_216' title='bbox 1729 2936 1952 3005; x_wconf 86' lang='grc' dir='ltr'>δυῖκῶς,</span> 
     </span>
    </p>
   </div>
   <div class='ocr_carea' id='block_1_31' title="bbox 378 3014 1953 3097">
    <p class='ocr_par' dir='ltr' id='par_1_31' title="bbox 378 3014 1953 3097">
     <span class='ocr_line' id='line_1_31' title="bbox 378 3014 1953 3097; baseline 0.009 -28"><span class='ocrx_word' id='word_1_217' title='bbox 378 3018 475 3070; x_wconf 69' lang='grc' dir='ltr'><strong>καὶ</strong></span> <span class='ocrx_word' id='word_1_218' title='bbox 527 3020 587 3071; x_wconf 81' lang='grc' dir='ltr'>οὐ</span> <span class='ocrx_word' id='word_1_219' title='bbox 658 3018 985 3088; x_wconf 76' lang='grc' dir='ltr'>μοναδικῶς,</span> <span class='ocrx_word' id='word_1_220' title='bbox 1028 3014 1110 3083; x_wconf 74' lang='grc' dir='ltr'>εἷς</span> <span class='ocrx_word' id='word_1_221' title='bbox 1142 3020 1216 3075; x_wconf 81' lang='grc' dir='ltr'>ὢν</span> <span class='ocrx_word' id='word_1_222' title='bbox 1267 3024 1296 3075; x_wconf 90' lang='lat'><strong>6</strong></span> <span class='ocrx_word' id='word_1_223' title='bbox 1359 3024 1559 3091; x_wconf 75' lang='grc' dir='ltr'>αὐτὸς,</span> <span class='ocrx_word' id='word_1_224' title='bbox 1621 3027 1836 3097; x_wconf 64' lang='grc' dir='ltr'>ἢθελεν.</span> <span class='ocrx_word' id='word_1_225' title='bbox 1892 3031 1953 3083; x_wconf 85' lang='grc' dir='ltr'>Εί</span> 
     </span>
    </p>
   </div>
   <div class='ocr_carea' id='block_1_32' title="bbox 376 3110 1957 3188">
    <p class='ocr_par' dir='ltr' id='par_1_32' title="bbox 376 3110 1957 3188">
     <span class='ocr_line' id='line_1_32' title="bbox 376 3110 1957 3188; baseline 0.011 -30"><span class='ocrx_word' id='word_1_226' title='bbox 376 3111 489 3178; x_wconf 71' lang='grc' dir='ltr'>γὰρ</span> <span class='ocrx_word' id='word_1_227' title='bbox 539 3110 690 3162; x_wconf 81' lang='grc' dir='ltr'>οὐδὲν</span> <span class='ocrx_word' id='word_1_228' title='bbox 750 3110 941 3181; x_wconf 77' lang='grc' dir='ltr'>ἕτερόν</span> <span class='ocrx_word' id='word_1_229' title='bbox 998 3114 1148 3167; x_wconf 67' lang='grc' dir='ltr'>ἔστιν</span> <span class='ocrx_word' id='word_1_230' title='bbox 1184 3117 1210 3167; x_wconf 89' lang='lat'><strong>6</strong></span> <span class='ocrx_word' id='word_1_231' title='bbox 1242 3116 1477 3185; x_wconf 78' lang='grc' dir='ltr'>Χριστὸς</span> <span class='ocrx_word' id='word_1_232' title='bbox 1527 3121 1679 3188; x_wconf 79' lang='grc' dir='ltr'>παρὰ</span> <span class='ocrx_word' id='word_1_233' title='bbox 1713 3121 1812 3184; x_wconf 71' lang='grc' dir='ltr'><strong>τὰς</strong></span> <span class='ocrx_word' id='word_1_234' title='bbox 1862 3124 1957 3175; x_wconf 82' lang='grc' dir='ltr'><strong>αὺ-</strong></span> 
     </span>
    </p>
   </div>
   <div class='ocr_carea' id='block_1_33' title="bbox 2060 629 3641 709">
    <p class='ocr_par' dir='ltr' id='par_1_33' title="bbox 2060 629 3641 709">
     <span class='ocr_line' id='line_1_33' title="bbox 2060 629 3641 709; baseline 0.013 -29"><span class='ocrx_word' id='word_1_235' title='bbox 2060 629 2175 698; x_wconf 89' lang='lat' dir='ltr'><strong>prie</strong></span> <span class='ocrx_word' id='word_1_236' title='bbox 2194 632 2343 696; x_wconf 95' lang='lat' dir='ltr'><strong>velit,</strong></span> <span class='ocrx_word' id='word_1_237' title='bbox 2375 648 2480 688; x_wconf 88' lang='lat' dir='ltr'><strong>non</strong></span> <span class='ocrx_word' id='word_1_238' title='bbox 2499 646 2677 690; x_wconf 89' lang='lat' dir='ltr'><strong>autem</strong></span> <span class='ocrx_word' id='word_1_239' title='bbox 2707 647 2765 690; x_wconf 90' lang='lat' dir='ltr'><strong>ut</strong></span> <span class='ocrx_word' id='word_1_240' title='bbox 2788 638 2999 692; x_wconf 82' lang='lat' dir='ltr'><strong>auferat</strong></span> <span class='ocrx_word' id='word_1_241' title='bbox 3028 639 3078 693; x_wconf 90' lang='lat' dir='ltr'><strong>id</strong></span> <span class='ocrx_word' id='word_1_242' title='bbox 3105 642 3246 709; x_wconf 88' lang='lat' dir='ltr'><strong>quod</strong></span> <span class='ocrx_word' id='word_1_243' title='bbox 3278 643 3393 696; x_wconf 85' lang='lat' dir='ltr'><strong>vult</strong></span> <span class='ocrx_word' id='word_1_244' title='bbox 3420 663 3434 699; x_wconf 92' lang='lat'><strong>:</strong></span> <span class='ocrx_word' id='word_1_245' title='bbox 3469 662 3641 708; x_wconf 76' lang='lat' dir='ltr'><strong>neque</strong></span> 
     </span>
    </p>
   </div>
   <div class='ocr_carea' id='block_1_34' title="bbox 2058 723 3642 801">
    <p class='ocr_par' dir='ltr' id='par_1_34' title="bbox 2058 723 3642 801">
     <span class='ocr_line' id='line_1_34' title="bbox 2058 723 3642 801; baseline 0.009 -24"><span class='ocrx_word' id='word_1_246' title='bbox 2058 724 2199 777; x_wconf 88' lang='lat' dir='ltr'><strong>enim</strong></span> <span class='ocrx_word' id='word_1_247' title='bbox 2236 723 2290 779; x_wconf 91' lang='lat' dir='ltr'><strong>in</strong></span> <span class='ocrx_word' id='word_1_248' title='bbox 2328 736 2558 796; x_wconf 90' lang='lat' dir='ltr'><strong>utroque</strong></span> <span class='ocrx_word' id='word_1_249' title='bbox 2587 732 2713 800; x_wconf 89' lang='lat' dir='ltr'><strong>poni</strong></span> <span class='ocrx_word' id='word_1_250' title='bbox 2748 731 2961 801; x_wconf 79' lang='lat' dir='ltr'><strong>negatio</strong></span> <span class='ocrx_word' id='word_1_251' title='bbox 2987 741 3181 798; x_wconf 79' lang='lat' dir='ltr'><strong>potest,</strong></span> <span class='ocrx_word' id='word_1_252' title='bbox 3223 744 3280 788; x_wconf 92' lang='lat' dir='ltr'><strong>ut</strong></span> <span class='ocrx_word' id='word_1_253' title='bbox 3321 735 3473 792; x_wconf 88' lang='lat' dir='ltr'><strong>tollat</strong></span> <span class='ocrx_word' id='word_1_254' title='bbox 3507 756 3519 791; x_wconf 90' lang='lat'><strong>:</strong></span> <span class='ocrx_word' id='word_1_255' title='bbox 3575 753 3642 792; x_wconf 88' lang='lat' dir='ltr'><strong>ue</strong></span> 
     </span>
    </p>
   </div>
   <div class='ocr_carea' id='block_1_35' title="bbox 2057 817 3644 895">
    <p class='ocr_par' dir='ltr' id='par_1_35' title="bbox 2057 817 3644 895">
     <span class='ocr_line' id='line_1_35' title="bbox 2057 817 3644 895; baseline 0.012 -28"><span class='ocrx_word' id='word_1_256' title='bbox 2057 817 2257 885; x_wconf 88' lang='lat' dir='ltr'><strong>aliquid</strong></span> <span class='ocrx_word' id='word_1_257' title='bbox 2291 821 2420 876; x_wconf 86' lang='lat' dir='ltr'><strong>velit</strong></span> <span class='ocrx_word' id='word_1_258' title='bbox 2453 820 2773 892; x_wconf 79' lang='lat' dir='ltr'><strong>Unigcnitus</strong></span> <span class='ocrx_word' id='word_1_259' title='bbox 2809 825 3023 893; x_wconf 82' lang='lat' dir='ltr'><strong>pmprie</strong></span> <span class='ocrx_word' id='word_1_260' title='bbox 3084 835 3282 892; x_wconf 62' lang='lat' dir='ltr'><strong>preter</strong></span> <span class='ocrx_word' id='word_1_261' title='bbox 3309 828 3547 895; x_wconf 87' lang='lat' dir='ltr'><strong>Patrem,</strong></span> <span class='ocrx_word' id='word_1_262' title='bbox 3588 842 3644 886; x_wconf 87' lang='lat' dir='ltr'><strong>et</strong></span> 
     </span>
    </p>
   </div>
   <div class='ocr_carea' id='block_1_36' title="bbox 2058 911 2708 982">
    <p class='ocr_par' dir='ltr' id='par_1_36' title="bbox 2058 911 2708 982">
     <span class='ocr_line' id='line_1_36' title="bbox 2058 911 2708 982; baseline 0.015 -20"><span class='ocrx_word' id='word_1_263' title='bbox 2058 911 2267 966; x_wconf 77' lang='lat' dir='ltr'><strong>auferat</strong></span> <span class='ocrx_word' id='word_1_264' title='bbox 2303 912 2353 967; x_wconf 87' lang='lat' dir='ltr'><strong>id</strong></span> <span class='ocrx_word' id='word_1_265' title='bbox 2391 916 2533 982; x_wconf 91' lang='lat' dir='ltr'><strong>quod</strong></span> <span class='ocrx_word' id='word_1_266' title='bbox 2573 916 2708 972; x_wconf 89' lang='lat' dir='ltr'><strong>vult.</strong></span> 
     </span>
    </p>
   </div>
   <div class='ocr_carea' id='block_1_37' title="bbox 2131 1002 3635 1085">
    <p class='ocr_par' dir='ltr' id='par_1_37' title="bbox 2131 1002 3635 1085">
     <span class='ocr_line' id='line_1_37' title="bbox 2131 1002 3635 1085; baseline 0.009 -29"><span class='ocrx_word' id='word_1_267' title='bbox 2131 1002 2285 1069; x_wconf 94' lang='lat' dir='ltr'><strong>Quod</strong></span> <span class='ocrx_word' id='word_1_268' title='bbox 2300 1005 2343 1059; x_wconf 92' lang='lat' dir='ltr'><strong>si</strong></span> <span class='ocrx_word' id='word_1_269' title='bbox 2365 1004 2418 1060; x_wconf 89' lang='lat' dir='ltr'><strong>in</strong></span> <span class='ocrx_word' id='word_1_270' title='bbox 2439 1014 2666 1077; x_wconf 87' lang='lat' dir='ltr'><strong>utroque</strong></span> <span class='ocrx_word' id='word_1_271' title='bbox 2688 1011 2810 1079; x_wconf 91' lang='lat' dir='ltr'><strong>poni</strong></span> <span class='ocrx_word' id='word_1_272' title='bbox 2830 1028 2937 1067; x_wconf 89' lang='lat' dir='ltr'><strong>non</strong></span> <span class='ocrx_word' id='word_1_273' title='bbox 2959 1025 3156 1083; x_wconf 79' lang='lat' dir='ltr'><strong>potest,</strong></span> <span class='ocrx_word' id='word_1_274' title='bbox 3175 1015 3518 1085; x_wconf 88' lang='lat' dir='ltr'><strong>perspicuum</strong></span> <span class='ocrx_word' id='word_1_275' title='bbox 3532 1026 3635 1085; x_wconf 83' lang='lat' dir='ltr'><strong>est,</strong></span> 
     </span>
    </p>
   </div>
   <div class='ocr_carea' id='block_1_38' title="bbox 2054 1095 3639 1179">
    <p class='ocr_par' dir='ltr' id='par_1_38' title="bbox 2054 1095 3639 1179">
     <span class='ocr_line' id='line_1_38' title="bbox 2054 1095 3639 1179; baseline 0.011 -32"><span class='ocrx_word' id='word_1_276' title='bbox 2054 1095 2099 1148; x_wconf 84' lang='lat' dir='ltr'><strong>si</strong></span> <span class='ocrx_word' id='word_1_277' title='bbox 2127 1108 2248 1148; x_wconf 88' lang='lat' dir='ltr'><strong>eam</strong></span> <span class='ocrx_word' id='word_1_278' title='bbox 2285 1096 2340 1150; x_wconf 94' lang='lat' dir='ltr'><strong>in</strong></span> <span class='ocrx_word' id='word_1_279' title='bbox 2363 1112 2429 1153; x_wconf 83' lang='lat' dir='ltr'><strong>eo</strong></span> <span class='ocrx_word' id='word_1_280' title='bbox 2448 1101 2756 1168; x_wconf 73' lang='lat' dir='ltr'><strong>constituis,</strong></span> <span class='ocrx_word' id='word_1_281' title='bbox 2781 1119 2847 1158; x_wconf 90' lang='lat' dir='ltr'><strong>ne</strong></span> <span class='ocrx_word' id='word_1_282' title='bbox 2871 1106 3073 1176; x_wconf 88' lang='lat' dir='ltr'><strong>aliquid</strong></span> <span class='ocrx_word' id='word_1_283' title='bbox 3107 1110 3326 1177; x_wconf 85' lang='lat' dir='ltr'><strong>proprie</strong></span> <span class='ocrx_word' id='word_1_284' title='bbox 3347 1109 3493 1173; x_wconf 86' lang='lat' dir='ltr'><strong>velit,</strong></span> <span class='ocrx_word' id='word_1_285' title='bbox 3529 1124 3639 1179; x_wconf 88' lang='lat' dir='ltr'><strong>quo</strong></span> 
     </span>
    </p>
   </div>
   <div class='ocr_carea' id='block_1_39' title="bbox 2054 1187 3633 1271">
    <p class='ocr_par' dir='ltr' id='par_1_39' title="bbox 2054 1187 3633 1271">
     <span class='ocr_line' id='line_1_39' title="bbox 2054 1187 3633 1271; baseline 0.01 -30"><span class='ocrx_word' id='word_1_286' title='bbox 2054 1187 2385 1245; x_wconf 82' lang='lat' dir='ltr'><strong>voluntatem</strong></span> <span class='ocrx_word' id='word_1_287' title='bbox 2408 1190 2576 1247; x_wconf 83' lang='lat' dir='ltr'><strong>iacias</strong></span> <span class='ocrx_word' id='word_1_288' title='bbox 2598 1200 2901 1253; x_wconf 83' lang='lat' dir='ltr'><strong>communis</strong></span> <span class='ocrx_word' id='word_1_289' title='bbox 2929 1200 3246 1271; x_wconf 65' lang='lat' dir='ltr'><strong>voluptatis,</strong></span> <span class='ocrx_word' id='word_1_290' title='bbox 3279 1211 3330 1255; x_wconf 91' lang='lat' dir='ltr'><strong>te</strong></span> <span class='ocrx_word' id='word_1_291' title='bbox 3349 1217 3455 1254; x_wconf 89' lang='lat' dir='ltr'><strong>non</strong></span> <span class='ocrx_word' id='word_1_292' title='bbox 3482 1202 3633 1256; x_wconf 77' lang='lat' dir='ltr'><strong>abla-</strong></span> 
     </span>
    </p>
   </div>
   <div class='ocr_carea' id='block_1_40' title="bbox 2057 1282 3635 1361">
    <p class='ocr_par' dir='ltr' id='par_1_40' title="bbox 2057 1282 3635 1361">
     <span class='ocr_line' id='line_1_40' title="bbox 2057 1282 3635 1361; baseline 0.008 -26"><span class='ocrx_word' id='word_1_293' title='bbox 2057 1288 2235 1335; x_wconf 88' lang='lat' dir='ltr'><strong>turum</strong></span> <span class='ocrx_word' id='word_1_294' title='bbox 2254 1282 2305 1336; x_wconf 89' lang='lat' dir='ltr'><strong>id</strong></span> <span class='ocrx_word' id='word_1_295' title='bbox 2327 1285 2469 1352; x_wconf 87' lang='lat' dir='ltr'><strong>quod</strong></span> <span class='ocrx_word' id='word_1_296' title='bbox 2485 1286 2615 1349; x_wconf 83' lang='lat' dir='ltr'><strong>vult,</strong></span> <span class='ocrx_word' id='word_1_297' title='bbox 2635 1301 2828 1358; x_wconf 86' lang='lat' dir='ltr'><strong>nempe</strong></span> <span class='ocrx_word' id='word_1_298' title='bbox 2856 1291 3042 1347; x_wconf 86' lang='lat' dir='ltr'><strong>calicis</strong></span> <span class='ocrx_word' id='word_1_299' title='bbox 3062 1292 3519 1361; x_wconf 82' lang='lat' dir='ltr'><strong>deprecationem,</strong></span> <span class='ocrx_word' id='word_1_300' title='bbox 3539 1294 3635 1349; x_wconf 85' lang='lat' dir='ltr'><strong>sed</strong></span> 
     </span>
    </p>
   </div>
   <div class='ocr_carea' id='block_1_41' title="bbox 2054 1369 3633 1451">
    <p class='ocr_par' dir='ltr' id='par_1_41' title="bbox 2054 1369 3633 1451">
     <span class='ocr_line' id='line_1_41' title="bbox 2054 1369 3633 1451; baseline 0.01 -26"><span class='ocrx_word' id='word_1_301' title='bbox 2054 1369 2349 1427; x_wconf 85' lang='lat' dir='ltr'><strong>relaturum</strong></span> <span class='ocrx_word' id='word_1_302' title='bbox 2366 1373 2508 1429; x_wconf 83' lang='lat' dir='ltr'><strong>illam</strong></span> <span class='ocrx_word' id='word_1_303' title='bbox 2525 1377 2590 1430; x_wconf 84' lang='lat' dir='ltr'><strong>ad</strong></span> <span class='ocrx_word' id='word_1_304' title='bbox 2610 1377 2871 1448; x_wconf 89' lang='lat' dir='ltr'><strong>principio</strong></span> <span class='ocrx_word' id='word_1_305' title='bbox 2889 1394 3164 1437; x_wconf 84' lang='lat' dir='ltr'><strong>carentem</strong></span> <span class='ocrx_word' id='word_1_306' title='bbox 3184 1383 3540 1451; x_wconf 78' lang='lat' dir='ltr'><strong>divinitatem,</strong></span> <span class='ocrx_word' id='word_1_307' title='bbox 3559 1386 3633 1442; x_wconf 88' lang='lat' dir='ltr'><strong>ad</strong></span> 
     </span>
    </p>
   </div>
   <div class='ocr_carea' id='block_1_42' title="bbox 2054 1466 3721 1540">
    <p class='ocr_par' dir='ltr' id='par_1_42' title="bbox 2054 1466 3721 1540">
     <span class='ocr_line' id='line_1_42' title="bbox 2054 1466 3721 1540; baseline 0.011 -28"><span class='ocrx_word' id='word_1_308' title='bbox 2054 1473 2220 1528; x_wconf 88' lang='lat' dir='ltr'><strong>quam</strong></span> <span class='ocrx_word' id='word_1_309' title='bbox 2245 1476 2341 1531; x_wconf 92' lang='lat' dir='ltr'><strong>per</strong></span> <span class='ocrx_word' id='word_1_310' title='bbox 2357 1466 2697 1535; x_wconf 70' lang='lat' dir='ltr'><strong>negationem</strong></span> <span class='ocrx_word' id='word_1_311' title='bbox 2715 1478 2769 1523; x_wconf 90' lang='lat' dir='ltr'><strong>et</strong></span> <span class='ocrx_word' id='word_1_312' title='bbox 2786 1471 2959 1539; x_wconf 90' lang='lat' dir='ltr'><strong>ipsum</strong></span> <span class='ocrx_word' id='word_1_313' title='bbox 2977 1473 3110 1526; x_wconf 83' lang='lat' dir='ltr'><strong>velle</strong></span> <span class='ocrx_word' id='word_1_314' title='bbox 3136 1473 3385 1529; x_wconf 90' lang='lat' dir='ltr'><strong>retulisti.</strong></span> <span class='ocrx_word' id='word_1_315' title='bbox 3412 1472 3566 1540; x_wconf 88' lang='lat' dir='ltr'><strong>Quod</strong></span> <span class='ocrx_word' id='word_1_316' title='bbox 3590 1477 3636 1529; x_wconf 92' lang='lat' dir='ltr'><strong>si</strong></span> <span class='ocrx_word' id='word_1_317' title='bbox 3714 1468 3721 1473; x_wconf 42' lang='grc'><strong>“’</strong></span> 
     </span>
    </p>
   </div>
   <div class='ocr_carea' id='block_1_43' title="bbox 2056 1549 3641 1633">
    <p class='ocr_par' dir='ltr' id='par_1_43' title="bbox 2056 1549 3641 1633">
     <span class='ocr_line' id='line_1_43' title="bbox 2056 1549 3641 1633; baseline 0.011 -30"><span class='ocrx_word' id='word_1_318' title='bbox 2056 1549 2127 1603; x_wconf 90' lang='lat' dir='ltr'><strong>ita</strong></span> <span class='ocrx_word' id='word_1_319' title='bbox 2157 1561 2260 1617; x_wconf 87' lang='lat' dir='ltr'><strong>est,</strong></span> <span class='ocrx_word' id='word_1_320' title='bbox 2283 1557 2533 1623; x_wconf 84' lang='lat' dir='ltr'><strong>quamvis</strong></span> <span class='ocrx_word' id='word_1_321' title='bbox 2559 1558 2640 1627; x_wconf 84' lang='lat' dir='ltr'><strong>vel</strong></span> <span class='ocrx_word' id='word_1_322' title='bbox 2668 1560 2922 1630; x_wconf 75' lang='lat' dir='ltr'><strong>cogitatio</strong></span> <span class='ocrx_word' id='word_1_323' title='bbox 2943 1563 2994 1617; x_wconf 90' lang='lat' dir='ltr'><strong>id</strong></span> <span class='ocrx_word' id='word_1_324' title='bbox 3029 1563 3279 1631; x_wconf 73' lang='lat' dir='ltr'><strong>refugiat,</strong></span> <span class='ocrx_word' id='word_1_325' title='bbox 3296 1575 3350 1619; x_wconf 88' lang='lat' dir='ltr'><strong>et</strong></span> <span class='ocrx_word' id='word_1_326' title='bbox 3369 1565 3458 1619; x_wconf 89' lang='lat' dir='ltr'><strong>hic</strong></span> <span class='ocrx_word' id='word_1_327' title='bbox 3484 1566 3641 1633; x_wconf 89' lang='lat' dir='ltr'><strong>plane</strong></span> 
     </span>
    </p>
   </div>
   <div class='ocr_carea' id='block_1_44' title="bbox 2054 1643 3636 1728">
    <p class='ocr_par' dir='ltr' id='par_1_44' title="bbox 2054 1643 3636 1728">
     <span class='ocr_line' id='line_1_44' title="bbox 2054 1643 3636 1728; baseline 0.01 -31"><span class='ocrx_word' id='word_1_328' title='bbox 2054 1643 2159 1698; x_wconf 90' lang='lat' dir='ltr'><strong>erit</strong></span> <span class='ocrx_word' id='word_1_329' title='bbox 2181 1647 2432 1715; x_wconf 80' lang='lat' dir='ltr'><strong>negatio:</strong></span> <span class='ocrx_word' id='word_1_330' title='bbox 2453 1664 2664 1719; x_wconf 84' lang='lat' dir='ltr'><strong>nempe,</strong></span> <span class='ocrx_word' id='word_1_331' title='bbox 2691 1650 2813 1707; x_wconf 87' lang='lat' dir='ltr'><strong>Non</strong></span> <span class='ocrx_word' id='word_1_332' title='bbox 2833 1654 2971 1724; x_wconf 85' lang='lat' dir='ltr'><strong>quod</strong></span> <span class='ocrx_word' id='word_1_333' title='bbox 2985 1671 3077 1725; x_wconf 85' lang='lat' dir='ltr'><strong>ego</strong></span> <span class='ocrx_word' id='word_1_334' title='bbox 3106 1656 3238 1725; x_wconf 83' lang='lat' dir='ltr'><strong>volo,</strong></span> <span class='ocrx_word' id='word_1_335' title='bbox 3259 1671 3379 1727; x_wconf 64' lang='lat' dir='ltr'><strong>quae</strong></span> <span class='ocrx_word' id='word_1_336' title='bbox 3411 1672 3636 1728; x_wconf 78' lang='lat' dir='ltr'><strong>prorsus</strong></span> 
     </span>
    </p>
   </div>
   <div class='ocr_carea' id='block_1_45' title="bbox 2057 1737 3635 1819">
    <p class='ocr_par' dir='ltr' id='par_1_45' title="bbox 2057 1737 3635 1819">
     <span class='ocr_line' id='line_1_45' title="bbox 2057 1737 3635 1819; baseline 0.01 -28"><span class='ocrx_word' id='word_1_337' title='bbox 2057 1737 2260 1793; x_wconf 86' lang='lat' dir='ltr'><strong>adimat</strong></span> <span class='ocrx_word' id='word_1_338' title='bbox 2284 1745 2718 1812; x_wconf 79' lang='lat' dir='ltr'><strong>repugnantiam,</strong></span> <span class='ocrx_word' id='word_1_339' title='bbox 2742 1756 2797 1801; x_wconf 86' lang='lat' dir='ltr'><strong>et</strong></span> <span class='ocrx_word' id='word_1_340' title='bbox 2826 1744 3138 1805; x_wconf 77' lang='lat' dir='ltr'><strong>Servatoris</strong></span> <span class='ocrx_word' id='word_1_341' title='bbox 3181 1764 3302 1805; x_wconf 86' lang='lat' dir='ltr'><strong>cum</strong></span> <span class='ocrx_word' id='word_1_342' title='bbox 3337 1750 3517 1805; x_wconf 87' lang='lat' dir='ltr'><strong>divina</strong></span> <span class='ocrx_word' id='word_1_343' title='bbox 3550 1751 3635 1819; x_wconf 87' lang='lat' dir='ltr'><strong>ip-</strong></span> 
     </span>
    </p>
   </div>
   <div class='ocr_carea' id='block_1_46' title="bbox 2057 1830 3633 1906">
    <p class='ocr_par' dir='ltr' id='par_1_46' title="bbox 2057 1830 3633 1906">
     <span class='ocr_line' id='line_1_46' title="bbox 2057 1830 3633 1906; baseline 0.006 -22"><span class='ocrx_word' id='word_1_344' title='bbox 2057 1830 2169 1884; x_wconf 89' lang='lat' dir='ltr'><strong>sius</strong></span> <span class='ocrx_word' id='word_1_345' title='bbox 2195 1839 2247 1883; x_wconf 88' lang='lat' dir='ltr'><strong>et</strong></span> <span class='ocrx_word' id='word_1_346' title='bbox 2277 1840 2504 1900; x_wconf 84' lang='lat' dir='ltr'><strong>paterna</strong></span> <span class='ocrx_word' id='word_1_347' title='bbox 2537 1835 2815 1892; x_wconf 83' lang='lat' dir='ltr'><strong>voluntate</strong></span> <span class='ocrx_word' id='word_1_348' title='bbox 2843 1842 3259 1896; x_wconf 88' lang='lat' dir='ltr'><strong>consensionem</strong></span> <span class='ocrx_word' id='word_1_349' title='bbox 3311 1842 3633 1906; x_wconf 80' lang='lat' dir='ltr'><strong>constituat,</strong></span> 
     </span>
    </p>
   </div>
   <div class='ocr_carea' id='block_1_47' title="bbox 2054 1923 3643 2005">
    <p class='ocr_par' dir='ltr' id='par_1_47' title="bbox 2054 1923 3643 2005">
     <span class='ocr_line' id='line_1_47' title="bbox 2054 1923 3643 2005; baseline 0.008 -28"><span class='ocrx_word' id='word_1_350' title='bbox 2054 1937 2177 1977; x_wconf 88' lang='lat' dir='ltr'><strong>cum</strong></span> <span class='ocrx_word' id='word_1_351' title='bbox 2213 1932 2381 1978; x_wconf 87' lang='lat' dir='ltr'><strong>totum</strong></span> <span class='ocrx_word' id='word_1_352' title='bbox 2427 1923 2660 1982; x_wconf 84' lang='lat' dir='ltr'><strong>Verbum</strong></span> <span class='ocrx_word' id='word_1_353' title='bbox 2713 1939 2962 1985; x_wconf 82' lang='lat' dir='ltr'><strong>naturam</strong></span> <span class='ocrx_word' id='word_1_354' title='bbox 2991 1947 3145 1987; x_wconf 88' lang='lat' dir='ltr'><strong>suam</strong></span> <span class='ocrx_word' id='word_1_355' title='bbox 3217 1932 3435 2002; x_wconf 77' lang='lat' dir='ltr'><strong>eliiciat,</strong></span> <span class='ocrx_word' id='word_1_356' title='bbox 3480 1944 3643 2005; x_wconf 87' lang='lat' dir='ltr'><strong>atque</strong></span> 
     </span>
    </p>
   </div>
   <div class='ocr_carea' id='block_1_48' title="bbox 2060 2014 3642 2096">
    <p class='ocr_par' dir='ltr' id='par_1_48' title="bbox 2060 2014 3642 2096">
     <span class='ocr_line' id='line_1_48' title="bbox 2060 2014 3642 2096; baseline 0.009 -30"><span class='ocrx_word' id='word_1_357' title='bbox 2060 2014 2133 2067; x_wconf 92' lang='lat' dir='ltr'><strong>ita</strong></span> <span class='ocrx_word' id='word_1_358' title='bbox 2170 2025 2337 2070; x_wconf 82' lang='lat' dir='ltr'><strong>totam</strong></span> <span class='ocrx_word' id='word_1_359' title='bbox 2393 2018 2537 2072; x_wconf 89' lang='lat' dir='ltr'><strong>illam</strong></span> <span class='ocrx_word' id='word_1_360' title='bbox 2574 2019 2817 2076; x_wconf 85' lang='lat' dir='ltr'><strong>divinam</strong></span> <span class='ocrx_word' id='word_1_361' title='bbox 2872 2024 3079 2080; x_wconf 87' lang='lat' dir='ltr'><strong>reddat.</strong></span> <span class='ocrx_word' id='word_1_362' title='bbox 3111 2024 3301 2095; x_wconf 86' lang='lat' dir='ltr'><strong>Itaque</strong></span> <span class='ocrx_word' id='word_1_363' title='bbox 3326 2040 3450 2080; x_wconf 87' lang='lat' dir='ltr'><strong>cum</strong></span> <span class='ocrx_word' id='word_1_364' title='bbox 3516 2040 3642 2096; x_wconf 84' lang='lat' dir='ltr'><strong>pro-</strong></span> 
     </span>
    </p>
   </div>
   <div class='ocr_carea' id='block_1_49' title="bbox 2056 2108 3645 2181">
    <p class='ocr_par' dir='ltr' id='par_1_49' title="bbox 2056 2108 3645 2181">
     <span class='ocr_line' id='line_1_49' title="bbox 2056 2108 3645 2181; baseline 0.009 -22"><span class='ocrx_word' id='word_1_365' title='bbox 2056 2117 2178 2175; x_wconf 88' lang='lat' dir='ltr'><strong>pter</strong></span> <span class='ocrx_word' id='word_1_366' title='bbox 2222 2122 2323 2164; x_wconf 87' lang='lat' dir='ltr'><strong>nos</strong></span> <span class='ocrx_word' id='word_1_367' title='bbox 2366 2108 2570 2165; x_wconf 80' lang='lat' dir='ltr'><strong>factum</strong></span> <span class='ocrx_word' id='word_1_368' title='bbox 2613 2122 2759 2168; x_wconf 86' lang='lat' dir='ltr'><strong>esset</strong></span> <span class='ocrx_word' id='word_1_369' title='bbox 2808 2114 2993 2181; x_wconf 87' lang='lat' dir='ltr'><strong>homo,</strong></span> <span class='ocrx_word' id='word_1_370' title='bbox 3026 2116 3239 2170; x_wconf 88' lang='lat' dir='ltr'><strong>ratione</strong></span> <span class='ocrx_word' id='word_1_371' title='bbox 3268 2116 3473 2172; x_wconf 89' lang='lat' dir='ltr'><strong>homini</strong></span> <span class='ocrx_word' id='word_1_372' title='bbox 3513 2134 3645 2173; x_wconf 89' lang='lat' dir='ltr'><strong>con-</strong></span> 
     </span>
    </p>
   </div>
   <div class='ocr_carea' id='block_1_50' title="bbox 2055 2198 3645 2275">
    <p class='ocr_par' dir='ltr' id='par_1_50' title="bbox 2055 2198 3645 2275">
     <span class='ocr_line' id='line_1_50' title="bbox 2055 2198 3645 2275; baseline 0.007 -26"><span class='ocrx_word' id='word_1_373' title='bbox 2055 2207 2284 2263; x_wconf 74' lang='lat' dir='ltr'><strong>gruente</strong></span> <span class='ocrx_word' id='word_1_374' title='bbox 2325 2198 2538 2254; x_wconf 88' lang='lat' dir='ltr'><strong>dicebat</strong></span> <span class='ocrx_word' id='word_1_375' title='bbox 2565 2201 2631 2255; x_wconf 89' lang='lat' dir='ltr'><strong>ad</strong></span> <span class='ocrx_word' id='word_1_376' title='bbox 2658 2200 2823 2257; x_wconf 85' lang='lat' dir='ltr'><strong>Deum</strong></span> <span class='ocrx_word' id='word_1_377' title='bbox 2856 2214 2910 2259; x_wconf 92' lang='lat' dir='ltr'><strong>et</strong></span> <span class='ocrx_word' id='word_1_378' title='bbox 2943 2205 3157 2260; x_wconf 83' lang='lat' dir='ltr'><strong>Patrem</strong></span> <span class='ocrx_word' id='word_1_379' title='bbox 3183 2220 3200 2258; x_wconf 89' lang='lat'><strong><em>:</em></strong></span> <span class='ocrx_word' id='word_1_380' title='bbox 3228 2202 3351 2259; x_wconf 85' lang='lat' dir='ltr'><strong>Non</strong></span> <span class='ocrx_word' id='word_1_381' title='bbox 3373 2206 3513 2275; x_wconf 77' lang='lat' dir='ltr'><strong>quod</strong></span> <span class='ocrx_word' id='word_1_382' title='bbox 3552 2222 3645 2275; x_wconf 81' lang='lat' dir='ltr'><strong>ego</strong></span> 
     </span>
    </p>
   </div>
   <div class='ocr_carea' id='block_1_51' title="bbox 2053 2286 3648 2370">
    <p class='ocr_par' dir='ltr' id='par_1_51' title="bbox 2053 2286 3648 2370">
     <span class='ocr_line' id='line_1_51' title="bbox 2053 2286 3648 2370; baseline 0.009 -30"><span class='ocrx_word' id='word_1_383' title='bbox 2053 2286 2193 2352; x_wconf 82' lang='lat' dir='ltr'><strong>uolo,</strong></span> <span class='ocrx_word' id='word_1_384' title='bbox 2219 2291 2309 2343; x_wconf 80' lang='lat' dir='ltr'><strong>sed</strong></span> <span class='ocrx_word' id='word_1_385' title='bbox 2361 2298 2454 2344; x_wconf 79' lang='lat' dir='ltr'><strong>tua</strong></span> <span class='ocrx_word' id='word_1_386' title='bbox 2515 2292 2755 2347; x_wconf 78' lang='lat' dir='ltr'><strong>voluntas</strong></span> <span class='ocrx_word' id='word_1_387' title='bbox 2817 2296 3007 2363; x_wconf 72' lang='lat' dir='ltr'><strong>valeat,</strong></span> <span class='ocrx_word' id='word_1_388' title='bbox 3072 2309 3325 2368; x_wconf 87' lang='lat' dir='ltr'><strong>tanquam</strong></span> <span class='ocrx_word' id='word_1_389' title='bbox 3380 2309 3648 2370; x_wconf 82' lang='lat' dir='ltr'><strong>quatenus</strong></span> 
     </span>
    </p>
   </div>
   <div class='ocr_carea' id='block_1_52' title="bbox 2060 2376 2902 2443">
    <p class='ocr_par' dir='ltr' id='par_1_52' title="bbox 2060 2376 2902 2443">
     <span class='ocr_line' id='line_1_52' title="bbox 2060 2376 2902 2443; baseline 0.013 -11"><span class='ocrx_word' id='word_1_390' title='bbox 2060 2376 2223 2434; x_wconf 87' lang='lat' dir='ltr'><strong>homo</strong></span> <span class='ocrx_word' id='word_1_391' title='bbox 2269 2380 2602 2437; x_wconf 87' lang='lat' dir='ltr'><strong>voluntatem</strong></span> <span class='ocrx_word' id='word_1_392' title='bbox 2656 2385 2902 2443; x_wconf 85' lang='lat' dir='ltr'><strong>haberet.</strong></span> 
     </span>
    </p>
   </div>
   <div class='ocr_carea' id='block_1_53' title="bbox 2062 2478 3647 2575">
    <p class='ocr_par' dir='ltr' id='par_1_53' title="bbox 2062 2478 3647 2575">
     <span class='ocr_line' id='line_1_53' title="bbox 2062 2478 3647 2575; baseline 0.008 -29"><span class='ocrx_word' id='word_1_393' title='bbox 2062 2478 2322 2564; x_wconf 74' lang='lat' dir='ltr'><strong>Ejusdem</strong></span> <span class='ocrx_word' id='word_1_394' title='bbox 2353 2510 2419 2549; x_wconf 75' lang='lat' dir='ltr'><strong>ex</strong></span> <span class='ocrx_word' id='word_1_395' title='bbox 2443 2486 2801 2575; x_wconf 60' lang='lat' dir='ltr'><strong>disputatione</strong></span> <span class='ocrx_word' id='word_1_396' title='bbox 2831 2501 3014 2556; x_wconf 74' lang='lat' dir='ltr'><strong>habita</strong></span> <span class='ocrx_word' id='word_1_397' title='bbox 3045 2519 3164 2556; x_wconf 83' lang='lat' dir='ltr'><strong>cum</strong></span> <span class='ocrx_word' id='word_1_398' title='bbox 3220 2504 3430 2575; x_wconf 67' lang='lat' dir='ltr'><strong>Pyrrho</strong></span> <span class='ocrx_word' id='word_1_399' title='bbox 3475 2506 3647 2575; x_wconf 80' lang='lat' dir='ltr'><strong>patri-</strong></span> 
     </span>
    </p>
   </div>
   <div class='ocr_carea' id='block_1_54' title="bbox 2450 2569 3255 2641">
    <p class='ocr_par' dir='ltr' id='par_1_54' title="bbox 2450 2569 3255 2641">
     <span class='ocr_line' id='line_1_54' title="bbox 2450 2569 3255 2641; baseline 0.014 -23"><span class='ocrx_word' id='word_1_400' title='bbox 2450 2569 2615 2621; x_wconf 81' lang='lat' dir='ltr'><strong>arclta</strong></span> <span class='ocrx_word' id='word_1_401' title='bbox 2643 2569 3255 2641; x_wconf 71' lang='lat' dir='ltr'><strong>(Iatrslantinopolitano.</strong></span> 
     </span>
    </p>
   </div>
   <div class='ocr_carea' id='block_1_55' title="bbox 2130 2657 3641 2724">
    <p class='ocr_par' dir='ltr' id='par_1_55' title="bbox 2130 2657 3641 2724">
     <span class='ocr_line' id='line_1_55' title="bbox 2130 2657 3641 2724; baseline 0.009 -14"><span class='ocrx_word' id='word_1_402' title='bbox 2130 2657 2269 2711; x_wconf 82' lang='lat' dir='ltr'><strong>Cum</strong></span> <span class='ocrx_word' id='word_1_403' title='bbox 2332 2657 2584 2714; x_wconf 84' lang='lat' dir='ltr'><strong>Christus</strong></span> <span class='ocrx_word' id='word_1_404' title='bbox 2667 2661 2812 2717; x_wconf 79' lang='lat' dir='ltr'><strong>Deus</strong></span> <span class='ocrx_word' id='word_1_405' title='bbox 2902 2675 3098 2719; x_wconf 87' lang='lat' dir='ltr'><strong>natura</strong></span> <span class='ocrx_word' id='word_1_406' title='bbox 3161 2676 3215 2723; x_wconf 89' lang='lat' dir='ltr'><strong>et</strong></span> <span class='ocrx_word' id='word_1_407' title='bbox 3292 2669 3457 2724; x_wconf 89' lang='lat' dir='ltr'><strong>homo</strong></span> <span class='ocrx_word' id='word_1_408' title='bbox 3550 2682 3641 2723; x_wconf 85' lang='lat' dir='ltr'><strong>es-</strong></span> 
     </span>
    </p>
   </div>
   <div class='ocr_carea' id='block_1_56' title="bbox 2066 2748 3631 2823">
    <p class='ocr_par' dir='ltr' id='par_1_56' title="bbox 2066 2748 3631 2823">
     <span class='ocr_line' id='line_1_56' title="bbox 2066 2748 3631 2823; baseline 0.008 -19"><span class='ocrx_word' id='word_1_409' title='bbox 2066 2760 2170 2814; x_wconf 82' lang='lat' dir='ltr'><strong>set,</strong></span> <span class='ocrx_word' id='word_1_410' title='bbox 2202 2758 2264 2802; x_wconf 92' lang='lat' dir='ltr'><strong>ut</strong></span> <span class='ocrx_word' id='word_1_411' title='bbox 2290 2748 2434 2804; x_wconf 88' lang='lat' dir='ltr'><strong>Deus</strong></span> <span class='ocrx_word' id='word_1_412' title='bbox 2464 2762 2521 2804; x_wconf 92' lang='lat' dir='ltr'><strong>et</strong></span> <span class='ocrx_word' id='word_1_413' title='bbox 2552 2751 2715 2806; x_wconf 88' lang='lat' dir='ltr'><strong>homo</strong></span> <span class='ocrx_word' id='word_1_414' title='bbox 2738 2752 2879 2806; x_wconf 89' lang='lat' dir='ltr'><strong>idem</strong></span> <span class='ocrx_word' id='word_1_415' title='bbox 2939 2756 3175 2823; x_wconf 79' lang='lat' dir='ltr'><strong>volebat,</strong></span> <span class='ocrx_word' id='word_1_416' title='bbox 3231 2773 3301 2813; x_wconf 88' lang='lat' dir='ltr'><strong>an</strong></span> <span class='ocrx_word' id='word_1_417' title='bbox 3354 2769 3416 2814; x_wconf 93' lang='lat' dir='ltr'><strong>ut</strong></span> <span class='ocrx_word' id='word_1_418' title='bbox 3465 2759 3631 2816; x_wconf 86' lang='lat' dir='ltr'><strong>Chri-</strong></span> 
     </span>
    </p>
   </div>
   <div class='ocr_carea' id='block_1_57' title="bbox 2061 2841 3633 2921">
    <p class='ocr_par' dir='ltr' id='par_1_57' title="bbox 2061 2841 3633 2921">
     <span class='ocr_line' id='line_1_57' title="bbox 2061 2841 3633 2921; baseline 0.008 -28"><span class='ocrx_word' id='word_1_419' title='bbox 2061 2849 2180 2895; x_wconf 87' lang='lat' dir='ltr'><strong>stus</strong></span> <span class='ocrx_word' id='word_1_420' title='bbox 2210 2841 2591 2917; x_wconf 77' lang='lat' dir='ltr'><strong>solummodo?</strong></span> <span class='ocrx_word' id='word_1_421' title='bbox 2616 2844 2693 2898; x_wconf 83' lang='lat' dir='ltr'><strong>Ac</strong></span> <span class='ocrx_word' id='word_1_422' title='bbox 2720 2846 2763 2899; x_wconf 89' lang='lat' dir='ltr'><strong>si</strong></span> <span class='ocrx_word' id='word_1_423' title='bbox 2810 2846 3030 2914; x_wconf 85' lang='lat' dir='ltr'><strong>quidem</strong></span> <span class='ocrx_word' id='word_1_424' title='bbox 3066 2847 3319 2905; x_wconf 81' lang='lat' dir='ltr'><strong>Cbrisms</strong></span> <span class='ocrx_word' id='word_1_425' title='bbox 3349 2850 3633 2921; x_wconf 84' lang='lat' dir='ltr'><strong>principa-</strong></span> 
     </span>
    </p>
   </div>
   <div class='ocr_carea' id='block_1_58' title="bbox 2057 2928 3640 3010">
    <p class='ocr_par' dir='ltr' id='par_1_58' title="bbox 2057 2928 3640 3010">
     <span class='ocr_line' id='line_1_58' title="bbox 2057 2928 3640 3010; baseline 0.008 -29"><span class='ocrx_word' id='word_1_426' title='bbox 2057 2928 2181 2983; x_wconf 86' lang='lat' dir='ltr'><strong>liter</strong></span> <span class='ocrx_word' id='word_1_427' title='bbox 2207 2928 2430 2986; x_wconf 84' lang='lat' dir='ltr'><strong>utDeus</strong></span> <span class='ocrx_word' id='word_1_428' title='bbox 2453 2940 2510 2986; x_wconf 85' lang='lat' dir='ltr'><strong>et</strong></span> <span class='ocrx_word' id='word_1_429' title='bbox 2541 2932 2706 2989; x_wconf 86' lang='lat' dir='ltr'><strong>homo</strong></span> <span class='ocrx_word' id='word_1_430' title='bbox 2741 2936 2977 3001; x_wconf 85' lang='lat' dir='ltr'><strong>volebat,</strong></span> <span class='ocrx_word' id='word_1_431' title='bbox 3039 2938 3231 3009; x_wconf 86' lang='lat' dir='ltr'><strong>utique</strong></span> <span class='ocrx_word' id='word_1_432' title='bbox 3280 2940 3486 3010; x_wconf 86' lang='lat' dir='ltr'><strong>duplici</strong></span> <span class='ocrx_word' id='word_1_433' title='bbox 3550 2957 3640 2995; x_wconf 84' lang='lat' dir='ltr'><strong>ra-</strong></span> 
     </span>
    </p>
   </div>
   <div class='ocr_carea' id='block_1_59' title="bbox 2060 3020 3637 3103">
    <p class='ocr_par' dir='ltr' id='par_1_59' title="bbox 2060 3020 3637 3103">
     <span class='ocr_line' id='line_1_59' title="bbox 2060 3020 3637 3103; baseline 0.01 -31"><span class='ocrx_word' id='word_1_434' title='bbox 2060 3020 2226 3084; x_wconf 83' lang='lat' dir='ltr'><strong>tione,</strong></span> <span class='ocrx_word' id='word_1_435' title='bbox 2255 3036 2362 3093; x_wconf 84' lang='lat' dir='ltr'><strong>non</strong></span> <span class='ocrx_word' id='word_1_436' title='bbox 2391 3038 2497 3103; x_wconf 18' lang='lat' dir='ltr'><strong>una:</strong></span> <span class='ocrx_word' id='word_1_437' title='bbox 2547 3034 2604 3078; x_wconf 90' lang='lat' dir='ltr'><strong>et</strong></span> <span class='ocrx_word' id='word_1_438' title='bbox 2659 3027 2950 3096; x_wconf 78' lang='lat' dir='ltr'><strong>singulari,</strong></span> <span class='ocrx_word' id='word_1_439' title='bbox 3006 3044 3150 3083; x_wconf 82' lang='lat' dir='ltr'><strong>unus</strong></span> <span class='ocrx_word' id='word_1_440' title='bbox 3208 3030 3322 3101; x_wconf 89' lang='lat' dir='ltr'><strong>ipse</strong></span> <span class='ocrx_word' id='word_1_441' title='bbox 3379 3033 3637 3102; x_wconf 80' lang='lat' dir='ltr'><strong>idemque</strong></span> 
     </span>
    </p>
   </div>
   <div class='ocr_carea' id='block_1_60' title="bbox 2058 3111 3640 3193">
    <p class='ocr_par' dir='ltr' id='par_1_60' title="bbox 2058 3111 3640 3193">
     <span class='ocr_line' id='line_1_60' title="bbox 2058 3111 3640 3193; baseline 0.01 -33"><span class='ocrx_word' id='word_1_442' title='bbox 2058 3111 2291 3175; x_wconf 87' lang='lat' dir='ltr'><strong>volebat.</strong></span> <span class='ocrx_word' id='word_1_443' title='bbox 2330 3115 2609 3184; x_wconf 82' lang='lat' dir='ltr'><strong>Siquidem</strong></span> <span class='ocrx_word' id='word_1_444' title='bbox 2637 3120 2783 3174; x_wconf 90' lang='lat' dir='ltr'><strong>enim</strong></span> <span class='ocrx_word' id='word_1_445' title='bbox 2817 3120 3071 3177; x_wconf 86' lang='lat' dir='ltr'><strong>Christus</strong></span> <span class='ocrx_word' id='word_1_446' title='bbox 3118 3122 3256 3176; x_wconf 87' lang='lat' dir='ltr'><strong>nihil</strong></span> <span class='ocrx_word' id='word_1_447' title='bbox 3306 3131 3392 3179; x_wconf 88' lang='lat' dir='ltr'><strong>est</strong></span> <span class='ocrx_word' id='word_1_448' title='bbox 3440 3134 3640 3193; x_wconf 65' lang='lat' dir='ltr'><strong>praeter</strong></span> 
     </span>
    </p>
   </div>
   <div class='ocr_carea' id='block_1_61' title="bbox 365 3197 1948 3300">
    <p class='ocr_par' dir='ltr' id='par_1_61' title="bbox 365 3197 1948 3281">
     <span class='ocr_line' id='line_1_61' title="bbox 365 3197 1948 3281; baseline 0.006 -24"><span class='ocrx_word' id='word_1_449' title='bbox 365 3203 459 3257; x_wconf 80' lang='grc' dir='ltr'>τοῦ</span> <span class='ocrx_word' id='word_1_450' title='bbox 479 3203 689 3273; x_wconf 80' lang='grc' dir='ltr'>φύσεις,</span> <span class='ocrx_word' id='word_1_451' title='bbox 714 3203 775 3269; x_wconf 76' lang='grc' dir='ltr'><strong>ἐξ</strong></span> <span class='ocrx_word' id='word_1_452' title='bbox 794 3197 890 3271; x_wconf 86' lang='grc' dir='ltr'><strong>ὧν,</strong></span> <span class='ocrx_word' id='word_1_453' title='bbox 916 3206 1008 3257; x_wconf 79' lang='grc' dir='ltr'>καὶ</span> <span class='ocrx_word' id='word_1_454' title='bbox 1039 3206 1095 3258; x_wconf 76' lang='grc' dir='ltr'>ὲν</span> <span class='ocrx_word' id='word_1_455' title='bbox 1128 3198 1217 3268; x_wconf 79' lang='grc' dir='ltr'>αἷς</span> <span class='ocrx_word' id='word_1_456' title='bbox 1247 3206 1507 3278; x_wconf 77' lang='grc' dir='ltr'>ὑπάρχειο</span> <span class='ocrx_word' id='word_1_457' title='bbox 1548 3209 1847 3281; x_wconf 79' lang='grc' dir='ltr'>προδήλως,</span> <span class='ocrx_word' id='word_1_458' title='bbox 1880 3212 1948 3278; x_wconf 88' lang='grc' dir='ltr'>ὡς</span> 
     </span>
    </p>
   </div>
   <div class='ocr_carea' id='block_1_62' title="bbox 2053 3197 3648 3300">
    <p class='ocr_par' dir='ltr' id='par_1_62' title="bbox 2056 3209 3648 3281">
     <span class='ocr_line' id='line_1_62' title="bbox 2056 3209 3648 3281; baseline -0.003 -13"><span class='ocrx_word' id='word_1_459' title='bbox 2056 3227 2187 3268; x_wconf 85' lang='lat' dir='ltr'><strong>suas</strong></span> <span class='ocrx_word' id='word_1_460' title='bbox 2216 3219 2473 3277; x_wconf 88' lang='lat' dir='ltr'><strong>naturas,</strong></span> <span class='ocrx_word' id='word_1_461' title='bbox 2501 3228 2569 3266; x_wconf 80' lang='lat' dir='ltr'><strong>ex</strong></span> <span class='ocrx_word' id='word_1_462' title='bbox 2594 3211 2823 3281; x_wconf 83' lang='lat' dir='ltr'><strong>quibus,</strong></span> <span class='ocrx_word' id='word_1_463' title='bbox 2854 3220 2909 3265; x_wconf 88' lang='lat' dir='ltr'><strong>et</strong></span> <span class='ocrx_word' id='word_1_464' title='bbox 2949 3212 3007 3265; x_wconf 91' lang='lat' dir='ltr'><strong>in</strong></span> <span class='ocrx_word' id='word_1_465' title='bbox 3033 3210 3244 3281; x_wconf 76' lang='lat' dir='ltr'><strong>quibus</strong></span> <span class='ocrx_word' id='word_1_466' title='bbox 3267 3209 3648 3266; x_wconf 80' lang='lat' dir='ltr'><strong>exsistcntiam</strong></span> 
     </span>
    </p>
   </div>
   <div class='ocr_carea' id='block_1_63' title="bbox 366 3296 1948 3377">
    <p class='ocr_par' dir='ltr' id='par_1_63' title="bbox 366 3296 1948 3377">
     <span class='ocr_line' id='line_1_63' title="bbox 366 3296 1948 3377; baseline 0.006 -29"><span class='ocrx_word' id='word_1_467' title='bbox 366 3296 720 3365; x_wconf 78' lang='grc' dir='ltr'>καταλλήλως</span> <span class='ocrx_word' id='word_1_468' title='bbox 763 3297 885 3358; x_wconf 85' lang='grc' dir='ltr'>ταῖς</span> <span class='ocrx_word' id='word_1_469' title='bbox 930 3296 1127 3349; x_wconf 71' lang='grc' dir='ltr'>ἑαυτοῦ</span> <span class='ocrx_word' id='word_1_470' title='bbox 1170 3297 1418 3366; x_wconf 81' lang='grc' dir='ltr'>φύσεσιν·</span> <span class='ocrx_word' id='word_1_471' title='bbox 1443 3300 1725 3370; x_wconf 73' lang='grc' dir='ltr'>ἧγουν,ὠς</span> <span class='ocrx_word' id='word_1_472' title='bbox 1746 3304 1948 3377; x_wconf 78' lang='grc' dir='ltr'><strong>ἑκάστη</strong></span> 
     </span>
    </p>
   </div>
   <div class='ocr_carea' id='block_1_64' title="bbox 2053 3296 3649 3377">
    <p class='ocr_par' dir='ltr' id='par_1_64' title="bbox 2058 3299 3649 3375">
     <span class='ocr_line' id='line_1_64' title="bbox 2058 3299 3649 3375; baseline -0.003 -17"><span class='ocrx_word' id='word_1_473' title='bbox 2058 3305 2256 3369; x_wconf 82' lang='lat' dir='ltr'><strong>habet;</strong></span> <span class='ocrx_word' id='word_1_474' title='bbox 2286 3304 2646 3375; x_wconf 88' lang='lat' dir='ltr'><strong>perspicuum</strong></span> <span class='ocrx_word' id='word_1_475' title='bbox 2674 3312 2783 3367; x_wconf 86' lang='lat' dir='ltr'><strong>est,</strong></span> <span class='ocrx_word' id='word_1_476' title='bbox 2817 3303 2913 3373; x_wconf 89' lang='lat' dir='ltr'><strong>qui</strong></span> <span class='ocrx_word' id='word_1_477' title='bbox 2952 3318 3099 3357; x_wconf 88' lang='lat' dir='ltr'><strong>unus</strong></span> <span class='ocrx_word' id='word_1_478' title='bbox 3129 3310 3185 3357; x_wconf 91' lang='lat' dir='ltr'><strong>et</strong></span> <span class='ocrx_word' id='word_1_479' title='bbox 3212 3299 3329 3371; x_wconf 78' lang='lat' dir='ltr'><strong>ipse</strong></span> <span class='ocrx_word' id='word_1_480' title='bbox 3356 3309 3526 3366; x_wconf 86' lang='lat' dir='ltr'><strong>esset,</strong></span> <span class='ocrx_word' id='word_1_481' title='bbox 3546 3316 3649 3371; x_wconf 90' lang='lat' dir='ltr'><strong>pro</strong></span> 
     </span>
    </p>
   </div>
   <div class='ocr_carea' id='block_1_65' title="bbox 365 3382 1950 3466">
    <p class='ocr_par' dir='ltr' id='par_1_65' title="bbox 365 3382 1950 3466">
     <span class='ocr_line' id='line_1_65' title="bbox 365 3382 1950 3466; baseline 0.007 -28"><span class='ocrx_word' id='word_1_482' title='bbox 365 3388 632 3455; x_wconf 74' lang='grc' dir='ltr'>πέφυκεν,</span> <span class='ocrx_word' id='word_1_483' title='bbox 684 3382 765 3451; x_wconf 79' lang='grc' dir='ltr'>εἷς</span> <span class='ocrx_word' id='word_1_484' title='bbox 793 3387 868 3442; x_wconf 83' lang='grc' dir='ltr'>ὢν</span> <span class='ocrx_word' id='word_1_485' title='bbox 899 3389 992 3441; x_wconf 74' lang='grc' dir='ltr'>καὶ</span> <span class='ocrx_word' id='word_1_486' title='bbox 1021 3391 1049 3441; x_wconf 90' lang='lat'><strong>6</strong></span> <span class='ocrx_word' id='word_1_487' title='bbox 1074 3388 1258 3453; x_wconf 74' lang='grc' dir='ltr'>αὐτὸς,</span> <span class='ocrx_word' id='word_1_488' title='bbox 1284 3390 1442 3460; x_wconf 79' lang='grc' dir='ltr'>ἤθελὲ</span> <span class='ocrx_word' id='word_1_489' title='bbox 1470 3409 1529 3445; x_wconf 87' lang='grc' dir='ltr'><strong>τε</strong></span> <span class='ocrx_word' id='word_1_490' title='bbox 1558 3394 1655 3446; x_wconf 82' lang='grc' dir='ltr'>καὶ</span> <span class='ocrx_word' id='word_1_491' title='bbox 1686 3396 1906 3466; x_wconf 80' lang='grc' dir='ltr'>ἐνήργει</span> <span class='ocrx_word' id='word_1_492' title='bbox 1936 3412 1950 3426; x_wconf 90' lang='grc'><strong>·</strong></span> 
     </span>
    </p>
   </div>
   <div class='ocr_carea' id='block_1_66' title="bbox 364 3480 1948 3559">
    <p class='ocr_par' dir='ltr' id='par_1_66' title="bbox 364 3480 1948 3559">
     <span class='ocr_line' id='line_1_66' title="bbox 364 3480 1948 3559; baseline 0.008 -27"><span class='ocrx_word' id='word_1_493' title='bbox 364 3480 525 3550; x_wconf 71' lang='grc' dir='ltr'>εἴπερ</span> <span class='ocrx_word' id='word_1_494' title='bbox 544 3480 799 3550; x_wconf 77' lang='grc' dir='ltr'>οὐδετέρα</span> <span class='ocrx_word' id='word_1_495' title='bbox 819 3481 1002 3534; x_wconf 78' lang='grc' dir='ltr'>αὐτῶν</span> <span class='ocrx_word' id='word_1_496' title='bbox 1027 3481 1287 3552; x_wconf 69' lang='grc' dir='ltr'>ἀθέλητός</span> <span class='ocrx_word' id='word_1_497' title='bbox 1305 3485 1473 3545; x_wconf 79' lang='grc' dir='ltr'>ἐστιν,</span> <span class='ocrx_word' id='word_1_498' title='bbox 1506 3485 1538 3556; x_wconf 83' lang='grc' dir='ltr'>ἢ</span> <span class='ocrx_word' id='word_1_499' title='bbox 1568 3489 1948 3559; x_wconf 82' lang='grc' dir='ltr'>ἁνενέργητος.</span> 
     </span>
    </p>
   </div>
   <div class='ocr_carea' id='block_1_67' title="bbox 367 3576 1949 3650">
    <p class='ocr_par' dir='ltr' id='par_1_67' title="bbox 367 3576 1949 3650">
     <span class='ocr_line' id='line_1_67' title="bbox 367 3576 1949 3650; baseline 0.004 -22"><span class='ocrx_word' id='word_1_500' title='bbox 367 3576 431 3628; x_wconf 79' lang='lat' dir='ltr'><strong>Ei</strong></span> <span class='ocrx_word' id='word_1_501' title='bbox 461 3576 518 3629; x_wconf 87' lang='grc' dir='ltr'>δὲ</span> <span class='ocrx_word' id='word_1_502' title='bbox 552 3577 908 3648; x_wconf 83' lang='grc' dir='ltr'>καταλλήλως</span> <span class='ocrx_word' id='word_1_503' title='bbox 939 3581 1060 3642; x_wconf 85' lang='grc' dir='ltr'>ταῖς</span> <span class='ocrx_word' id='word_1_504' title='bbox 1092 3578 1291 3633; x_wconf 81' lang='grc' dir='ltr'>ἑαυτοῦ</span> <span class='ocrx_word' id='word_1_505' title='bbox 1342 3580 1570 3648; x_wconf 81' lang='grc' dir='ltr'>φύσεσιν</span> <span class='ocrx_word' id='word_1_506' title='bbox 1620 3582 1648 3633; x_wconf 89' lang='lat'><strong>6</strong></span> <span class='ocrx_word' id='word_1_507' title='bbox 1692 3582 1949 3650; x_wconf 80' lang='grc' dir='ltr'>Χριστὸς,</span> 
     </span>
    </p>
   </div>
   <div class='ocr_carea' id='block_1_68' title="bbox 364 3668 1947 3741">
    <p class='ocr_par' dir='ltr' id='par_1_68' title="bbox 364 3668 1947 3741">
     <span class='ocr_line' id='line_1_68' title="bbox 364 3668 1947 3741; baseline 0.004 -23"><span class='ocrx_word' id='word_1_508' title='bbox 364 3668 557 3738; x_wconf 58' lang='grc' dir='ltr'>ἤγουν,</span> <span class='ocrx_word' id='word_1_509' title='bbox 586 3668 662 3731; x_wconf 85' lang='grc' dir='ltr'>ὡς</span> <span class='ocrx_word' id='word_1_510' title='bbox 696 3670 903 3739; x_wconf 78' lang='grc' dir='ltr'>ἑκάστη</span> <span class='ocrx_word' id='word_1_511' title='bbox 940 3669 1209 3737; x_wconf 80' lang='grc' dir='ltr'>πέφυκεν,</span> <span class='ocrx_word' id='word_1_512' title='bbox 1242 3669 1437 3741; x_wconf 69' lang='grc' dir='ltr'>ἤθελέν</span> <span class='ocrx_word' id='word_1_513' title='bbox 1464 3686 1522 3722; x_wconf 89' lang='grc' dir='ltr'><strong>τε</strong></span> <span class='ocrx_word' id='word_1_514' title='bbox 1554 3669 1650 3722; x_wconf 75' lang='grc' dir='ltr'>καὶ</span> <span class='ocrx_word' id='word_1_515' title='bbox 1680 3672 1901 3741; x_wconf 73' lang='grc' dir='ltr'>ἐνήργει</span> <span class='ocrx_word' id='word_1_516' title='bbox 1933 3687 1947 3703; x_wconf 76' lang='grc' dir='ltr'><strong><em>ο</em></strong></span> 
     </span>
    </p>
   </div>
   <div class='ocr_carea' id='block_1_69' title="bbox 362 3758 1953 3830">
    <p class='ocr_par' dir='ltr' id='par_1_69' title="bbox 362 3758 1953 3830">
     <span class='ocr_line' id='line_1_69' title="bbox 362 3758 1953 3830; baseline 0.003 -20"><span class='ocrx_word' id='word_1_517' title='bbox 362 3758 457 3811; x_wconf 85' lang='grc' dir='ltr'>δύο</span> <span class='ocrx_word' id='word_1_518' title='bbox 485 3758 543 3811; x_wconf 77' lang='grc' dir='ltr'>δὲ</span> <span class='ocrx_word' id='word_1_519' title='bbox 587 3758 754 3813; x_wconf 84' lang='grc' dir='ltr'>αὑτοῦ</span> <span class='ocrx_word' id='word_1_520' title='bbox 792 3762 850 3813; x_wconf 81' lang='grc' dir='ltr'>αἱ</span> <span class='ocrx_word' id='word_1_521' title='bbox 899 3761 1093 3830; x_wconf 82' lang='grc' dir='ltr'>φύσεις</span> <span class='ocrx_word' id='word_1_522' title='bbox 1117 3776 1131 3791; x_wconf 83' lang='lat'><strong>&#39;</strong></span> <span class='ocrx_word' id='word_1_523' title='bbox 1171 3759 1267 3814; x_wconf 87' lang='grc' dir='ltr'>δύο</span> <span class='ocrx_word' id='word_1_524' title='bbox 1296 3759 1462 3813; x_wconf 80' lang='grc' dir='ltr'>αὐτοῦ</span> <span class='ocrx_word' id='word_1_525' title='bbox 1495 3762 1714 3823; x_wconf 86' lang='grc' dir='ltr'>πάντως</span> <span class='ocrx_word' id='word_1_526' title='bbox 1751 3764 1845 3815; x_wconf 76' lang='grc' dir='ltr'>καὶ</span> <span class='ocrx_word' id='word_1_527' title='bbox 1884 3761 1953 3815; x_wconf 68' lang='grc' dir='ltr'><strong>τὰ</strong></span> 
     </span>
    </p>
   </div>
   <div class='ocr_carea' id='block_1_70' title="bbox 364 3850 1953 3924">
    <p class='ocr_par' dir='ltr' id='par_1_70' title="bbox 364 3850 1953 3924">
     <span class='ocr_line' id='line_1_70' title="bbox 364 3850 1953 3924; baseline 0.003 -22"><span class='ocrx_word' id='word_1_528' title='bbox 364 3850 572 3917; x_wconf 83' lang='grc' dir='ltr'>φυσικὰ</span> <span class='ocrx_word' id='word_1_529' title='bbox 618 3850 902 3922; x_wconf 77' lang='grc' dir='ltr'>θελήματα</span> <span class='ocrx_word' id='word_1_530' title='bbox 931 3869 944 3882; x_wconf 88' lang='grc'><strong>·</strong></span> <span class='ocrx_word' id='word_1_531' title='bbox 1000 3854 1098 3905; x_wconf 59' lang='grc' dir='ltr'><strong>καὶ⁸</strong></span> <span class='ocrx_word' id='word_1_532' title='bbox 1155 3852 1213 3906; x_wconf 78' lang='grc' dir='ltr'>αἱ</span> <span class='ocrx_word' id='word_1_533' title='bbox 1261 3852 1467 3906; x_wconf 62' lang='grc' dir='ltr'>τούτων</span> <span class='ocrx_word' id='word_1_534' title='bbox 1519 3852 1822 3924; x_wconf 86' lang='grc' dir='ltr'>ίσάριθμοι,</span> <span class='ocrx_word' id='word_1_535' title='bbox 1858 3855 1953 3908; x_wconf 78' lang='grc' dir='ltr'>καὶ</span> 
     </span>
    </p>
   </div>
   <div class='ocr_carea' id='block_1_71' title="bbox 361 3941 1951 4014">
    <p class='ocr_par' dir='ltr' id='par_1_71' title="bbox 361 3941 1951 4014">
     <span class='ocr_line' id='line_1_71' title="bbox 361 3941 1951 4014; baseline 0.003 -20"><span class='ocrx_word' id='word_1_536' title='bbox 361 3941 645 4005; x_wconf 82' lang='grc' dir='ltr'>οὑσιώδεις</span> <span class='ocrx_word' id='word_1_537' title='bbox 693 3942 988 4012; x_wconf 73' lang='grc' dir='ltr'>ἐνέργειαι.</span> <span class='ocrx_word' id='word_1_538' title='bbox 1054 3944 1265 4014; x_wconf 82' lang='grc' dir='ltr'>Ὥσπερ</span> <span class='ocrx_word' id='word_1_539' title='bbox 1315 3943 1427 4013; x_wconf 82' lang='grc' dir='ltr'><strong>γὰρ</strong></span> <span class='ocrx_word' id='word_1_540' title='bbox 1459 3945 1486 3997; x_wconf 88' lang='lat'><strong>6</strong></span> <span class='ocrx_word' id='word_1_541' title='bbox 1515 3944 1627 3997; x_wconf 84' lang='grc' dir='ltr'><strong>τῶν</strong></span> <span class='ocrx_word' id='word_1_542' title='bbox 1658 3942 1750 3997; x_wconf 82' lang='grc' dir='ltr'>τοῦ</span> <span class='ocrx_word' id='word_1_543' title='bbox 1783 3944 1951 3998; x_wconf 74' lang='grc' dir='ltr'>αὐτοῦ</span> 
     </span>
    </p>
   </div>
   <div class='ocr_carea' id='block_1_72' title="bbox 364 4033 1953 4107">
    <p class='ocr_par' dir='ltr' id='par_1_72' title="bbox 364 4033 1953 4107">
     <span class='ocr_line' id='line_1_72' title="bbox 364 4033 1953 4107; baseline 0.004 -22"><span class='ocrx_word' id='word_1_544' title='bbox 364 4034 461 4086; x_wconf 79' lang='grc' dir='ltr'>καὶ</span> <span class='ocrx_word' id='word_1_545' title='bbox 508 4033 627 4097; x_wconf 80' lang='grc' dir='ltr'>ἑνὸς</span> <span class='ocrx_word' id='word_1_546' title='bbox 676 4033 916 4104; x_wconf 82' lang='grc' dir='ltr'>Χριστοῦ</span> <span class='ocrx_word' id='word_1_547' title='bbox 972 4034 1189 4103; x_wconf 84' lang='grc' dir='ltr'>φύσεων</span> <span class='ocrx_word' id='word_1_548' title='bbox 1228 4034 1486 4107; x_wconf 84' lang='grc' dir='ltr'>ἀριθμὸς,</span> <span class='ocrx_word' id='word_1_549' title='bbox 1520 4036 1764 4100; x_wconf 78' lang='grc' dir='ltr'>εὐσεϐῶς</span> <span class='ocrx_word' id='word_1_550' title='bbox 1799 4036 1953 4091; x_wconf 80' lang='grc' dir='ltr'>νοού-</span> 
     </span>
    </p>
   </div>
   <div class='ocr_carea' id='block_1_73' title="bbox 366 4124 1946 4200">
    <p class='ocr_par' dir='ltr' id='par_1_73' title="bbox 366 4124 1946 4200">
     <span class='ocr_line' id='line_1_73' title="bbox 366 4124 1946 4200; baseline 0.004 -25"><span class='ocrx_word' id='word_1_551' title='bbox 366 4124 527 4192; x_wconf 87' lang='grc' dir='ltr'>μενός</span> <span class='ocrx_word' id='word_1_552' title='bbox 570 4141 631 4178; x_wconf 85' lang='grc' dir='ltr'><strong>τε</strong></span> <span class='ocrx_word' id='word_1_553' title='bbox 667 4127 763 4177; x_wconf 74' lang='grc' dir='ltr'>καὶ</span> <span class='ocrx_word' id='word_1_554' title='bbox 812 4124 1128 4195; x_wconf 83' lang='grc' dir='ltr'>λεγόμενος,</span> <span class='ocrx_word' id='word_1_555' title='bbox 1183 4128 1245 4179; x_wconf 82' lang='grc' dir='ltr'>οὐ</span> <span class='ocrx_word' id='word_1_556' title='bbox 1294 4126 1498 4198; x_wconf 87' lang='grc' dir='ltr'>διαιρεί</span> <span class='ocrx_word' id='word_1_557' title='bbox 1548 4128 1640 4183; x_wconf 85' lang='grc' dir='ltr'>τὸν</span> <span class='ocrx_word' id='word_1_558' title='bbox 1689 4129 1946 4200; x_wconf 78' lang='grc' dir='ltr'>Χριστὸν,</span> 
     </span>
    </p>
   </div>
   <div class='ocr_carea' id='block_1_74' title="bbox 362 4214 1949 4289">
    <p class='ocr_par' dir='ltr' id='par_1_74' title="bbox 362 4214 1949 4289">
     <span class='ocr_line' id='line_1_74' title="bbox 362 4214 1949 4289; baseline 0.004 -22"><span class='ocrx_word' id='word_1_559' title='bbox 362 4214 499 4268; x_wconf 75' lang='grc' dir='ltr'><strong>ἀλλὰ</strong></span> <span class='ocrx_word' id='word_1_560' title='bbox 546 4215 862 4286; x_wconf 77' lang='grc' dir='ltr'>σωζομένην</span> <span class='ocrx_word' id='word_1_561' title='bbox 904 4216 1007 4270; x_wconf 85' lang='grc' dir='ltr'><strong>κάν</strong></span> <span class='ocrx_word' id='word_1_562' title='bbox 1053 4219 1121 4288; x_wconf 81' lang='grc' dir='ltr'>τῇ</span> <span class='ocrx_word' id='word_1_563' title='bbox 1150 4218 1343 4270; x_wconf 83' lang='grc' dir='ltr'>ένώσει</span> <span class='ocrx_word' id='word_1_564' title='bbox 1376 4218 1677 4288; x_wconf 83' lang='grc' dir='ltr'>παρίστησι</span> <span class='ocrx_word' id='word_1_565' title='bbox 1708 4220 1819 4272; x_wconf 86' lang='grc' dir='ltr'><strong>τῶν</strong></span> <span class='ocrx_word' id='word_1_566' title='bbox 1848 4219 1949 4289; x_wconf 86' lang='grc' dir='ltr'><strong>φύ-</strong></span> 
     </span>
    </p>
   </div>
   <div class='ocr_carea' id='block_1_75' title="bbox 364 4305 1947 4381">
    <p class='ocr_par' dir='ltr' id='par_1_75' title="bbox 364 4305 1947 4381">
     <span class='ocr_line' id='line_1_75' title="bbox 364 4305 1947 4381; baseline 0.005 -24"><span class='ocrx_word' id='word_1_567' title='bbox 364 4321 503 4358; x_wconf 88' lang='grc' dir='ltr'>σεων</span> <span class='ocrx_word' id='word_1_568' title='bbox 533 4305 631 4376; x_wconf 84' lang='grc' dir='ltr'>τὴν</span> <span class='ocrx_word' id='word_1_569' title='bbox 661 4306 928 4377; x_wconf 83' lang='grc' dir='ltr'>διαφοράν</span> <span class='ocrx_word' id='word_1_570' title='bbox 954 4324 969 4338; x_wconf 79' lang='grc' dir='ltr'><strong><em>ο</em></strong></span> <span class='ocrx_word' id='word_1_571' title='bbox 994 4306 1140 4362; x_wconf 79' lang='grc' dir='ltr'>οὕτω</span> <span class='ocrx_word' id='word_1_572' title='bbox 1162 4308 1258 4362; x_wconf 80' lang='grc' dir='ltr'>καὶ</span> <span class='ocrx_word' id='word_1_573' title='bbox 1286 4309 1315 4361; x_wconf 84' lang='grc' dir='ltr'>ὁ</span> <span class='ocrx_word' id='word_1_574' title='bbox 1344 4310 1580 4381; x_wconf 81' lang='grc' dir='ltr'>ἀριθμὸς</span> <span class='ocrx_word' id='word_1_575' title='bbox 1610 4310 1722 4363; x_wconf 85' lang='grc' dir='ltr'><strong>τῶν</strong></span> <span class='ocrx_word' id='word_1_576' title='bbox 1753 4311 1947 4365; x_wconf 82' lang='grc' dir='ltr'><strong>οὑσιω⁹</strong></span> 
     </span>
    </p>
   </div>
   <div class='ocr_carea' id='block_1_76' title="bbox 359 4398 1945 4473">
    <p class='ocr_par' dir='ltr' id='par_1_76' title="bbox 359 4398 1945 4473">
     <span class='ocr_line' id='line_1_76' title="bbox 359 4398 1945 4473; baseline 0.006 -23"><span class='ocrx_word' id='word_1_577' title='bbox 359 4398 465 4461; x_wconf 85' lang='grc' dir='ltr'><strong>δῶς</strong></span> <span class='ocrx_word' id='word_1_578' title='bbox 512 4398 825 4468; x_wconf 87' lang='grc' dir='ltr'>προσόντων</span> <span class='ocrx_word' id='word_1_579' title='bbox 878 4403 1000 4462; x_wconf 84' lang='grc' dir='ltr'>ταῖς</span> <span class='ocrx_word' id='word_1_580' title='bbox 1050 4400 1218 4454; x_wconf 81' lang='grc' dir='ltr'>αὑτοῦ</span> <span class='ocrx_word' id='word_1_581' title='bbox 1245 4401 1442 4470; x_wconf 81' lang='grc' dir='ltr'>φύσεσι</span> <span class='ocrx_word' id='word_1_582' title='bbox 1494 4402 1818 4473; x_wconf 83' lang='grc' dir='ltr'>θελημάτων</span> <span class='ocrx_word' id='word_1_583' title='bbox 1849 4406 1945 4459; x_wconf 85' lang='grc' dir='ltr'>καὶ</span> 
     </span>
    </p>
   </div>
   <div class='ocr_carea' id='block_1_77' title="bbox 360 4492 1939 4565">
    <p class='ocr_par' dir='ltr' id='par_1_77' title="bbox 360 4492 1939 4565">
     <span class='ocr_line' id='line_1_77' title="bbox 360 4492 1939 4565; baseline 0.003 -23"><span class='ocrx_word' id='word_1_584' title='bbox 360 4492 654 4561; x_wconf 81' lang='grc' dir='ltr'>ἐνεργειῶν</span> <span class='ocrx_word' id='word_1_585' title='bbox 678 4508 693 4522; x_wconf 76' lang='grc'><strong><em>⁸</em></strong></span> <span class='ocrx_word' id='word_1_586' title='bbox 730 4493 853 4546; x_wconf 89' lang='grc' dir='ltr'>κατ’</span> <span class='ocrx_word' id='word_1_587' title='bbox 883 4492 1051 4563; x_wconf 84' lang='grc' dir='ltr'>ἄμφω</span> <span class='ocrx_word' id='word_1_588' title='bbox 1094 4494 1225 4564; x_wconf 81' lang='grc' dir='ltr'>γὰρ,</span> <span class='ocrx_word' id='word_1_589' title='bbox 1265 4493 1341 4557; x_wconf 86' lang='grc' dir='ltr'><strong>ὡς</strong></span> <span class='ocrx_word' id='word_1_590' title='bbox 1368 4493 1605 4565; x_wconf 71' lang='grc' dir='ltr'>εἴρηται,</span> <span class='ocrx_word' id='word_1_591' title='bbox 1639 4495 1740 4557; x_wconf 79' lang='grc' dir='ltr'>τὰς</span> <span class='ocrx_word' id='word_1_592' title='bbox 1772 4495 1939 4549; x_wconf 80' lang='grc' dir='ltr'>αὐτοῦ</span> 
     </span>
    </p>
   </div>
   <div class='ocr_carea' id='block_1_78' title="bbox 359 4579 1942 4655">
    <p class='ocr_par' dir='ltr' id='par_1_78' title="bbox 359 4579 1942 4655">
     <span class='ocr_line' id='line_1_78' title="bbox 359 4579 1942 4655; baseline 0 -20"><span class='ocrx_word' id='word_1_593' title='bbox 359 4581 550 4650; x_wconf 87' lang='grc' dir='ltr'>φύσεις</span> <span class='ocrx_word' id='word_1_594' title='bbox 606 4583 888 4655; x_wconf 72' lang='grc' dir='ltr'>θελητικὸς</span> <span class='ocrx_word' id='word_1_595' title='bbox 937 4579 1008 4654; x_wconf 79' lang='grc' dir='ltr'>ἦν</span> <span class='ocrx_word' id='word_1_596' title='bbox 1062 4584 1092 4636; x_wconf 90' lang='lat'><strong>6</strong></span> <span class='ocrx_word' id='word_1_597' title='bbox 1139 4584 1302 4647; x_wconf 78' lang='grc' dir='ltr'>αὐτὸς</span> <span class='ocrx_word' id='word_1_598' title='bbox 1333 4584 1428 4637; x_wconf 76' lang='grc' dir='ltr'>καὶ</span> <span class='ocrx_word' id='word_1_599' title='bbox 1457 4583 1809 4654; x_wconf 70' lang='grc' dir='ltr'>ἐνεργητικὸς</span> <span class='ocrx_word' id='word_1_600' title='bbox 1839 4584 1942 4654; x_wconf 82' lang='grc' dir='ltr'>τῆς</span> 
     </span>
    </p>
   </div>
   <div class='ocr_carea' id='block_1_79' title="bbox 358 4673 1937 4747">
    <p class='ocr_par' dir='ltr' id='par_1_79' title="bbox 358 4673 1937 4747">
     <span class='ocr_line' id='line_1_79' title="bbox 358 4673 1937 4747; baseline 0.003 -22"><span class='ocrx_word' id='word_1_601' title='bbox 358 4673 517 4743; x_wconf 76' lang='grc' dir='ltr'>ἡμῶν</span> <span class='ocrx_word' id='word_1_602' title='bbox 560 4675 834 4746; x_wconf 82' lang='grc' dir='ltr'>σωτηρίας</span> <span class='ocrx_word' id='word_1_603' title='bbox 864 4691 879 4706; x_wconf 89' lang='grc'><strong>·</strong></span> <span class='ocrx_word' id='word_1_604' title='bbox 918 4675 981 4728; x_wconf 83' lang='grc' dir='ltr'>οὺ</span> <span class='ocrx_word' id='word_1_605' title='bbox 1012 4675 1279 4747; x_wconf 86' lang='grc' dir='ltr'>διαίρεσιν</span> <span class='ocrx_word' id='word_1_606' title='bbox 1310 4674 1523 4743; x_wconf 82' lang='grc' dir='ltr'>εἰσάγει</span> <span class='ocrx_word' id='word_1_607' title='bbox 1556 4690 1568 4703; x_wconf 82' lang='lat'>&#39;</span> <span class='ocrx_word' id='word_1_608' title='bbox 1602 4675 1678 4746; x_wconf 85' lang='grc' dir='ltr'>μὴ</span> <span class='ocrx_word' id='word_1_609' title='bbox 1708 4675 1937 4743; x_wconf 81' lang='grc' dir='ltr'>γένοιτο·</span> 
     </span>
    </p>
   </div>
   <div class='ocr_carea' id='block_1_80' title="bbox 358 4764 1943 4838">
    <p class='ocr_par' dir='ltr' id='par_1_80' title="bbox 358 4764 1943 4838">
     <span class='ocr_line' id='line_1_80' title="bbox 358 4764 1943 4838; baseline 0.002 -20"><span class='ocrx_word' id='word_1_610' title='bbox 358 4764 493 4818; x_wconf 81' lang='grc' dir='ltr'><strong>ἀλλὰ</strong></span> <span class='ocrx_word' id='word_1_611' title='bbox 516 4766 616 4835; x_wconf 81' lang='grc' dir='ltr'>τὴν</span> <span class='ocrx_word' id='word_1_612' title='bbox 651 4766 831 4819; x_wconf 80' lang='grc' dir='ltr'>αὐτῶν</span> <span class='ocrx_word' id='word_1_613' title='bbox 875 4766 1028 4836; x_wconf 84' lang='grc' dir='ltr'>δηλοῖ</span> <span class='ocrx_word' id='word_1_614' title='bbox 1078 4767 1173 4822; x_wconf 75' lang='grc' dir='ltr'>καὶ</span> <span class='ocrx_word' id='word_1_615' title='bbox 1229 4766 1416 4837; x_wconf 86' lang='grc' dir='ltr'>μόνον,</span> <span class='ocrx_word' id='word_1_616' title='bbox 1470 4769 1574 4822; x_wconf 82' lang='grc' dir='ltr'><strong>κάν</strong></span> <span class='ocrx_word' id='word_1_617' title='bbox 1626 4769 1697 4838; x_wconf 80' lang='grc' dir='ltr'><strong>τῇ</strong></span> <span class='ocrx_word' id='word_1_618' title='bbox 1749 4765 1943 4821; x_wconf 81' lang='grc' dir='ltr'>ἑνώσει</span> 
     </span>
    </p>
   </div>
   <div class='ocr_carea' id='block_1_81' title="bbox 358 4857 1063 4930">
    <p class='ocr_par' dir='ltr' id='par_1_81' title="bbox 358 4857 1063 4930">
     <span class='ocr_line' id='line_1_81' title="bbox 358 4857 1063 4930; baseline 0.003 -16"><span class='ocrx_word' id='word_1_619' title='bbox 358 4857 603 4930; x_wconf 75' lang='grc' dir='ltr'>φυλακὴν</span> <span class='ocrx_word' id='word_1_620' title='bbox 631 4858 725 4913; x_wconf 75' lang='grc' dir='ltr'>καὶ</span> <span class='ocrx_word' id='word_1_621' title='bbox 765 4859 1063 4930; x_wconf 85' lang='grc' dir='ltr'>σωτηρίαν.</span> 
     </span>
    </p>
   </div>
   <div class='ocr_carea' id='block_1_82' title="bbox 2054 3394 3650 3463">
    <p class='ocr_par' dir='ltr' id='par_1_82' title="bbox 2054 3394 3650 3463">
     <span class='ocr_line' id='line_1_82' title="bbox 2054 3394 3650 3463; baseline -0.005 -8"><span class='ocrx_word' id='word_1_622' title='bbox 2054 3412 2122 3455; x_wconf 84' lang='lat' dir='ltr'><strong>eo</strong></span> <span class='ocrx_word' id='word_1_623' title='bbox 2154 3413 2217 3452; x_wconf 89' lang='lat' dir='ltr'><strong>ac</strong></span> <span class='ocrx_word' id='word_1_624' title='bbox 2246 3397 2481 3453; x_wconf 88' lang='lat' dir='ltr'><strong>decebat</strong></span> <span class='ocrx_word' id='word_1_625' title='bbox 2513 3413 2643 3452; x_wconf 89' lang='lat' dir='ltr'><strong>suas</strong></span> <span class='ocrx_word' id='word_1_626' title='bbox 2668 3404 2933 3461; x_wconf 84' lang='lat' dir='ltr'><strong>naturas,</strong></span> <span class='ocrx_word' id='word_1_627' title='bbox 2964 3394 3020 3449; x_wconf 90' lang='lat' dir='ltr'><strong>id</strong></span> <span class='ocrx_word' id='word_1_628' title='bbox 3048 3402 3156 3459; x_wconf 88' lang='lat' dir='ltr'><strong>est,</strong></span> <span class='ocrx_word' id='word_1_629' title='bbox 3191 3402 3252 3449; x_wconf 93' lang='lat' dir='ltr'><strong>ut</strong></span> <span class='ocrx_word' id='word_1_630' title='bbox 3272 3394 3477 3463; x_wconf 89' lang='lat' dir='ltr'><strong>cuique</strong></span> <span class='ocrx_word' id='word_1_631' title='bbox 3499 3408 3650 3448; x_wconf 91' lang='lat' dir='ltr'><strong>com-</strong></span> 
     </span>
    </p>
   </div>
   <div class='ocr_carea' id='block_1_83' title="bbox 2055 3487 3643 3558">
    <p class='ocr_par' dir='ltr' id='par_1_83' title="bbox 2055 3487 3643 3558">
     <span class='ocr_line' id='line_1_83' title="bbox 2055 3487 3643 3558; baseline -0.003 -13"><span class='ocrx_word' id='word_1_632' title='bbox 2055 3500 2314 3558; x_wconf 83' lang='lat' dir='ltr'><strong>paratum</strong></span> <span class='ocrx_word' id='word_1_633' title='bbox 2365 3496 2509 3554; x_wconf 88' lang='lat' dir='ltr'><strong>erat,</strong></span> <span class='ocrx_word' id='word_1_634' title='bbox 2565 3498 2682 3543; x_wconf 87' lang='lat' dir='ltr'><strong>tum</strong></span> <span class='ocrx_word' id='word_1_635' title='bbox 2712 3487 2982 3548; x_wconf 91' lang='lat' dir='ltr'><strong>voluisse,</strong></span> <span class='ocrx_word' id='word_1_636' title='bbox 3026 3496 3140 3540; x_wconf 91' lang='lat' dir='ltr'><strong>tum</strong></span> <span class='ocrx_word' id='word_1_637' title='bbox 3172 3494 3465 3554; x_wconf 89' lang='lat' dir='ltr'><strong>operatum</strong></span> <span class='ocrx_word' id='word_1_638' title='bbox 3496 3501 3643 3541; x_wconf 87' lang='lat' dir='ltr'><strong>esse.</strong></span> 
     </span>
    </p>
   </div>
   <div class='ocr_carea' id='block_1_84' title="bbox 2053 3577 3647 3651">
    <p class='ocr_par' dir='ltr' id='par_1_84' title="bbox 2053 3577 3647 3651">
     <span class='ocr_line' id='line_1_84' title="bbox 2053 3577 3647 3651; baseline -0.002 -16"><span class='ocrx_word' id='word_1_639' title='bbox 2053 3581 2262 3636; x_wconf 86' lang='lat' dir='ltr'><strong>Neutra</strong></span> <span class='ocrx_word' id='word_1_640' title='bbox 2286 3582 2495 3651; x_wconf 86' lang='lat' dir='ltr'><strong>quippe</strong></span> <span class='ocrx_word' id='word_1_641' title='bbox 2517 3595 2710 3634; x_wconf 88' lang='lat' dir='ltr'><strong>earum</strong></span> <span class='ocrx_word' id='word_1_642' title='bbox 2738 3578 3046 3651; x_wconf 79' lang='lat' dir='ltr'><strong>voluntatis</strong></span> <span class='ocrx_word' id='word_1_643' title='bbox 3094 3585 3201 3641; x_wconf 87' lang='lat' dir='ltr'><strong>est,</strong></span> <span class='ocrx_word' id='word_1_644' title='bbox 3237 3586 3334 3631; x_wconf 89' lang='lat' dir='ltr'><strong>aut</strong></span> <span class='ocrx_word' id='word_1_645' title='bbox 3368 3577 3647 3646; x_wconf 84' lang='lat' dir='ltr'><strong>Operatio-</strong></span> 
     </span>
    </p>
   </div>
   <div class='ocr_carea' id='block_1_85' title="bbox 2053 3665 3647 3739">
    <p class='ocr_par' dir='ltr' id='par_1_85' title="bbox 2053 3665 3647 3739">
     <span class='ocr_line' id='line_1_85' title="bbox 2053 3665 3647 3739; baseline -0.001 -15"><span class='ocrx_word' id='word_1_646' title='bbox 2053 3670 2142 3725; x_wconf 89' lang='lat' dir='ltr'><strong>nis</strong></span> <span class='ocrx_word' id='word_1_647' title='bbox 2159 3685 2378 3739; x_wconf 84' lang='lat' dir='ltr'><strong>expers.</strong></span> <span class='ocrx_word' id='word_1_648' title='bbox 2400 3669 2559 3736; x_wconf 85' lang='lat' dir='ltr'><strong>Quod</strong></span> <span class='ocrx_word' id='word_1_649' title='bbox 2587 3669 2633 3724; x_wconf 91' lang='lat' dir='ltr'><strong>si</strong></span> <span class='ocrx_word' id='word_1_650' title='bbox 2658 3668 2919 3725; x_wconf 83' lang='lat' dir='ltr'><strong>ChriStus</strong></span> <span class='ocrx_word' id='word_1_651' title='bbox 2948 3683 3051 3738; x_wconf 91' lang='lat' dir='ltr'><strong>pro</strong></span> <span class='ocrx_word' id='word_1_652' title='bbox 3079 3681 3147 3721; x_wconf 89' lang='lat' dir='ltr'><strong>eo</strong></span> <span class='ocrx_word' id='word_1_653' title='bbox 3177 3681 3241 3721; x_wconf 87' lang='lat' dir='ltr'><strong>ac</strong></span> <span class='ocrx_word' id='word_1_654' title='bbox 3265 3665 3647 3724; x_wconf 87' lang='lat' dir='ltr'><strong>deccbatsuas</strong></span> 
     </span>
    </p>
   </div>
   <div class='ocr_carea' id='block_1_86' title="bbox 2053 3756 3647 3834">
    <p class='ocr_par' dir='ltr' id='par_1_86' title="bbox 2053 3756 3647 3834">
     <span class='ocr_line' id='line_1_86' title="bbox 2053 3756 3647 3834; baseline -0.001 -19"><span class='ocrx_word' id='word_1_655' title='bbox 2053 3770 2287 3816; x_wconf 87' lang='lat' dir='ltr'><strong>naturas</strong></span> <span class='ocrx_word' id='word_1_656' title='bbox 2341 3760 2426 3834; x_wconf 92' lang='lat' dir='ltr'><strong>(ut</strong></span> <span class='ocrx_word' id='word_1_657' title='bbox 2470 3761 2686 3816; x_wconf 86' lang='lat' dir='ltr'><strong>scilicet</strong></span> <span class='ocrx_word' id='word_1_658' title='bbox 2722 3760 2926 3831; x_wconf 86' lang='lat' dir='ltr'><strong>cuique</strong></span> <span class='ocrx_word' id='word_1_659' title='bbox 2971 3764 3356 3827; x_wconf 87' lang='lat' dir='ltr'><strong>comparatum</strong></span> <span class='ocrx_word' id='word_1_660' title='bbox 3385 3756 3553 3827; x_wconf 86' lang='lat' dir='ltr'><strong>erat),</strong></span> <span class='ocrx_word' id='word_1_661' title='bbox 3590 3767 3647 3813; x_wconf 88' lang='lat' dir='ltr'><strong>et</strong></span> 
     </span>
    </p>
   </div>
   <div class='ocr_carea' id='block_1_87' title="bbox 2051 3849 3647 3922">
    <p class='ocr_par' dir='ltr' id='par_1_87' title="bbox 2051 3849 3647 3922">
     <span class='ocr_line' id='line_1_87' title="bbox 2051 3849 3647 3922; baseline -0.003 -16"><span class='ocrx_word' id='word_1_662' title='bbox 2051 3852 2279 3906; x_wconf 85' lang='lat' dir='ltr'><strong>volebat</strong></span> <span class='ocrx_word' id='word_1_663' title='bbox 2306 3860 2364 3907; x_wconf 92' lang='lat' dir='ltr'><strong>et</strong></span> <span class='ocrx_word' id='word_1_664' title='bbox 2391 3852 2765 3921; x_wconf 87' lang='lat' dir='ltr'><strong>operabatur;</strong></span> <span class='ocrx_word' id='word_1_665' title='bbox 2816 3860 2938 3905; x_wconf 91' lang='lat' dir='ltr'><strong>erat</strong></span> <span class='ocrx_word' id='word_1_666' title='bbox 2965 3864 3104 3905; x_wconf 86' lang='lat' dir='ltr'><strong>vero</strong></span> <span class='ocrx_word' id='word_1_667' title='bbox 3158 3852 3282 3922; x_wconf 87' lang='lat' dir='ltr'><strong>ejus</strong></span> <span class='ocrx_word' id='word_1_668' title='bbox 3315 3849 3520 3919; x_wconf 79' lang='lat' dir='ltr'><strong>duplex</strong></span> <span class='ocrx_word' id='word_1_669' title='bbox 3548 3863 3647 3902; x_wconf 86' lang='lat' dir='ltr'><strong>na-</strong></span> 
     </span>
    </p>
   </div>
   <div class='ocr_carea' id='block_1_88' title="bbox 2053 3939 3645 4012">
    <p class='ocr_par' dir='ltr' id='par_1_88' title="bbox 2053 3939 3645 4012">
     <span class='ocr_line' id='line_1_88' title="bbox 2053 3939 3645 4012; baseline -0.003 -15"><span class='ocrx_word' id='word_1_670' title='bbox 2053 3943 2471 4009; x_wconf 89' lang='lat' dir='ltr'><strong>tura;omnino</strong></span> <span class='ocrx_word' id='word_1_671' title='bbox 2516 3943 2685 3998; x_wconf 87' lang='lat' dir='ltr'><strong>etiam</strong></span> <span class='ocrx_word' id='word_1_672' title='bbox 2729 3942 2936 4012; x_wconf 86' lang='lat' dir='ltr'><strong>duplex</strong></span> <span class='ocrx_word' id='word_1_673' title='bbox 2989 3950 3109 3996; x_wconf 87' lang='lat' dir='ltr'><strong>erat</strong></span> <span class='ocrx_word' id='word_1_674' title='bbox 3166 3943 3342 4011; x_wconf 86' lang='lat' dir='ltr'><strong>ipsius</strong></span> <span class='ocrx_word' id='word_1_675' title='bbox 3371 3939 3645 3995; x_wconf 86' lang='lat' dir='ltr'><strong>naturalis</strong></span> 
     </span>
    </p>
   </div>
   <div class='ocr_carea' id='block_1_89' title="bbox 2052 4034 3645 4105">
    <p class='ocr_par' dir='ltr' id='par_1_89' title="bbox 2052 4034 3645 4105">
     <span class='ocr_line' id='line_1_89' title="bbox 2052 4034 3645 4105; baseline -0.002 -17"><span class='ocrx_word' id='word_1_676' title='bbox 2052 4036 2332 4101; x_wconf 86' lang='lat' dir='ltr'><strong>voluntas,</strong></span> <span class='ocrx_word' id='word_1_677' title='bbox 2368 4036 2600 4105; x_wconf 89' lang='lat' dir='ltr'><strong>parique</strong></span> <span class='ocrx_word' id='word_1_678' title='bbox 2638 4035 2727 4090; x_wconf 90' lang='lat' dir='ltr'><strong>his</strong></span> <span class='ocrx_word' id='word_1_679' title='bbox 2777 4050 3014 4089; x_wconf 89' lang='lat' dir='ltr'><strong>numero</strong></span> <span class='ocrx_word' id='word_1_680' title='bbox 3056 4034 3391 4090; x_wconf 86' lang='lat' dir='ltr'><strong>essentialcs</strong></span> <span class='ocrx_word' id='word_1_681' title='bbox 3420 4047 3645 4103; x_wconf 89' lang='lat' dir='ltr'><strong>quoque</strong></span> 
     </span>
    </p>
   </div>
   <div class='ocr_carea' id='block_1_90' title="bbox 2052 4123 3645 4196">
    <p class='ocr_par' dir='ltr' id='par_1_90' title="bbox 2052 4123 3645 4196">
     <span class='ocr_line' id='line_1_90' title="bbox 2052 4123 3645 4196; baseline -0.002 -16"><span class='ocrx_word' id='word_1_682' title='bbox 2052 4126 2434 4195; x_wconf 87' lang='lat' dir='ltr'><strong>operationes.</strong></span> <span class='ocrx_word' id='word_1_683' title='bbox 2466 4126 2949 4193; x_wconf 88' lang='lat' dir='ltr'><strong>Quemadmodum</strong></span> <span class='ocrx_word' id='word_1_684' title='bbox 2991 4126 3143 4182; x_wconf 89' lang='lat' dir='ltr'><strong>enim</strong></span> <span class='ocrx_word' id='word_1_685' title='bbox 3173 4125 3342 4181; x_wconf 89' lang='lat' dir='ltr'><strong>unius</strong></span> <span class='ocrx_word' id='word_1_686' title='bbox 3364 4123 3645 4196; x_wconf 86' lang='lat' dir='ltr'><strong>ejusdem-</strong></span> 
     </span>
    </p>
   </div>
   <div class='ocr_carea' id='block_1_91' title="bbox 2052 4217 3642 4288">
    <p class='ocr_par' dir='ltr' id='par_1_91' title="bbox 2052 4217 3642 4288">
     <span class='ocr_line' id='line_1_91' title="bbox 2052 4217 3642 4288; baseline -0.003 -15"><span class='ocrx_word' id='word_1_687' title='bbox 2052 4234 2161 4288; x_wconf 90' lang='lat' dir='ltr'><strong>que</strong></span> <span class='ocrx_word' id='word_1_688' title='bbox 2187 4218 2399 4273; x_wconf 88' lang='lat' dir='ltr'><strong>Christi</strong></span> <span class='ocrx_word' id='word_1_689' title='bbox 2431 4228 2759 4274; x_wconf 85' lang='lat' dir='ltr'><strong>naturarum</strong></span> <span class='ocrx_word' id='word_1_690' title='bbox 2795 4233 3086 4284; x_wconf 85' lang='lat' dir='ltr'><strong>numerus,</strong></span> <span class='ocrx_word' id='word_1_691' title='bbox 3125 4219 3173 4273; x_wconf 87' lang='lat' dir='ltr'><strong>si</strong></span> <span class='ocrx_word' id='word_1_692' title='bbox 3210 4218 3378 4271; x_wconf 91' lang='lat' dir='ltr'><strong>modo</strong></span> <span class='ocrx_word' id='word_1_693' title='bbox 3401 4217 3489 4285; x_wconf 90' lang='lat' dir='ltr'><strong>pie</strong></span> <span class='ocrx_word' id='word_1_694' title='bbox 3527 4223 3642 4269; x_wconf 88' lang='lat' dir='ltr'><strong>tum</strong></span> 
     </span>
    </p>
   </div>
   <div class='ocr_carea' id='block_1_92' title="bbox 2053 4308 3641 4382">
    <p class='ocr_par' dir='ltr' id='par_1_92' title="bbox 2053 4308 3641 4382">
     <span class='ocr_line' id='line_1_92' title="bbox 2053 4308 3641 4382; baseline -0.001 -17"><span class='ocrx_word' id='word_1_695' title='bbox 2053 4311 2401 4382; x_wconf 77' lang='lat' dir='ltr'><strong>intelligatur</strong></span> <span class='ocrx_word' id='word_1_696' title='bbox 2428 4352 2442 4377; x_wconf 91' lang='lat'><strong>,</strong></span> <span class='ocrx_word' id='word_1_697' title='bbox 2508 4321 2623 4367; x_wconf 90' lang='lat' dir='ltr'><strong>tum</strong></span> <span class='ocrx_word' id='word_1_698' title='bbox 2656 4312 2895 4373; x_wconf 88' lang='lat' dir='ltr'><strong>dicatur,</strong></span> <span class='ocrx_word' id='word_1_699' title='bbox 2939 4310 3225 4366; x_wconf 85' lang='lat' dir='ltr'><strong>Christum</strong></span> <span class='ocrx_word' id='word_1_700' title='bbox 3276 4325 3391 4365; x_wconf 86' lang='lat' dir='ltr'><strong>non</strong></span> <span class='ocrx_word' id='word_1_701' title='bbox 3422 4308 3641 4375; x_wconf 89' lang='lat' dir='ltr'><strong>dividit,</strong></span> 
     </span>
    </p>
   </div>
   <div class='ocr_carea' id='block_1_93' title="bbox 2050 4398 3643 4468">
    <p class='ocr_par' dir='ltr' id='par_1_93' title="bbox 2050 4398 3643 4468">
     <span class='ocr_line' id='line_1_93' title="bbox 2050 4398 3643 4468; baseline -0.004 -9"><span class='ocrx_word' id='word_1_702' title='bbox 2050 4404 2148 4459; x_wconf 88' lang='lat' dir='ltr'><strong>sed</strong></span> <span class='ocrx_word' id='word_1_703' title='bbox 2202 4404 2561 4468; x_wconf 81' lang='lat' dir='ltr'><strong>incolumem,</strong></span> <span class='ocrx_word' id='word_1_704' title='bbox 2608 4403 2777 4457; x_wconf 89' lang='lat' dir='ltr'><strong>etiam</strong></span> <span class='ocrx_word' id='word_1_705' title='bbox 2828 4403 2884 4456; x_wconf 92' lang='lat' dir='ltr'><strong>in</strong></span> <span class='ocrx_word' id='word_1_706' title='bbox 2937 4402 3147 4456; x_wconf 86' lang='lat' dir='ltr'><strong>union&#39;e</strong></span> <span class='ocrx_word' id='word_1_707' title='bbox 3199 4408 3526 4455; x_wconf 87' lang='lat' dir='ltr'><strong>naturarum</strong></span> <span class='ocrx_word' id='word_1_708' title='bbox 3552 4398 3643 4452; x_wconf 90' lang='lat' dir='ltr'><strong>di-</strong></span> 
     </span>
    </p>
   </div>
   <div class='ocr_carea' id='block_1_94' title="bbox 2050 4492 3642 4549">
    <p class='ocr_par' dir='ltr' id='par_1_94' title="bbox 2050 4492 3642 4549">
     <span class='ocr_line' id='line_1_94' title="bbox 2050 4492 3642 4549; baseline -0.003 -1"><span class='ocrx_word' id='word_1_709' title='bbox 2050 4494 2410 4549; x_wconf 87' lang='lat' dir='ltr'><strong>stinctionem</strong></span> <span class='ocrx_word' id='word_1_710' title='bbox 2634 4492 2880 4547; x_wconf 89' lang='lat' dir='ltr'><strong>ostendit</strong></span> <span class='ocrx_word' id='word_1_711' title='bbox 2925 4510 2939 4544; x_wconf 91' lang='lat'><strong>:</strong></span> <span class='ocrx_word' id='word_1_712' title='bbox 2973 4493 3056 4547; x_wconf 89' lang='lat' dir='ltr'><strong>sic</strong></span> <span class='ocrx_word' id='word_1_713' title='bbox 3096 4498 3153 4546; x_wconf 87' lang='lat' dir='ltr'><strong>et</strong></span> <span class='ocrx_word' id='word_1_714' title='bbox 3182 4507 3453 4545; x_wconf 86' lang='lat' dir='ltr'><strong>numerus</strong></span> <span class='ocrx_word' id='word_1_715' title='bbox 3488 4504 3642 4545; x_wconf 88' lang='lat' dir='ltr'><strong>com-</strong></span> 
     </span>
    </p>
   </div>
   <div class='ocr_carea' id='block_1_95' title="bbox 2048 4581 3636 4653">
    <p class='ocr_par' dir='ltr' id='par_1_95' title="bbox 2048 4581 3636 4653">
     <span class='ocr_line' id='line_1_95' title="bbox 2048 4581 3636 4653; baseline -0.002 -16"><span class='ocrx_word' id='word_1_716' title='bbox 2048 4582 2355 4653; x_wconf 86' lang='lat' dir='ltr'><strong>petentium</strong></span> <span class='ocrx_word' id='word_1_717' title='bbox 2426 4581 2803 4636; x_wconf 82' lang='lat' dir='ltr'><strong>essentialiter</strong></span> <span class='ocrx_word' id='word_1_718' title='bbox 2851 4582 2973 4651; x_wconf 88' lang='lat' dir='ltr'><strong>ejus</strong></span> <span class='ocrx_word' id='word_1_719' title='bbox 3031 4581 3249 4635; x_wconf 88' lang='lat' dir='ltr'><strong>naturis</strong></span> <span class='ocrx_word' id='word_1_720' title='bbox 3290 4581 3636 4635; x_wconf 87' lang='lat' dir='ltr'><strong>voluntatum</strong></span> 
     </span>
    </p>
   </div>
   <div class='ocr_carea' id='block_1_96' title="bbox 2047 4672 3637 4746">
    <p class='ocr_par' dir='ltr' id='par_1_96' title="bbox 2047 4672 3637 4746">
     <span class='ocr_line' id='line_1_96' title="bbox 2047 4672 3637 4746; baseline -0.001 -16"><span class='ocrx_word' id='word_1_721' title='bbox 2047 4684 2215 4745; x_wconf 88' lang='lat' dir='ltr'><strong>atque</strong></span> <span class='ocrx_word' id='word_1_722' title='bbox 2261 4675 2650 4745; x_wconf 86' lang='lat' dir='ltr'><strong>operationum</strong></span> <span class='ocrx_word' id='word_1_723' title='bbox 2710 4674 3045 4746; x_wconf 88' lang='lat' dir='ltr'><strong>(secundum</strong></span> <span class='ocrx_word' id='word_1_724' title='bbox 3097 4672 3291 4728; x_wconf 87' lang='lat' dir='ltr'><strong>ambas</strong></span> <span class='ocrx_word' id='word_1_725' title='bbox 3322 4672 3495 4739; x_wconf 88' lang='lat' dir='ltr'><strong>enim,</strong></span> <span class='ocrx_word' id='word_1_726' title='bbox 3556 4675 3637 4729; x_wconf 91' lang='lat' dir='ltr'><strong>uti</strong></span> 
     </span>
    </p>
   </div>
   <div class='ocr_carea' id='block_1_97' title="bbox 2048 4763 3636 4839">
    <p class='ocr_par' dir='ltr' id='par_1_97' title="bbox 2048 4763 3636 4839">
     <span class='ocr_line' id='line_1_97' title="bbox 2048 4763 3636 4839; baseline -0.003 -17"><span class='ocrx_word' id='word_1_727' title='bbox 2048 4768 2259 4822; x_wconf 87' lang='lat' dir='ltr'><strong>dictum</strong></span> <span class='ocrx_word' id='word_1_728' title='bbox 2285 4774 2390 4829; x_wconf 86' lang='lat' dir='ltr'><strong>est,</strong></span> <span class='ocrx_word' id='word_1_729' title='bbox 2427 4781 2557 4821; x_wconf 91' lang='lat' dir='ltr'><strong>suas</strong></span> <span class='ocrx_word' id='word_1_730' title='bbox 2580 4775 2831 4833; x_wconf 83' lang='lat' dir='ltr'><strong>naturas,</strong></span> <span class='ocrx_word' id='word_1_731' title='bbox 2860 4765 3003 4823; x_wconf 90' lang='lat' dir='ltr'><strong>idem</strong></span> <span class='ocrx_word' id='word_1_732' title='bbox 3044 4766 3164 4839; x_wconf 84' lang='lat' dir='ltr'><strong>ipse</strong></span> <span class='ocrx_word' id='word_1_733' title='bbox 3200 4763 3423 4823; x_wconf 79' lang='lat' dir='ltr'><strong>volcndi</strong></span> <span class='ocrx_word' id='word_1_734' title='bbox 3456 4763 3636 4822; x_wconf 83' lang='lat' dir='ltr'><strong>iacui-</strong></span> 
     </span>
    </p>
   </div>
   <div class='ocr_carea' id='block_1_98' title="bbox 2053 4859 3633 4932">
    <p class='ocr_par' dir='ltr' id='par_1_98' title="bbox 2053 4859 3633 4932">
     <span class='ocr_line' id='line_1_98' title="bbox 2053 4859 3633 4932; baseline -0.001 -18"><span class='ocrx_word' id='word_1_735' title='bbox 2053 4869 2166 4915; x_wconf 89' lang='lat' dir='ltr'><strong>tate</strong></span> <span class='ocrx_word' id='word_1_736' title='bbox 2194 4859 2460 4929; x_wconf 66' lang='lat' dir='ltr'><strong>praeditus</strong></span> <span class='ocrx_word' id='word_1_737' title='bbox 2492 4869 2633 4925; x_wconf 88' lang='lat' dir='ltr'><strong>erat,</strong></span> <span class='ocrx_word' id='word_1_738' title='bbox 2682 4876 2748 4915; x_wconf 84' lang='lat' dir='ltr'><strong>ac</strong></span> <span class='ocrx_word' id='word_1_739' title='bbox 2775 4862 3045 4932; x_wconf 86' lang='lat' dir='ltr'><strong>operandi</strong></span> <span class='ocrx_word' id='word_1_740' title='bbox 3094 4868 3342 4916; x_wconf 88' lang='lat' dir='ltr'><strong>nostram</strong></span> <span class='ocrx_word' id='word_1_741' title='bbox 3374 4861 3633 4932; x_wconf 83' lang='lat' dir='ltr'><strong>salutem)</strong></span> 
     </span>
    </p>
   </div>
   <div class='ocr_carea' id='block_1_99' title="bbox 359 4951 3636 5027">
    <p class='ocr_par' dir='ltr' id='par_1_99' title="bbox 359 4951 3636 5027">
     <span class='ocr_line' id='line_1_99' title="bbox 359 4951 3636 5027; baseline 0.002 -22"><span class='ocrx_word' id='word_1_742' title='bbox 359 4951 687 5009; x_wconf 89' lang='lat' dir='ltr'><strong>divisionem</strong></span> <span class='ocrx_word' id='word_1_743' title='bbox 710 4969 823 5007; x_wconf 88' lang='lat' dir='ltr'><strong>non</strong></span> <span class='ocrx_word' id='word_1_744' title='bbox 850 4953 1087 5008; x_wconf 85' lang='lat' dir='ltr'><strong>inducit.</strong></span> <span class='ocrx_word' id='word_1_745' title='bbox 1109 4953 1266 5009; x_wconf 87' lang='lat' dir='ltr'><strong>Absit</strong></span> <span class='ocrx_word' id='word_1_746' title='bbox 1291 4955 1429 5011; x_wconf 83' lang='lat' dir='ltr'><strong>hoc!</strong></span> <span class='ocrx_word' id='word_1_747' title='bbox 1456 4955 1553 5010; x_wconf 88' lang='lat' dir='ltr'><strong>sed</strong></span> <span class='ocrx_word' id='word_1_748' title='bbox 1584 4955 1734 5027; x_wconf 89' lang='lat' dir='ltr'><strong>ipsas</strong></span> <span class='ocrx_word' id='word_1_749' title='bbox 1766 4954 1935 5012; x_wconf 89' lang='lat' dir='ltr'><strong>etiam</strong></span> <span class='ocrx_word' id='word_1_750' title='bbox 1975 4954 2031 5009; x_wconf 93' lang='lat' dir='ltr'><strong>in</strong></span> <span class='ocrx_word' id='word_1_751' title='bbox 2069 4953 2299 5017; x_wconf 84' lang='lat' dir='ltr'><strong>unione,</strong></span> <span class='ocrx_word' id='word_1_752' title='bbox 2334 4951 2500 5021; x_wconf 89' lang='lat' dir='ltr'><strong>idque</strong></span> <span class='ocrx_word' id='word_1_753' title='bbox 2562 4952 2765 5019; x_wconf 90' lang='lat' dir='ltr'><strong>solum,</strong></span> <span class='ocrx_word' id='word_1_754' title='bbox 2812 4954 3025 5008; x_wconf 86' lang='lat' dir='ltr'><strong>servari</strong></span> <span class='ocrx_word' id='word_1_755' title='bbox 3093 4952 3345 5009; x_wconf 87' lang='lat' dir='ltr'><strong>ostendit</strong></span> <span class='ocrx_word' id='word_1_756' title='bbox 3390 4960 3449 5010; x_wconf 89' lang='lat' dir='ltr'><strong>et</strong></span> <span class='ocrx_word' id='word_1_757' title='bbox 3483 4954 3636 5011; x_wconf 89' lang='lat' dir='ltr'><strong>inco-</strong></span> 
     </span>
    </p>
   </div>
   <div class='ocr_carea' id='block_1_100' title="bbox 359 5046 713 5103">
    <p class='ocr_par' dir='ltr' id='par_1_100' title="bbox 359 5046 713 5103">
     <span class='ocr_line' id='line_1_100' title="bbox 359 5046 713 5103; baseline 0.006 -2"><span class='ocrx_word' id='word_1_758' title='bbox 359 5046 535 5101; x_wconf 84' lang='lat' dir='ltr'><strong>lumes</strong></span> <span class='ocrx_word' id='word_1_759' title='bbox 566 5062 713 5103; x_wconf 88' lang='lat' dir='ltr'><strong>esse.</strong></span> 
     </span>
    </p>
   </div>
   <div class='ocr_carea' id='block_1_101' title="bbox 373 5136 1939 5225">
    <p class='ocr_par' dir='ltr' id='par_1_101' title="bbox 373 5136 1939 5225">
     <span class='ocr_line' id='line_1_101' title="bbox 373 5136 1939 5225; baseline 0.006 -26"><span class='ocrx_word' id='word_1_760' title='bbox 373 5145 619 5225; x_wconf 43' lang='grc' dir='ltr'><strong>ἘΞ-τῇς</strong></span> <span class='ocrx_word' id='word_1_761' title='bbox 647 5147 839 5225; x_wconf 71' lang='grc' dir='ltr'>αὐτῆς</span> <span class='ocrx_word' id='word_1_762' title='bbox 872 5149 1219 5225; x_wconf 69' lang='grc' dir='ltr'>διαλέξεῳς,</span> <span class='ocrx_word' id='word_1_763' title='bbox 1254 5152 1341 5225; x_wconf 63' lang='grc' dir='ltr'><strong>ὅτι</strong></span> <span class='ocrx_word' id='word_1_764' title='bbox 1369 5153 1502 5221; x_wconf 84' lang='grc' dir='ltr'><strong>οὐχ.</strong></span> <span class='ocrx_word' id='word_1_765' title='bbox 1542 5153 1624 5218; x_wconf 87' lang='grc' dir='ltr'>ὠς</span> <span class='ocrx_word' id='word_1_766' title='bbox 1659 5136 1872 5225; x_wconf 57' lang='grc' dir='ltr'>ἐλεγειέ</span> <span class='ocrx_word' id='word_1_767' title='bbox 1905 5158 1939 5209; x_wconf 84' lang='grc' dir='ltr'><em>ό</em></span> 
     </span>
    </p>
   </div>
   <div class='ocr_carea' id='block_1_102' title="bbox 430 5219 1943 5303">
    <p class='ocr_par' dir='ltr' id='par_1_102' title="bbox 430 5219 1943 5303">
     <span class='ocr_line' id='line_1_102' title="bbox 430 5219 1943 5303; baseline 0.019 -35"><span class='ocrx_word' id='word_1_768' title='bbox 430 5219 679 5303; x_wconf 49' lang='lat' dir='ltr'><strong>nmiae,</strong></span> <span class='ocrx_word' id='word_1_769' title='bbox 716 5221 964 5294; x_wconf 76' lang='grc' dir='ltr'>νεύματι</span> <span class='ocrx_word' id='word_1_770' title='bbox 988 5221 1097 5279; x_wconf 81' lang='grc' dir='ltr'>τοῦ</span> <span class='ocrx_word' id='word_1_771' title='bbox 1123 5219 1676 5297; x_wconf 56' lang='grc' dir='ltr'>ἐνωθέντῡςᾌόγου</span> <span class='ocrx_word' id='word_1_772' title='bbox 1708 5227 1741 5297; x_wconf 74' lang='grc' dir='ltr'>ἠ</span> <span class='ocrx_word' id='word_1_773' title='bbox 1772 5219 1943 5299; x_wconf 66' lang='grc' dir='ltr'>σὰρξ</span> 
     </span>
    </p>
   </div>
   <div class='ocr_carea' id='block_1_103' title="bbox 433 5290 705 5347">
    <p class='ocr_par' dir='ltr' id='par_1_103' title="bbox 433 5290 705 5347">
     <span class='ocr_line' id='line_1_103' title="bbox 433 5290 705 5347; baseline 0.015 -5"><span class='ocrx_word' id='word_1_774' title='bbox 433 5290 705 5347; x_wconf 77' lang='grc' dir='ltr'>ἐκινεῖτο.</span> 
     </span>
    </p>
   </div>
   <div class='ocr_carea' id='block_1_104' title="bbox 431 5381 1933 5461">
    <p class='ocr_par' dir='ltr' id='par_1_104' title="bbox 431 5381 1933 5461">
     <span class='ocr_line' id='line_1_104' title="bbox 431 5381 1933 5461; baseline 0.008 -30"><span class='ocrx_word' id='word_1_775' title='bbox 431 5381 670 5447; x_wconf 86' lang='grc' dir='ltr'>Διαιρεῖς</span> <span class='ocrx_word' id='word_1_776' title='bbox 711 5381 802 5434; x_wconf 77' lang='grc' dir='ltr'>τὸν</span> <span class='ocrx_word' id='word_1_777' title='bbox 832 5382 1091 5451; x_wconf 81' lang='grc' dir='ltr'>Χριστὸν,</span> <span class='ocrx_word' id='word_1_778' title='bbox 1128 5382 1270 5435; x_wconf 73' lang='grc' dir='ltr'>οὕτω</span> <span class='ocrx_word' id='word_1_779' title='bbox 1304 5384 1500 5453; x_wconf 74' lang='grc' dir='ltr'>λέγων.</span> <span class='ocrx_word' id='word_1_780' title='bbox 1536 5385 1789 5455; x_wconf 82' lang='grc' dir='ltr'>Νεύματι</span> <span class='ocrx_word' id='word_1_781' title='bbox 1824 5390 1933 5461; x_wconf 72' lang='grc' dir='ltr'>γὰρ</span> 
     </span>
    </p>
   </div>
   <div class='ocr_carea' id='block_1_105' title="bbox 363 5468 1935 5551">
    <p class='ocr_par' dir='ltr' id='par_1_105' title="bbox 363 5468 1935 5551">
     <span class='ocr_line' id='line_1_105' title="bbox 363 5468 1935 5551; baseline 0.009 -32"><span class='ocrx_word' id='word_1_782' title='bbox 363 5468 527 5520; x_wconf 81' lang='grc' dir='ltr'>αὑτοῦ</span> <span class='ocrx_word' id='word_1_783' title='bbox 558 5471 789 5524; x_wconf 73' lang='grc' dir='ltr'>ἐκινεῖτο</span> <span class='ocrx_word' id='word_1_784' title='bbox 815 5473 907 5524; x_wconf 75' lang='grc' dir='ltr'>καὶ</span> <span class='ocrx_word' id='word_1_785' title='bbox 936 5474 1197 5542; x_wconf 82' lang='grc' dir='ltr'>Μωῡσῆς,</span> <span class='ocrx_word' id='word_1_786' title='bbox 1231 5476 1326 5526; x_wconf 75' lang='grc' dir='ltr'>καὶ</span> <span class='ocrx_word' id='word_1_787' title='bbox 1357 5477 1539 5539; x_wconf 78' lang='grc' dir='ltr'>Δαϐἰδ,</span> <span class='ocrx_word' id='word_1_788' title='bbox 1570 5477 1664 5530; x_wconf 81' lang='grc' dir='ltr'>καὶ</span> <span class='ocrx_word' id='word_1_789' title='bbox 1692 5478 1809 5532; x_wconf 84' lang='grc' dir='ltr'>ὅσοι</span> <span class='ocrx_word' id='word_1_790' title='bbox 1836 5483 1935 5551; x_wconf 82' lang='grc' dir='ltr'><strong>τῆς</strong></span> 
     </span>
    </p>
   </div>
   <div class='ocr_carea' id='block_1_106' title="bbox 364 5560 1936 5640">
    <p class='ocr_par' dir='ltr' id='par_1_106' title="bbox 364 5560 1936 5640">
     <span class='ocr_line' id='line_1_106' title="bbox 364 5560 1936 5640; baseline 0.009 -29"><span class='ocrx_word' id='word_1_791' title='bbox 364 5560 516 5622; x_wconf 75' lang='grc' dir='ltr'>θείας</span> <span class='ocrx_word' id='word_1_792' title='bbox 556 5560 843 5629; x_wconf 77' lang='grc' dir='ltr'>ἐνεργείας</span> <span class='ocrx_word' id='word_1_793' title='bbox 871 5563 1196 5633; x_wconf 72' lang='grc' dir='ltr'>χωρητικοὶ,</span> <span class='ocrx_word' id='word_1_794' title='bbox 1222 5568 1287 5635; x_wconf 79' lang='grc' dir='ltr'>τῇ</span> <span class='ocrx_word' id='word_1_795' title='bbox 1320 5566 1580 5619; x_wconf 80' lang='grc' dir='ltr'>ἀποθέσει</span> <span class='ocrx_word' id='word_1_796' title='bbox 1601 5570 1710 5621; x_wconf 86' lang='grc' dir='ltr'><strong>τῶν</strong></span> <span class='ocrx_word' id='word_1_797' title='bbox 1728 5560 1936 5640; x_wconf 82' lang='grc' dir='ltr'>ἀνθρω-</span> 
     </span>
    </p>
   </div>
   <div class='ocr_carea' id='block_1_107' title="bbox 362 5649 1933 5727">
    <p class='ocr_par' dir='ltr' id='par_1_107' title="bbox 362 5649 1933 5727">
     <span class='ocr_line' id='line_1_107' title="bbox 362 5649 1933 5727; baseline 0.012 -29"><span class='ocrx_word' id='word_1_798' title='bbox 362 5649 534 5701; x_wconf 80' lang='grc' dir='ltr'>πίνων</span> <span class='ocrx_word' id='word_1_799' title='bbox 598 5650 644 5683; x_wconf 79' lang='grc'><strong><em>⁵⁸</em></strong></span> <span class='ocrx_word' id='word_1_800' title='bbox 711 5654 807 5703; x_wconf 58' lang='grc' dir='ltr'><strong>καὶ⁶</strong></span> <span class='ocrx_word' id='word_1_801' title='bbox 887 5654 1165 5723; x_wconf 86' lang='grc' dir='ltr'>σαρκικῶν</span> <span class='ocrx_word' id='word_1_802' title='bbox 1242 5654 1552 5722; x_wconf 68' lang='grc' dir='ltr'>ἰδιωμάτων</span> <span class='ocrx_word' id='word_1_803' title='bbox 1623 5661 1933 5727; x_wconf 80' lang='grc' dir='ltr'>γεγόνασιν.</span> 
     </span>
    </p>
   </div>
   <div class='ocr_carea' id='block_1_108' title="bbox 370 5736 1935 5818">
    <p class='ocr_par' dir='ltr' id='par_1_108' title="bbox 370 5736 1935 5818">
     <span class='ocr_line' id='line_1_108' title="bbox 370 5736 1935 5818; baseline 0.01 -25"><span class='ocrx_word' id='word_1_804' title='bbox 370 5741 565 5809; x_wconf 79' lang='grc' dir='ltr'>Ἡμεῖς</span> <span class='ocrx_word' id='word_1_805' title='bbox 604 5743 661 5795; x_wconf 76' lang='grc' dir='ltr'>δὲ</span> <span class='ocrx_word' id='word_1_806' title='bbox 704 5736 815 5808; x_wconf 75' lang='grc' dir='ltr'>τοῖς</span> <span class='ocrx_word' id='word_1_807' title='bbox 843 5746 1018 5813; x_wconf 84' lang='grc' dir='ltr'>ἁγίοις</span> <span class='ocrx_word' id='word_1_808' title='bbox 1043 5748 1343 5817; x_wconf 80' lang='grc' dir='ltr'>Πατράσιν,</span> <span class='ocrx_word' id='word_1_809' title='bbox 1384 5750 1459 5814; x_wconf 85' lang='grc' dir='ltr'><strong>ὡς</strong></span> <span class='ocrx_word' id='word_1_810' title='bbox 1497 5754 1555 5804; x_wconf 84' lang='grc' dir='ltr'>ὲν</span> <span class='ocrx_word' id='word_1_811' title='bbox 1600 5755 1794 5818; x_wconf 83' lang='grc' dir='ltr'>ἆπασι,</span> <span class='ocrx_word' id='word_1_812' title='bbox 1836 5758 1935 5810; x_wconf 74' lang='grc' dir='ltr'><strong>κάν</strong></span> 
     </span>
    </p>
   </div>
   <div class='ocr_carea' id='block_1_109' title="bbox 361 5833 1936 5911">
    <p class='ocr_par' dir='ltr' id='par_1_109' title="bbox 361 5833 1936 5911">
     <span class='ocr_line' id='line_1_109' title="bbox 361 5833 1936 5911; baseline 0.013 -27"><span class='ocrx_word' id='word_1_813' title='bbox 361 5833 536 5904; x_wconf 70' lang='grc' dir='ltr'>τούτῳ</span> <span class='ocrx_word' id='word_1_814' title='bbox 563 5834 845 5905; x_wconf 72' lang='grc' dir='ltr'>ἑπόμενοι,</span> <span class='ocrx_word' id='word_1_815' title='bbox 882 5838 1085 5909; x_wconf 83' lang='grc' dir='ltr'>φαμὲν,</span> <span class='ocrx_word' id='word_1_816' title='bbox 1128 5841 1320 5911; x_wconf 80' lang='grc' dir='ltr'>ὅτιπερ</span> <span class='ocrx_word' id='word_1_817' title='bbox 1370 5843 1531 5909; x_wconf 75' lang='grc' dir='ltr'>αὐτὸς</span> <span class='ocrx_word' id='word_1_818' title='bbox 1568 5846 1594 5897; x_wconf 81' lang='lat'><strong>6</strong></span> <span class='ocrx_word' id='word_1_819' title='bbox 1642 5847 1751 5900; x_wconf 89' lang='grc' dir='ltr'><strong>τῶν</strong></span> <span class='ocrx_word' id='word_1_820' title='bbox 1800 5850 1936 5904; x_wconf 78' lang='grc' dir='ltr'>ὅλων</span> 
     </span>
    </p>
   </div>
   <div class='ocr_carea' id='block_1_110' title="bbox 2006 5156 3628 5246">
    <p class='ocr_par' dir='ltr' id='par_1_110' title="bbox 2006 5156 3628 5246">
     <span class='ocr_line' id='line_1_110' title="bbox 2006 5156 3628 5246; baseline 0.012 -35"><span class='ocrx_word' id='word_1_821' title='bbox 2006 5170 2011 5174; x_wconf 92' lang='grc'>·</span> <span class='ocrx_word' id='word_1_822' title='bbox 2048 5156 2133 5216; x_wconf 68' lang='lat' dir='ltr'><em>Ex</em></span> <span class='ocrx_word' id='word_1_823' title='bbox 2157 5176 2335 5221; x_wconf 78' lang='lat' dir='ltr'><strong>caaem</strong></span> <span class='ocrx_word' id='word_1_824' title='bbox 2364 5162 2741 5246; x_wconf 63' lang='lat' dir='ltr'><strong>disputatione.</strong></span> <span class='ocrx_word' id='word_1_825' title='bbox 2771 5165 3027 5246; x_wconf 70' lang='grc' dir='ltr'><strong>Δ(Ῑτιι-ηειη</strong></span> <span class='ocrx_word' id='word_1_826' title='bbox 3051 5184 3177 5237; x_wconf 76' lang='lat' dir='ltr'><strong>non,</strong></span> <span class='ocrx_word' id='word_1_827' title='bbox 3202 5182 3255 5229; x_wconf 82' lang='lat' dir='ltr'><strong>ut</strong></span> <span class='ocrx_word' id='word_1_828' title='bbox 3292 5168 3528 5246; x_wconf 75' lang='lat' dir='ltr'><strong>Pyrrhus</strong></span> <span class='ocrx_word' id='word_1_829' title='bbox 3546 5170 3628 5230; x_wconf 79' lang='lat' dir='ltr'><strong>di-</strong></span> 
     </span>
    </p>
   </div>
   <div class='ocr_carea' id='block_1_111' title="bbox 2297 5238 3363 5313">
    <p class='ocr_par' dir='ltr' id='par_1_111' title="bbox 2297 5238 3363 5313">
     <span class='ocr_line' id='line_1_111' title="bbox 2297 5238 3363 5313; baseline 0.007 -21"><span class='ocrx_word' id='word_1_830' title='bbox 2297 5239 2466 5304; x_wconf 78' lang='lat' dir='ltr'><strong>cebat,</strong></span> <span class='ocrx_word' id='word_1_831' title='bbox 2501 5249 2631 5292; x_wconf 79' lang='lat' dir='ltr'><strong>nutu</strong></span> <span class='ocrx_word' id='word_1_832' title='bbox 2668 5238 2813 5295; x_wconf 83' lang='lat' dir='ltr'><strong>Verbi</strong></span> <span class='ocrx_word' id='word_1_833' title='bbox 2842 5245 3110 5313; x_wconf 79' lang='lat' dir='ltr'><strong>conjuncti</strong></span> <span class='ocrx_word' id='word_1_834' title='bbox 3150 5238 3363 5299; x_wconf 59' lang='lat' dir='ltr'><strong>moveri:</strong></span> 
     </span>
    </p>
   </div>
   <div class='ocr_carea' id='block_1_112' title="bbox 2116 5396 3619 5472">
    <p class='ocr_par' dir='ltr' id='par_1_112' title="bbox 2116 5396 3619 5472">
     <span class='ocr_line' id='line_1_112' title="bbox 2116 5396 3619 5472; baseline 0.005 -21"><span class='ocrx_word' id='word_1_835' title='bbox 2116 5396 2327 5454; x_wconf 87' lang='lat' dir='ltr'><strong>Dividis</strong></span> <span class='ocrx_word' id='word_1_836' title='bbox 2407 5399 2708 5463; x_wconf 84' lang='lat' dir='ltr'><strong>Christum,</strong></span> <span class='ocrx_word' id='word_1_837' title='bbox 2752 5418 2874 5456; x_wconf 87' lang='lat' dir='ltr'><strong>cum</strong></span> <span class='ocrx_word' id='word_1_838' title='bbox 2918 5403 2997 5457; x_wconf 89' lang='lat' dir='ltr'><strong>sic</strong></span> <span class='ocrx_word' id='word_1_839' title='bbox 3048 5404 3310 5472; x_wconf 85' lang='lat' dir='ltr'><strong>loqueris.</strong></span> <span class='ocrx_word' id='word_1_840' title='bbox 3367 5403 3504 5458; x_wconf 86' lang='lat' dir='ltr'><strong>Nam</strong></span> <span class='ocrx_word' id='word_1_841' title='bbox 3565 5412 3619 5459; x_wconf 78' lang='lat' dir='ltr'><strong>et</strong></span> 
     </span>
    </p>
   </div>
   <div class='ocr_carea' id='block_1_113' title="bbox 2052 5488 3619 5562">
    <p class='ocr_par' dir='ltr' id='par_1_113' title="bbox 2052 5488 3619 5562">
     <span class='ocr_line' id='line_1_113' title="bbox 2052 5488 3619 5562; baseline 0.004 -21"><span class='ocrx_word' id='word_1_842' title='bbox 2052 5488 2268 5559; x_wconf 82' lang='lat' dir='ltr'><strong>Moyses</strong></span> <span class='ocrx_word' id='word_1_843' title='bbox 2292 5490 2572 5559; x_wconf 74' lang='lat' dir='ltr'><strong>ejusuutu</strong></span> <span class='ocrx_word' id='word_1_844' title='bbox 2599 5492 2937 5557; x_wconf 74' lang='lat' dir='ltr'><strong>movebatur,</strong></span> <span class='ocrx_word' id='word_1_845' title='bbox 2985 5502 3041 5547; x_wconf 89' lang='lat' dir='ltr'><strong>ct</strong></span> <span class='ocrx_word' id='word_1_846' title='bbox 3094 5494 3282 5548; x_wconf 88' lang='lat' dir='ltr'><strong>David.</strong></span> <span class='ocrx_word' id='word_1_847' title='bbox 3349 5502 3408 5550; x_wconf 87' lang='lat' dir='ltr'><strong>et</strong></span> <span class='ocrx_word' id='word_1_848' title='bbox 3457 5504 3619 5562; x_wconf 82' lang='lat' dir='ltr'><strong>quot-</strong></span> 
     </span>
    </p>
   </div>
   <div class='ocr_carea' id='block_1_114' title="bbox 2042 5578 3620 5653">
    <p class='ocr_par' dir='ltr' id='par_1_114' title="bbox 2042 5578 3620 5653">
     <span class='ocr_line' id='line_1_114' title="bbox 2042 5578 3620 5653; baseline 0.006 -24"><span class='ocrx_word' id='word_1_849' title='bbox 2042 5588 2174 5647; x_wconf 84' lang='lat' dir='ltr'><strong>quot</strong></span> <span class='ocrx_word' id='word_1_850' title='bbox 2202 5580 2453 5635; x_wconf 87' lang='lat' dir='ltr'><strong>humanis</strong></span> <span class='ocrx_word' id='word_1_851' title='bbox 2486 5578 2763 5653; x_wconf 82' lang='lat' dir='ltr'><strong>[terrcnis]</strong></span> <span class='ocrx_word' id='word_1_852' title='bbox 2798 5594 2847 5637; x_wconf 88' lang='lat' dir='ltr'><strong>et</strong></span> <span class='ocrx_word' id='word_1_853' title='bbox 2874 5584 3185 5639; x_wconf 85' lang='lat' dir='ltr'><strong>carnalibus</strong></span> <span class='ocrx_word' id='word_1_854' title='bbox 3208 5585 3438 5653; x_wconf 80' lang='lat' dir='ltr'><strong>abjectis</strong></span> <span class='ocrx_word' id='word_1_855' title='bbox 3494 5600 3620 5653; x_wconf 88' lang='lat' dir='ltr'><strong>pro-</strong></span> 
     </span>
    </p>
   </div>
   <div class='ocr_carea' id='block_1_115' title="bbox 2055 5671 3617 5742">
    <p class='ocr_par' dir='ltr' id='par_1_115' title="bbox 2055 5671 3617 5742">
     <span class='ocr_line' id='line_1_115' title="bbox 2055 5671 3617 5742; baseline 0.004 -18"><span class='ocrx_word' id='word_1_856' title='bbox 2055 5671 2407 5740; x_wconf 86' lang='lat' dir='ltr'><strong>prietatibus,</strong></span> <span class='ocrx_word' id='word_1_857' title='bbox 2441 5674 2551 5742; x_wconf 81' lang='lat' dir='ltr'><strong>apti</strong></span> <span class='ocrx_word' id='word_1_858' title='bbox 2584 5672 2800 5729; x_wconf 76' lang='lat' dir='ltr'><strong>fuerunt</strong></span> <span class='ocrx_word' id='word_1_859' title='bbox 2834 5685 2891 5729; x_wconf 94' lang='lat' dir='ltr'><strong>ut</strong></span> <span class='ocrx_word' id='word_1_860' title='bbox 2915 5685 3172 5741; x_wconf 85' lang='lat' dir='ltr'><strong>caperent</strong></span> <span class='ocrx_word' id='word_1_861' title='bbox 3195 5677 3440 5731; x_wconf 87' lang='lat' dir='ltr'><strong>divinum</strong></span> <span class='ocrx_word' id='word_1_862' title='bbox 3469 5677 3617 5730; x_wconf 86' lang='lat' dir='ltr'><strong>ama-</strong></span> 
     </span>
    </p>
   </div>
   <div class='ocr_carea' id='block_1_116' title="bbox 2048 5763 3615 5833">
    <p class='ocr_par' dir='ltr' id='par_1_116' title="bbox 2048 5763 3615 5833">
     <span class='ocr_line' id='line_1_116' title="bbox 2048 5763 3615 5833; baseline 0.004 -19"><span class='ocrx_word' id='word_1_863' title='bbox 2048 5774 2183 5817; x_wconf 87' lang='lat' dir='ltr'><strong>tum.</strong></span> <span class='ocrx_word' id='word_1_864' title='bbox 2228 5763 2335 5817; x_wconf 80' lang='lat' dir='ltr'><strong>Nos</strong></span> <span class='ocrx_word' id='word_1_865' title='bbox 2369 5766 2680 5832; x_wconf 83' lang='lat' dir='ltr'><strong>autem,qui</strong></span> <span class='ocrx_word' id='word_1_866' title='bbox 2706 5767 2846 5817; x_wconf 89' lang='lat' dir='ltr'><strong>sicut</strong></span> <span class='ocrx_word' id='word_1_867' title='bbox 2880 5765 2929 5817; x_wconf 90' lang='lat' dir='ltr'><strong>in</strong></span> <span class='ocrx_word' id='word_1_868' title='bbox 2958 5767 3233 5827; x_wconf 86' lang='lat' dir='ltr'><strong>omnibus.</strong></span> <span class='ocrx_word' id='word_1_869' title='bbox 3272 5766 3324 5820; x_wconf 88' lang='lat' dir='ltr'><strong>in</strong></span> <span class='ocrx_word' id='word_1_870' title='bbox 3358 5769 3615 5833; x_wconf 80' lang='lat' dir='ltr'><strong>hocque-</strong></span> 
     </span>
    </p>
   </div>
   <div class='ocr_carea' id='block_1_117' title="bbox 2045 5855 3606 5929">
    <p class='ocr_par' dir='ltr' id='par_1_117' title="bbox 2045 5855 3606 5929">
     <span class='ocr_line' id='line_1_117' title="bbox 2045 5855 3606 5929; baseline 0.005 -21"><span class='ocrx_word' id='word_1_871' title='bbox 2045 5872 2152 5924; x_wconf 87' lang='lat' dir='ltr'><strong>que</strong></span> <span class='ocrx_word' id='word_1_872' title='bbox 2186 5855 2400 5912; x_wconf 79' lang='lat' dir='ltr'><strong>divinos</strong></span> <span class='ocrx_word' id='word_1_873' title='bbox 2436 5856 2624 5911; x_wconf 82' lang='lat' dir='ltr'><strong>Patres</strong></span> <span class='ocrx_word' id='word_1_874' title='bbox 2667 5858 2963 5927; x_wconf 80' lang='lat' dir='ltr'><strong>sequimur,</strong></span> <span class='ocrx_word' id='word_1_875' title='bbox 2997 5858 3247 5927; x_wconf 84' lang='lat' dir='ltr'><strong>dicimus,</strong></span> <span class='ocrx_word' id='word_1_876' title='bbox 3275 5861 3427 5929; x_wconf 85' lang='lat' dir='ltr'><strong>Quod</strong></span> <span class='ocrx_word' id='word_1_877' title='bbox 3466 5863 3606 5916; x_wconf 86' lang='lat' dir='ltr'><strong>idem</strong></span> 
     </span>
    </p>
   </div>
  </div>
