4082 6406
448 405 586 473 1ἷι39

1638 410 2036 473 EUTIIYMII
2078 411 2198 471 ΖΗ]
2213 408 2440 473 ABENl

3580 418 3712 484 1145)

447 551 835 604 universorum
879 550 1022 603 Deus
1059 546 1475 602 immutabiliter
1501 546 1666 601 homo
1692 546 1888 610 factus,
1913 561 2024 599 non

2133 547 2284 612 Θεὸς,
2332 546 2616 618 ἀτρέπτως
2667 549 2956 620 γενόμενος
2989 549 3300 621 ἄνθρωπος,
3336 555 3397 608 ού
3429 556 3591 625 μόνον
3639 564 3708 622 ὠς

447 642 626 695 solum
665 653 724 694 ut
758 642 899 694 Deus
927 640 1092 701 idem,
1124 654 1190 693 ex
1227 654 1339 693 suae
1377 638 1600 694 deitatis
1630 638 1842 692 ratione
1873 637 2025 692 vole-

448 728 562 793 bat,
595 744 784 782 verum
809 727 973 781 etiam
1004 727 1148 781 idem
1177 735 1238 781 ut
1267 727 1499 782 decebat
1530 741 1684 781 suam
1718 726 2017 780 humanita-

448 827 581 873 tem.
629 819 686 873 Si
729 820 875 872 enim
907 835 1028 888 quae
1058 834 1124 873 ex
1158 834 1266 872 non
1301 819 1522 874 cntibus
1551 819 1689 872 facta
1725 826 1874 883 sunt,
1907 820 2025 888 ejutl

446 910 592 979 quod
629 917 733 974 est,
777 926 884 963 non
929 909 1077 980 quod
1120 926 1228 963 non
1265 918 1369 974 est,
1415 925 1479 963 ac
1521 910 1753 963 nihilum
1781 917 1885 975 est,
1914 910 2024 963 vim

448 1002 722 1056 retinendi
769 1012 936 1071 atque
987 1003 1176 1057 tuendi
1221 1003 1442 1056 insitam
1490 1001 1696 1057 habent
1739 1019 1751 1054 :
1796 1003 2025 1072 ejusque

446 1101 646 1147 natura
708 1093 993 1162 proprium
1043 1104 1154 1157 est,
1210 1102 1272 1146 ut
1321 1109 1385 1148 ea
1443 1101 1848 1162 prosequantur
1907 1107 2025 1162 quat

447 1185 654 1239 tuendo
681 1194 811 1240 sunt
838 1201 902 1240 ac
925 1186 1357 1241 incolumitatem
1390 1193 1670 1255 praestant,
1707 1183 2025 1254 fugiantque

446 1290 534 1341 ea,
568 1292 689 1346 qua:
720 1277 785 1331 ad
836 1278 1119 1332 interitum
1154 1263 1450 1347 spectanti
1479 1277 1648 1347 igitur
1680 1276 1845 1331 etiam
1878 1275 2022 1346 quod

448 1369 600 1424 omni
648 1369 887 1424 essentia
923 1371 1180 1438 superius
1217 1369 1490 1434 Verbum,
1528 1368 1766 1422 humana
1816 1368 2026 1424 ratione

361 1457 364 1460 ’
447 1459 744 1513 essentiam
785 1459 986 1525 induit,
1025 1459 1192 1514 etiam
1226 1459 1347 1529 ejus
1379 1457 1525 1528 quod
1570 1465 1653 1513 est
1691 1471 1803 1512 sua:
1836 1457 2027 1512 buma-

449 1551 638 1606 nitatis
667 1540 942 1605 retinendi
974 1559 1139 1620 atque
1168 1550 1357 1605 tuendi
1385 1551 1433 1603 vi
1472 1550 1734 1619 praeditus
1763 1549 1900 1616 fuit;
1933 1567 2027 1605 cu-

444 1642 536 1713 jus
581 1640 1048 1711 prosequendiac
1096 1639 1236 1710 fugae
1270 1649 1500 1704 motum,
1545 1640 1848 1694 voluntatis
1892 1648 2024 1693 nutu

451 1747 553 1802 per
599 1733 976 1803 operationem
1034 1731 1277 1786 ostendit
1324 1749 1336 1784 :
1384 1731 1756 1800 prosequendi
1806 1731 2024 1801 quidem

451 1831 685 1888 motum,
717 1839 783 1878 eo
829 1837 1002 1892 usque
1034 1822 1380 1876 naturalibus
1414 1821 1620 1876 utendo
1653 1821 1913 1891 omnique
1946 1837 2023 1876 re-

2132 635 2262 698 Θεὸς
2289 638 2317 688 ό
2346 638 2507 701 αὐτὸς
2538 639 2884 709 καταλλήλως
2913 645 2979 714 τῇ
3022 643 3186 696 αὑτοῦ
3240 644 3456 715 Θεότητι
3495 645 3706 716 ἤθελεν,
3753 679 3764 687 -

2133 729 2268 782 ἀλλὰ
2296 729 2389 781 καὶ
2418 731 2492 792 ὡς
2519 730 2804 801 ἄνθρωπος
2824 735 2851 785 ὁ
2877 735 3038 798 αὐτὸς
3062 735 3411 806 καταλλήλως
3440 739 3504 808 τῇ
3541 739 3709 794 αὑτοῦ

2132 819 2530 887 ἀνορωπότητι.
2577 821 2634 872 Εἰ
2661 821 2769 892 γὰρ
2805 824 2862 888 ἐξ
2895 824 2993 876 οὐκ
3017 824 3191 878 ὄντων
3217 826 3285 878 τὰ
3325 824 3453 878 ὄντα
3485 829 3712 899 γενόμε-

2135 921 2218 967 να,
2247 907 2340 956 καὶ
2367 906 2460 958 τοῦ
2487 906 2656 974 ὄντος,
2688 910 2747 960 ού
2773 909 2865 961 τοῦ
2891 911 2964 982 μὴ
2995 913 3144 976 ὄντος
3175 913 3359 984 ἔχουσι
3381 915 3710 989 ἀνθεκτικὴν

2132 997 2363 1067 δύναμιν
2391 1016 2402 1027 ·
2437 999 2644 1070 ταύτης
2671 1000 2728 1054 δὲ
2760 1004 2898 1058 κατὰ
2928 1004 3091 1073 φύσιν
3122 1005 3252 1060 ἴδιον
3282 1010 3314 1079 ὴ
3355 1010 3490 1080 πρὸς
3515 1013 3582 1064 τὰ
3613 1029 3707 1063 συ-

2135 1088 2364 1140 στατικά
2387 1089 2432 1120 ⁵⁸
2461 1090 2624 1161 ὁρμὴ,
2662 1092 2756 1144 καὶ
2807 1095 2940 1164 πρὸς
2997 1095 3064 1149 τὰ
3120 1096 3394 1169 φθαρτικὰ
3442 1101 3706 1172 ἀφορμή·

2132 1179 2240 1250 ἄρα
2270 1181 2363 1232 καὶ.
2401 1183 2429 1234 ό
2462 1183 2783 1252 ὑπερούσιος
2804 1186 2995 1255 Λόγος,
3015 1189 3379 1259 ἀνθρωπικῶς
3401 1192 3655 1246 ούσιωθεὶ
3667 1213 3710 1258 ς,

2135 1271 2261 1342 ἔσχε
2295 1274 2390 1326 καὶ
2418 1274 2510 1327 τοῦ
2541 1276 2692 1338 ὄντος
2721 1277 2822 1346 τῆς
2847 1278 3010 1332 αὑτοῦ
3048 1279 3466 1354 ἀνθρωπότητος
3486 1283 3584 1354 τὴν
3615 1287 3710 1338 ἁν-

2133 1363 2388 1435 Θεκτικὴν
2415 1365 2642 1436 δύναμιν
2669 1382 2685 1397 ο
2716 1363 2782 1438 ἧς
2808 1369 2906 1440 τὴν
2932 1370 3106 1442 ὁρμὴν
3139 1375 3228 1425 καὶ
3261 1374 3514 1446 ἀφορμὴν
3540 1375 3707 1428 Θέλων

2130 1454 2198 1508 δι’
2227 1457 2504 1526 ἐνεργείας
2538 1458 2703 1524 ἔδειξε
2725 1476 2740 1490 ·
2773 1462 2871 1530 τὴν
2903 1462 3004 1531 μὲν
3028 1464 3204 1536 ὁρμὴν
3231 1466 3286 1519 ἐν
3308 1466 3385 1536 τῷ
3407 1469 3520 1531 τοῖς
3550 1485 3709 1537 φυσι-

2130 1548 2247 1609 κοῖς
2276 1548 2368 1600 καὶ
2399 1547 2737 1619 ἀδιασλήτοις
2761 1551 3014 1604 τοσοῦτον
3043 1555 3373 1624 χρήσασθαι,
3404 1557 3481 1621 ὡς
3510 1559 3604 1610 καὶ
3631 1558 3708 1631 μὴ

2131 1637 2263 1691 Θεὸν
2293 1641 2405 1701 τοῖς
2435 1641 2682 1704 ἀπίστοις
2703 1642 3017 1712 νομίζεσθαι
3047 1662 3059 1677 ο
3095 1645 3194 1717 τὴν
3237 1647 3293 1700 δὲ
3340 1649 3596 1720 ἀφορμὴν
3649 1652 3707 1703 ὲν

2128 1729 2208 1799 τῷ
2237 1729 2412 1800 καιρῷ
2448 1732 2541 1785 τοῦ
2576 1733 2800 1798 πάθους,
2834 1736 3097 1800 ἑκουσίως
3130 1738 3228 1809 τὴν
3259 1739 3396 1812 πρὸς
3419 1741 3510 1793 τὺν
3544 1742 3705 1795 θάνα-

2129 1836 2221 1873 τον
2252 1821 2512 1891 συστολὴν
2542 1825 2892 1894 ποιήσασθαι.
2923 1826 2988 1878 Τί
3021 1823 3114 1881 οὖν
3139 1828 3249 1882 τῶν
3278 1830 3498 1883 ἀτόπων
3531 1831 3564 1901 ἠ
3611 1829 3706 1882 τοῦ

450 1913 818 1984 prehensione
863 1889 1201 1976 carentibus,
1241 1919 1301 1965 ut
1341 1918 1398 1966 et
1431 1910 1680 1966 inﬁdeles
1707 1889 1876 1966 Deum
1906 1926 2024 1966 esse

2130 1911 2266 1964 Θεοῦ
2315 1889 2598 1985 πέπρακεν
2641 1889 2964 1987 Ἐκκλησία,
3007 1920 3148 1990 ’μετὰ
3199 1923 3296 1992 τῆς
3357 1889 3708 1992 ἀνθρωπίνης

449 2020 563 2058 non
607 2003 894 2058 crederent
927 2021 939 2057 :
969 2003 1108 2073 fugae
1151 2011 1334 2058 autem
1380 2009 1590 2056 motum
1629 2011 1872 2071 tempore
1901 2018 2020 2072 pas-

449 2095 641 2160 sionis,
673 2111 796 2150 cum
833 2111 891 2150 se
922 2104 1116 2165 sponte
1153 2103 1300 2151 metu
1326 2097 1518 2151 mortis
1544 2096 1818 2150 contraxit
1849 2096 2026 2163 :Quid

451 2186 619 2257 igitur
662 2186 854 2241 absoni
905 2185 1032 2241 fecit
1065 2187 1159 2242 Dei
1209 2186 1476 2252 Ecclesia,
1507 2186 1655 2256 quod
1693 2201 1821 2240 eum
1859 2187 2027 2257 ipsius

448 2278 791 2333 humanitate
814 2287 871 2334 et
893 2287 1088 2334 natura
1113 2287 1317 2340 creata.
1343 2279 1445 2348 ipsi
1468 2293 1688 2347 quoque
1714 2294 1822 2348 qua
1844 2287 2026 2335 creata

447 2376 533 2423 est
560 2368 628 2422 ab
659 2383 725 2423 co
759 2367 1012 2433 insertas,
1047 2370 1198 2424 nullo
1230 2368 1470 2433 defectu,
1516 2368 1756 2423 rationes
1803 2369 2030 2426 conﬁte—

449 2468 560 2528 tur,
587 2460 707 2515 sine
735 2458 939 2530 quibus
965 2475 1068 2514 nec
1098 2470 1159 2515 ut
1186 2467 1384 2514 natura
1408 2457 1501 2526 sit,
1529 2456 1648 2514 ﬁeri
1675 2458 1887 2527 potest?

1079 2557 1164 2612 Ea:
1193 2559 1396 2614 eadem.

510 2656 572 2712 Si
603 2671 667 2711 ea
713 2663 921 2710 tantum
975 2652 1224 2708 conﬁteri
1279 2658 1518 2720 oportet,
1575 2661 1749 2719 qnzea
1797 2645 2024 2719 synodis

437 2745 584 2803 dicta
610 2755 887 2810 sunt,nec
938 2759 1049 2798 una
1101 2744 1190 2795 Dei
1250 2738 1416 2793 Verbi
1475 2749 1670 2792 natura
1729 2737 2012 2792 incarnata

437 2839 674 2894 dicenda
716 2839 813 2903 sit,
853 2854 975 2908 qua:
1003 2853 1224 2893 omnem
1275 2838 1530 2909 mysterii
1573 2839 1838 2908 pietatem
1871 2855 2024 2894 eom-

438 2929 724 2998 plectitur,
746 2943 871 2981 cum
910 2929 1066 2984 nullo
1090 2930 1284 2999 synodi
1311 2930 1538 2986 decreto
1563 2930 1711 2986 edita
1735 2932 1824 2985 sit.
1851 2930 2027 2997 Quin-

439 3021 552 3074 imo
583 3021 664 3074 sic
692 3035 917 3090 quoque
952 3035 1078 3076 cum
1115 3023 1336 3077 naturis
1361 3037 1668 3092 earumque
1713 3022 2026 3092 preprieta-

440 3113 612 3176 tibus,
634 3113 800 3166 etiam
830 3112 1147 3167 voluntates
1174 3111 1432 3168 conﬁteri
1464 3128 1695 3168 necesse
1723 3114 2021 3169 habebitis.

440 3204 497 3257 Si
545 3203 695 3257 enim
742 3219 865 3272 qua:
922 3204 1254 3258 naturaliter
1293 3203 1505 3260 Christi
1539 3205 1756 3260 naturis
1804 3221 2026 3276 compe-

442 3304 589 3359 tunt,
623 3295 740 3349 haec
778 3310 971 3349 earum
1000 3296 1376 3365 proprietates
1407 3312 1531 3352 esse
1563 3297 1793 3364 dicitis;
1825 3307 2024 3354 natura

440 3402 574 3441 vero
609 3387 833 3455 utrique
867 3387 988 3456 ejus
1009 3397 1225 3441 natura:
1268 3387 1494 3441 insitum
1526 3397 1612 3443 est
1643 3390 1819 3455 velle;
1858 3390 2027 3461 igitur

439 3492 668 3532 necesse
702 3478 862 3534 vobis
898 3479 1007 3532 erit
1044 3493 1168 3532 cum
1193 3477 1316 3533 aliis
1346 3478 1696 3534 naturalibus
1715 3482 2028 3550 proprieta-

441 3570 611 3636 tibus,
645 3585 770 3627 cum
801 3571 1017 3625 naturis
1049 3570 1303 3626 conﬁteri
1329 3571 1540 3641 pariter
1571 3571 1911 3627 voluntates.

511 3749 805 3813 Prmterea,
831 3748 876 3802 si
903 3747 1097 3820 synodi
1134 3756 1361 3818 propter
1404 3762 1596 3802 vocem
1629 3748 1794 3803 unius
1834 3749 2023 3819 Apoli-

439 3841 660 3894 narium
681 3851 738 3895 et
759 3841 952 3895 Arium
977 3841 1585 3896 anathematizaverunt
1613 3840 1762 3911 (cum
1789 3851 2023 3910 uterque

440 3948 638 3986 eorum
673 3933 778 3987 hac
822 3948 960 3987 voce
1012 3931 1080 3985 ad
1138 3930 1396 3986 haeresim
1461 3945 1617 3984 suam
1669 3931 2021 3985 statuendam

442 4024 807 4079 abuteretur:
856 4022 1215 4092 Apolinarius
1260 4021 1507 4091 quidem,
1537 4031 1598 4076 ut
1623 4038 1846 4077 carnem
1873 4023 2024 4092 ejus—

443 4115 568 4170 dem
603 4115 932 4170 substantia:
971 4131 1097 4169 cum
1121 4113 1304 4168 Verbo
1327 4113 1648 4169 ostenderet
1671 4131 1686 4181 ;
1706 4113 1871 4170 Arius
1893 4125 2027 4168 vero

444 4217 508 4261 ut
535 4207 732 4262 Filium
751 4207 953 4260 aPatre
982 4206 1215 4260 diversa:
1237 4205 1562 4260 substantia:
1589 4203 2020 4275 introduceret),

445 4295 727 4367 quomodo
766 4309 1065 4364 possumus
1109 4310 1211 4349 nos
1241 4294 1317 4365 pii
1351 4309 1496 4358 esse,
1531 4294 1624 4364 qui
1655 4310 1820 4350 voces
1849 4295 2028 4348 haere-

449 4387 575 4441 ticis
603 4385 918 4440 contrarias
965 4399 1080 4439 nou
1143 4386 1551 4439 conliteamur?
1605 4385 1779 4440 Porro
1829 4385 2024 4453 quinta

447 4477 714 4550 synodus,
763 4486 823 4532 ut
847 4477 1032 4532 omnia
1070 4478 1232 4531 missa
1262 4476 1482 4539 faciam,
1527 4491 1653 4530 cum
1687 4475 1757 4529 ad
1791 4475 2022 4531 verbum

2128 2003 2296 2056 αὑτοῦ
2338 2007 2429 2058 καὶ
2465 2009 2689 2080 κτιστῆς
2724 2009 2960 2080 φύσεως,
2996 2015 3090 2067 καὶ
3115 2031 3244 2076 τους
3297 2014 3709 2086 δημιουργικῶς

2130 2095 2268 2166 αὐτῇ
2320 2098 2452 2168 παρ’
2496 2102 2660 2154 αὑτοῦ
2715 2104 3031 2168 ὲντεθέντας
3081 2107 3139 2159 ἐν
3196 2107 3343 2177 αὐτῷ
3405 2107 3708 2171 ἀνελλιπῶς

2127 2183 2464 2254 ὁμολογοῦσα
2514 2189 2723 2259 λόγους,
2767 2187 2842 2246 ὧν
2896 2195 2992 2247 καὶ
3050 2195 3179 2250 ἄνευ
3228 2193 3498 2268 εἶναιτὴν
3543 2197 3706 2266 φύσιν

2126 2276 2384 2331 ἀδύνατον
2416 2295 2432 2344 ;

2675 2554 2773 2605 Τκ
2805 2550 2915 2618 τῆς
2941 2553 3153 2620 αὐτῆς.

2203 2644 2263 2697 El
2291 2645 2361 2698 τὰ
2413 2645 2710 2708 συνοδικῶς
2773 2645 2868 2698 καὶ
2898 2646 3063 2713 μόνον
3121 2647 3393 2720 εἰρημένα
3417 2651 3526 2723 χρὴ
3573 2653 3707 2722 ὁμο-

2129 2737 2333 2805 λογεῖν,
2395 2736 2521 2790 οὔτε
2583 2739 2682 2808 τὴν
2746 2738 2880 2809 μίαν
2947 2738 3044 2793 τοῦ
3097 2739 3235 2794 Θεοῦ
3297 2740 3481 2811 Λόγου
3540 2745 3708 2813 φύσιν

2127 2836 2584 2907 σεσαρκωμένην,
2626 2833 2988 2903 περιεκτικὴν
3013 2834 3201 2904 πάσης
3235 2833 3334 2905 τῆς
3363 2833 3462 2886 τοῦ
3496 2850 3708 2904 μυστη-

2130 2932 2244 3000 ρίου
2271 2925 2436 2982 οὖσαν
2468 2926 2773 2990 εὐσεϐείας,
2815 2927 2922 2996 χρὴ
2945 2926 2991 2957 ⁵⁸
3018 2927 3223 2994 λέγειν,
3272 2927 3569 2989 συνοδικῶς
3606 2927 3710 2980 οὐκ

2125 3021 2615 3092 ὲκπεσωνημένην.
2653 3019 2798 3088 Πλὴν
2831 3020 2912 3072 ὅτι
2949 3019 3042 3072 καὶ
3079 3016 3224 3070 οὕτω
3248 3019 3372 3080 ταῖς
3400 3018 3597 3086 φύσεσι
3614 3019 3710 3070 καὶ

2124 3118 2238 3178 τοῖς
2265 3113 2447 3168 αὐτῶν
2479 3112 2739 3182 ἰδιώμασι
2774 3111 2871 3163 καὶ
2900 3111 2970 3162 τὰ
2999 3107 3291 3179 θελήματα
3321 3108 3712 3178 συνομολογεῖν

2057 3233 2098 3288 C
2129 3205 2514 3276 βιασθήσεσθε.
2567 3203 2636 3256 Ei
2690 3201 2803 3271 γὰρ
2860 3200 2929 3253 τὰ
2970 3199 3221 3269 φυσικῶς
3269 3200 3546 3288 προσόντα
3586 3200 3711 3260 ταῖς

2128 3296 2328 3366 φύσεσι
2359 3295 2455 3349 τοῦ
2490 3293 2753 3366 Χριστοῦ,
2792 3291 3060 3361 ἰδιώματα
3095 3289 3280 3343 αὐτῶν
3324 3285 3458 3342 εἶναι
3495 3288 3706 3355 λέγετε,

2129 3388 2377 3460 φυσικῶς
2401 3387 2457 3440 δὲ
2487 3386 2730 3455 ἑκατέρᾳ
2760 3384 2926 3438 αὐτοῦ
2961 3383 3121 3452 φύσει
3150 3383 3211 3436 τὸ
3245 3382 3421 3436 θέλειν
3458 3381 3710 3450 ἐμπέφυ-

2129 3498 2246 3548 κεν,
2279 3481 2388 3549 ἆρα
2423 3479 2564 3547 μετὰ
2595 3477 2705 3531 τῶν
2734 3477 2914 3532 ἄλλων
2948 3474 3199 3544 φυσικῶν
3248 3474 3578 3544 ἰδιωμάτων,
3617 3473 3714 3526 καὶ

2121 3572 2192 3628 τὰ
2244 3569 2525 3639 θελήματα
2583 3569 2705 3630 ταῖς
2768 3567 2963 3636 φύσεσι
3028 3564 3414 3634 συνομολογεῖν
3468 3563 3713 3632 ἀναγκα-

2127 3659 2413 3731 σθήσεσθε.

2205 3753 2417 3814 Ἄλλως
2443 3769 2502 3804 τε
2532 3751 2611 3813 δὲ,
2647 3751 2695 3802 εί
2726 3750 2783 3804 αἱ
2814 3748 3026 3802 σύνοδοι
3055 3750 3150 3802 ἐπὶ
3175 3752 3243 3821 τῇ
3273 3747 3368 3802 τοῦ
3399 3747 3519 3809 ἐνὸς
3553 3745 3714 3815 θελή-

2131 3861 2300 3915 ματος
2329 3845 2479 3913 φωνῇ
2511 3842 2608 3895 καὶ
2645 3841 3025 3910 ’Δπολινάριον
3051 3841 3146 3893 καὶ
3179 3842 3400 3909 Ἀρειον
3443 3837 3715 3906 ἀνεθεμά-

2125 3951 2304 3999 τισαν,
2351 3933 2620 4003 ἑκατέρου
2671 3931 2856 3984 αὐτῶν
2897 3929 3074 4000 ταύτῃ
3125 3930 3266 3999 πρὸς
3306 3928 3571 3981 σύστασιν
3612 3926 3710 3994 τῆς

2130 4027 2269 4089 ίδίας
2299 4025 2566 4096 αἱρέσεως
2601 4022 3070 4094 ἀποχρησαμένου
3092 4039 3106 4053 ·
3138 4021 3233 4074 τοῦ
3269 4020 3392 4090 μὲν,
3420 4018 3714 4090 ὁμοούσιον

2125 4119 2204 4188 τῷ
2230 4118 2390 4186 Λόγῳ
2437 4117 2525 4170 διὰ
2570 4115 2764 4168 τούτου
2792 4115 2892 4184 τὴν
2921 4114 3101 4184 σάρκα
3138 4111 3470 4183 βουλομένου
3502 4111 3710 4175 δεῖξαι·

2125 4209 2219 4262 τοῦ
2249 4209 2326 4271 δὲ,
2351 4206 2690 4277 ἑτεροούσιον
2715 4206 2809 4259 τὸν
2833 4204 2962 4258 Υίδν
2994 4206 3132 4276 πρὸς
3181 4205 3272 4257 τὸν
3325 4202 3544 4272 Πατέρα
3599 4201 3708 4252 εἰσ-

2125 4303 2352 4366 αγαγεῖν
2389 4297 2833 4367 ἁγωνιζωμένου,
2863 4297 2981 4359 πῶς
3009 4297 3257 4350 εὐσεϐεῖν
3295 4297 3441 4366 ἡμᾶς
3465 4294 3715 4352 δυνατὸν,

2127 4389 2230 4450 τὰς
2262 4390 2511 4452 ἐναντίας
2538 4392 2652 4451 τοῖς
2679 4390 2982 4458 αἱρετικοίς
3021 4389 3207 4457 φωνὰς
3246 4388 3344 4457 οὐχ
3383 4384 3717 4456 ὁμολογοῦν-

2125 4499 2260 4549 τας;
2305 4485 2369 4536 Ἠ
2397 4483 2454 4535 δὲ
2489 4482 2714 4551 πέμπτη
2750 4479 2990 4546 σύνοδος,
3032 4480 3122 4532 ἵνα
3163 4478 3342 4532 πάντα
3389 4475 3711 4547 παραλίπω,

449 4569 535 4623 ita
560 4570 762 4635 sanxit,
790 4567 1052 4639 Amplecti
1086 4583 1142 4622 se
1167 4568 1349 4621 omnia
1380 4576 1688 4621 sanctorum
1721 4564 2024 4632 Athanasii,

2131 4575 2440 4630 θεσπίσασα
2487 4573 2794 4638 αὑτολεξεὶ,
2823 4571 3025 4624 Πάντα
3055 4569 3128 4623 τὰ
3169 4569 3288 4623 τῶν
3315 4569 3502 4640 ἁγίων
3542 4568 3707 4621 'Ada-

449 4661 660 4722 Pasilii,
680 4662 956 4731 utriusque
991 4661 1250 4730 Gregorii,
1270 4675 1336 4714 ac
1361 4658 1730 4728 quorumdam
1759 4656 2024 4725 aliorum,

446 4769 571 4805 cum
615 4751 923 4820 adjectione
973 4751 1125 4805 vocis
1161 4751 1489 4821 egregiorum
1537 4747 1835 4816 doctorum,
1867 4749 2027 4806 libros

459 4852 525 4892 ac
554 4836 983 4908 lucubrationes,
1021 4840 1075 4897 in
1125 4842 1328 4913 quibus
1361 4855 1414 4900 et
1455 4844 1577 4900 duae
1614 4845 1735 4902 sitae
1777 4855 1906 4904 sunt
1929 4860 2036 4902 vo-

456 4927 719 4986 luntales.

1092 5028 1176 5083 Ea:
1205 5031 1407 5084 eadem.

522 5111 581 5166 ln
612 5114 782 5172 sacris
803 5117 1108 5188 Evangeliis
1134 5120 1337 5174 dictum
1364 5128 1448 5176 est
1475 5139 1488 5175 :
1519 5121 1586 5175 In
1615 5123 1906 5176 crastinum
1938 5138 2031 5176 vo-

458 5203 556 5258 luit
605 5204 756 5260 Jesus
820 5207 1024 5277 ingredi
1077 5213 1132 5264 in
1191 5210 1513 5266 Galilmam:
1558 5215 1734 5282 palam
1777 5223 1884 5277 est,
1924 5229 2020 5268 vo-

455 5296 622 5353 luisse
664 5300 897 5368 ingredi,
954 5317 1060 5370 qua
1134 5304 1346 5357 ratione
1401 5319 1510 5358 non
1576 5313 1694 5359 erat
1751 5307 1845 5359 ibi.
1899 5304 2018 5360 Non

455 5397 572 5441 erat
639 5399 818 5444 autem
881 5391 1267 5448 humanitate:
1317 5409 1441 5447 nam
1499 5395 1704 5450 deitate
1742 5411 2012 5464 nusquam

456 5477 626 5533 abest.
666 5480 834 5550 Igitur
865 5490 924 5538 ut
959 5483 1141 5552 homo,
1165 5499 1274 5541 non
1309 5495 1366 5542 ut
1402 5485 1566 5556 Deus,
1608 5487 1817 5543 intrare
1852 5488 2027 5544 voluit

455 5582 519 5621 ac
547 5570 842 5637 proﬁcisci.

542 5847 555 5878 ‘
585 5848 741 5903 Juau.
772 5866 810 5913 ι,
838 5853 926 5907 45.

2128 4670 2372 4730 νασιου,
2405 4666 2506 4720 καὶ
2535 4666 2886 4728 Βασιλείου,
2910 4663 3390 4731 καίΓρηγοριων,
3413 4660 3511 4714 καὶ
3536 4657 3706 4713 ἄλλων

2126 4758 2290 4813 τινῶν
2334 4758 2856 4827 προσδιωρισμένως
2885 4756 3173 4826 ὲγκρίτων
3201 4751 3522 4818 Ῐὲκκρίτων]
3550 4751 3704 4806 646a-

2141 4843 2398 4897 σκάλων
2430 4844 2850 4913 συντάγματα,
2879 4845 2936 4897 ἐν
2963 4860 3044 4908 οις
3083 4844 3175 4897 καὶ
3207 4843 3276 4897 τὰ
3301 4841 3396 4896 δύο
3426 4841 3700 4912 ἔγκεινται

2138 4935 2442 5004 θελήματα,
2465 4933 2733 5005 δέχεσθαι.

2673 5029 2775 5080 Ἐκ
2807 5025 2918 5094 τῆς
2959 5025 3170 5094 αὐτῆς.

2204 5115 2300 5169 Ἐν
2349 5117 2459 5179 τοῖς
2494 5116 2666 5184 ἁγίοις
2724 5117 3074 5185 Εὑαγγελίοις
3130 5117 3348 5186 εἴρηται
3382 5115 3538 5183 ,περὶ
3597 5110 3697 5166 τοῦ

2127 5209 2354 5277 Κυρίου,
2378 5207 2460 5261 δτι
2497 5206 2575 5274 Τῇ
2614 5209 2900 5275 ἐπαύριον
2925 5207 3229 5275 ἠθέλησεν
3258 5209 3289 5260 ό
3311 5205 3546 5272 Ἰησοῦς
3574 5206 3698 5258 εισ-

2123 5299 2326 5356 ελθεῖν
2384 5302 2473 5364 εις
2526 5299 2644 5366 τὴν
2700 5301 3072 5352 Γαλιλαθαν·
3149 5296 3412 5366 πρόδηλον
3465 5296 3555 5356 δὲ,
3613 5295 3696 5348 ὅτι

2131 5394 2256 5448 καθ’
2286 5392 2313 5445 ὃ
2343 5392 2442 5446 οὐκ
2469 5387 2535 5461 ἦν
2561 5394 2698 5455 ἐκεῖ,
2729 5392 2996 5460 ἠθέλησεν
3023 5389 3312 5443 εἰσελθεῖνο
3373 5389 3474 5442 οὐκ
3523 5383 3590 5454 ἦν
3638 5386 3696 5437 δὲ

2137 5485 2541 5556 ἀνθρωπότητι’
2575 5483 2792 5551 θεότητι
2834 5483 2944 5553 γὰρ
2991 5481 3203 5541 οὐδενὸς
3248 5480 3496 5534 ἄπεστιν.
3555 5478 3698 5545 Ἀρα

2136 5576 2230 5630 οὖν
2260 5575 2382 5628 καθ’
2413 5575 2440 5627 ὅ
2469 5575 2775 5642 ἄνθρωπος,
2804 5575 2900 5626 καὶ
2940 5573 2998 5626 ού
3033 5572 3156 5624 καθ’
3186 5569 3214 5623 ὃ
3242 5571 3374 5632 Θεὸς
3430 5568 3700 5638 ἠθέλησεν

2128 5668 2413 5723 είσελῢεζνο
2459 5666 2553 5721 καὶ
2583 5664 2863 5733 Θελητικδς
2887 5657 2954 5733 ἦν
2981 5662 3102 5716 καθ’
3131 5659 3160 5714 ὃ
3183 5660 3487 5728 ἄνθρωπος.
