4082 6406
418 392 545 458 1141
1341 386 1712 450 PANOPLIA
1747 385 2204 448 DOGMATICA.
2240 407 2310 418 -
2335 381 2483 443 TIT.
2515 379 2672 442 XXI.
2705 425 2716 432 .
3544 367 3673 433 114?.

483 537 592 592 Kal
620 532 856 603 ἀλλαχοῦ
909 530 1104 588 πάλιν³
1141 529 1325 592 Θέλω,
1356 530 1455 583 ἵνα
1496 529 1650 583 ὅπου
1694 528 1807 596 εἰμὶ
1851 528 1984 596 ἐγὼ,

2157 515 2280 571 ΔΙἰο
2305 516 2436 570 item
2462 516 2584 569 loco
2611 531 2624 568 :
2661 513 2805 578 Volo,
2837 513 3000 584 utubi
3021 529 3114 585 ego
3141 529 3276 579 sum,
3309 521 3356 566 et
3385 512 3464 567 illi
3497 515 3602 567 sint
3627 519 3667 580 ',

412 629 514 684 καὶ,
558 625 725 679 αὐτοὶ
758 601 927 677 ὦσιν.
962 622 1024 673 El
1058 620 1178 673 καθ’
1203 620 1232 672 6
1263 619 1396 682 Θεὸς
1425 619 1454 670 6
1493 618 1728 688 Χριστὸς
1757 615 1900 684 ὑπὲρ
1929 615 1989 668 τὸ

2113 607 2222 663 lum
2252 605 2504 661 Christus
2519 614 2792 674 quatenus
2811 604 2957 660 Deus
2979 620 3145 675 supra
3178 605 3269 660 ubi
3303 605 3395 668 sit,
3423 618 3669 659 omnem-

414 718 520 773 ποῦ
550 716 700 768 ἐστίν
725 731 739 745 ·
780 714 841 766 οὐ
879 712 987 783 γὰρ
1020 713 1076 764 ὲν
1098 713 1247 780 τόπῳ
1277 709 1399 762 καθ’
1435 709 1464 760 6
1501 708 1652 770 Θεός’
1681 706 1822 776 ὑπὲρ
1845 706 1901 758 δὲ
1930 705 1990 758 τὸ

2113 712 2195 766 [ue
2228 696 2335 751 loci
2366 697 2938 766 circumscriptionem
2968 699 3102 762 (non
3126 697 3275 750 enim
3319 705 3405 751 est
3440 696 3496 749 in
3525 695 3667 757 loco,

416 812 520 865 ποῦ
548 811 809 862 ἀδύνατον
837 807 938 875 τὴν
969 805 1196 875 κτιστὴν
1220 803 1381 873 φύσιν
1408 801 1697 872 ὑπάρχειψ
1731 799 1838 869 ἄρα
1869 797 1989 851 καθ’

2113 803 2196 857 [ua
2250 787 2464 842 ratione
2509 796 2596 842 est
2639 787 2834 857 Deus),
2873 787 2990 841 ﬁeri
3023 798 3205 842 autem
3246 801 3355 840 non
3385 794 3569 856 potest
3613 794 3674 838 ut

426 903 456 956 6
489 901 776 970 ἄνθρωπος
808 874 973 960 θέλει,
1003 898 1092 950 ἵνα
1116 874 1249 949 ὅπου
1281 894 1399 947 ἐστὶ
1435 893 1530 946 καὶ
1556 893 1709 946 αὐτοὶ
1741 885 1861 944 ὦσι·
1899 890 1992 944 καὶ

2113 891 2257 946 mpra
2281 876 2374 930 ubi
2399 877 2628 931 exsistat
2649 884 2843 930 natura
2867 886 3051 930 creata
3072 893 3085 941 ;
3106 891 3241 946 ergo
3265 885 3324 929 ut
3346 875 3510 928 homo
3533 874 3670 937 vult,

399 963 702 1064 -οελητικὸς
732 987 799 1044 ἦν
827 993 855 1044 6
883 989 1044 1052 αὐτὸς
1071 988 1193 1042 καθ’
1225 986 1253 1040 6
1277 985 1584 1056 ἄνθρωπος.

2113 974 2154 1020 ιι
2185 967 2278 1020 ubi
2303 976 2410 1031 est,
2445 967 2555 1022 sint
2582 966 2720 1036 ipsi;
2755 967 3010 1036 atqueita
3043 965 3188 1020 idem
3213 972 3486 1035 quatenus
3507 963 3674 1018 homo

2093 1068 2212 1115 erat
2234 1059 2493 1114 facultate
2523 1059 2827 1114 voluntatis
2863 1057 3147 1128 prmditus.

491 1170 602 1225 Kal
643 1166 877 1238 ἀλλαχοῦ
909 1165 1090 1220 πάλιν·
1121 1164 1232 1218 Καὶ
1277 1161 1470 1218 ἐλθὼν
1497 1162 1582 1226 εἷς
1606 1160 1813 1225 τόπον,
1842 1152 1992 1212 εἴπεο

2362 1149 2432 1204 Et
2479 1149 2612 1204 alias
2653 1165 2874 1204 rursum
2908 1167 2921 1203 :
2956 1150 3027 1204 Et
3070 1166 3189 1203 cum
3222 1150 3445 1203 venisset
3496 1147 3566 1200 ad
3600 1145 3676 1199 to-

419 1260 590 1330 Διψῶ.
615 1259 725 1312 Kal
771 1235 1006 1311 ἔδωκαν
1049 1252 1210 1318 αὺτῷ
1247 1249 1418 1307 οἶνον
1463 1251 1616 1320 μετὰ
1669 1247 1862 1318 χολῆς
1885 1263 1994 1317 με-

2113 1259 2239 1303 rum,
2279 1243 2462 1296 dixit:
2504 1242 2662 1298 Sitio.
2702 1243 2773 1296 Et
2817 1243 3074 1296 dederunt
3105 1244 3152 1296 ei
3196 1244 3378 1296 vinum
3407 1257 3522 1294 eum
3556 1235 3677 1308 felle

413 1327 726 1420 peﬂtéror'
757 1347 856 1400 καί
885 1345 1276 1415 γευσάμενος,
1298 1345 1410 1396 οὐκ
1433 1342 1613 1410 ἤθελε
1631 1338 1809 1392 πιεῖν.
1839 1337 1997 1392 Κατὰ

2113 1333 2337 1396 nistum,
2369 1340 2417 1384 et
2440 1348 2559 1386 eum
2585 1340 2866 1402 gustasset,
2905 1331 3072 1386 noluit
3101 1331 3270 1384 bibere
3296 1337 3337 1384 '.
3361 1327 3676 1384 Secundum

421 1419 574 1496 ποῖον
619 1438 784 1492 αὑτοῦ
833 1437 998 1508 μέρος
1026 1436 1248 1506 διψῆσαι
1287 1434 1448 1487 αὑτὸν
1495 1433 1750 1501 levarat;
1801 1431 1860 1484 Et
1897 1429 1996 1500 μὲν

2113 1437 2264 1492 quam
2300 1422 2476 1492 ipsius
2496 1429 2732 1492 partem,
2755 1438 2880 1477 eum
2908 1423 3111 1477 sitiisse
3141 1421 3371 1476 dicitis?
3395 1419 3678 1489 Siquidem

421 1530 564 1584 κατὰ
610 1529 711 1599 τὴν
760 1528 1012 1598 θεότητα,
1052 1526 1308 1596 ἐμπαθὴς
1344 1523 1498 1578 ἔσται
1535 1527 1569 1595 ἡ
1595 1523 1785 1594 θεότης
1810 1519 1996 1588 αὑτοῦ,

422 1619 632 1681 πόσεως
672 1617 823 1685 παρὰ
855 1616 1018 1686 φύσιν
1068 1616 1354 1686 ὲφιεμένη.
1392 1616 1456 1668 El
1499 1616 1557 1670 δὲ
1609 1614 1753 1668 κατὰ
1780 1613 1878 1684 τὴν
1907 1614 2002 1667 ἀν-

424 1711 748 1782 θρωπότητα
773 1748 788 1775 ,
821 1711 930 1778 ἄρα
972 1708 1093 1762 καθ’
1119 1707 1147 1760 6
1179 1707 1420 1778 ἐδίψησε,
1444 1707 1561 1760 κατ’
1593 1709 1772 1760 ἐκεῖνο
1805 1708 1901 1760 καὶ
1939 1705 2001 1760 τὸ

409 1799 798 1870 ,ἀκατάλληλον
826 1802 894 1870 τῇ
928 1797 1088 1868 φύσει
1113 1799 1216 1852 οὐκ
1242 1798 1475 1869 ἠθέλησε
1504 1800 1648 1852 πιεῖν
1669 1813 1685 1830 °
1718 1797 1812 1852 καὶ
1839 1796 2000 1868 θελη-

423 1892 574 1956 τικὸς
599 1889 668 1962 ἦν
700 1891 729 1943 6
765 1890 928 1954 αὐτὸς
965 1891 1062 1944 καὶ
1109 1889 1232 1944 καθ’
1268 1889 1297 1943 6
1339 1890 1646 1960 ἄνθρωπος.

498 2067 610 2121 Kal
647 2066 879 2144 ἀλλαχοῦ
912 2081 1069 2136 φησι·
1121 2066 1230 2124 Kal
1287 2080 1629 2132 περιεπατει
1680 2067 1714 2118 d
1765 2065 2002 2132 Ἰησοῦς

426 2159 498 2214 ἐν
535 2157 610 2227 τῇ
641 2159 956 2224 Pis/Mala“
1000 2159 1072 2210 οὐ
1112 2156 1222 2227 γὰρ
1259 2156 1481 2225 ἢθελεν
1521 2157 1591 2209 ἐν
1617 2153 1690 2224 τῇ
1745 2155 2005 2222 Ἰουδαίᾳ

413 2247 806 2317 περιπατεῖν,
832 2247 923 2300 ὅτι
964 2245 1213 2314 ἐζήτουν
1241 2245 1430 2300 αὐτὸν
1457 2248 1511 2299 οι
1553 2244 1830 2300 Ἰουδαῖοι
1859 2245 2005 2298 ἀπο-

429 2340 675 2393 κτεῖναι.
717 2339 780 2392 Et
811 2337 914 2407 τῆς
951 2337 1152 2408 σαρκὸς
1183 2336 1344 2406 φύσει
1383 2337 1413 2388 6
1442 2336 1763 2406 περίπατος,
1799 2337 1912 2388 ἀλλ’
1942 2336 2004 2389 οὐ

430 2429 534 2500 τῆς
584 2430 700 2483 καθ’
737 2428 1033 2482 ὑπόστασιν
1065 2427 1349 2498 ὴνωμένης
1401 2427 1537 2498 αὐτῇ
1578 2426 1850 2497 θεότητος,
1899 2427 2006 2497 ἄρα

431 2520 552 2575 καθ’
572 2520 601 2573 6
633 2520 918 2590 ἄνθρωπος
946 2523 974 2574 6
1011 2520 1174 2583 αὐτὸς
1199 2521 1258 2572 ὲν
1279 2522 1345 2590 τῇ
1377 2517 1638 2589 Γαλιλαίᾳ
1666 2517 2004 2589 περιπατῶν,

429 2613 534 2666 οὐκ
561 2612 752 2683 ἤθελεν
797 2613 856 2666 ὲν
899 2615 964 2684 τῇ
1012 2612 1240 2683 Ἰουδαία
1289 2614 1635 2681 περιπατεῖν·
1670 2613 1763 2665 καὶ
1795 2611 2008 2682 θελητι-

432 2700 526 2764 κὸς
555 2699 583 2753 6
609 2701 771 2764 αὐτὸς
800 2702 895 2755 καὶ
929 2700 1053 2756 καθ’
1081 2700 1111 2753 6
1138 2701 1443 2772 ἄνθρωπος.

2100 1513 2250 1567 enim
2281 1513 2589 1568 secundum
2634 1511 2918 1579 deitatem,
2966 1513 3074 1568 erit
3109 1514 3232 1584 ejus
3280 1512 3456 1567 dcitas
3488 1510 3680 1565 libidi-

2101 1620 2255 1670 nosa,
2290 1620 2412 1676 qua:
2445 1611 2649 1675 printer
2699 1613 2952 1659 naturam
2998 1611 3190 1673 potum
3238 1603 3550 1672 expetierit.
3584 1601 3681 1656 Sin

2101 1705 2284 1752 autem
2312 1696 2614 1752 secundum
2643 1697 3066 1760 humanitatem,
3088 1694 3259 1766 igitur
3287 1710 3352 1750 ea
3379 1703 3532 1765 parte
3559 1694 3682 1750 siti-

2106 1789 2204 1854 vit,
2239 1805 2361 1858 quae
2390 1797 2446 1844 et
2467 1788 2615 1859 quod
2637 1797 2850 1844 naturae
2880 1788 3293 1843 dissentaneum
3329 1795 3466 1852 erat,
3491 1787 3684 1842 bibere

2101 1879 2278 1936 noluit
2311 1899 2324 1934 :
2347 1890 2510 1951 atque
2530 1880 2666 1935 adeo
2701 1881 2871 1936 etiam
2895 1880 3158 1946 uthomo,
3177 1880 3481 1935 voluntatis
3508 1878 3683 1935 facul-

2104 1981 2210 2028 tate
2230 1981 2350 2027 erat
2378 1972 2661 2042 praeditus.

2174 2064 2242 2118 Et
2265 2063 2396 2118 alibi
2419 2064 2495 2117 ait
2533 2081 2547 2118 :
2582 2062 2650 2116 Et
2669 2061 2978 2116 ambulabat
3016 2061 3168 2117 Iesus
3196 2063 3250 2116 in
3282 2060 3508 2118 Galilaa
3533 2076 3552 2114 :
3577 2075 3685 2116 non

2101 2157 2240 2210 enim
2284 2155 2488 2212 volebat
2532 2154 2809 2210 ambulare
2856 2156 2912 2208 in
2961 2154 3172 2219 Judrea,
3216 2154 3341 2224 quia
3381 2151 3686 2223 qum-ebant

2102 2264 2220 2300 eum
2242 2247 2414 2301 Judaei
2444 2245 2741 2314 interﬁcere
2760 2251 2800 2301 ³.
2827 2244 2966 2301 Cum
3015 2243 3319 2300 ambulatio
3343 2252 3543 2299 natura
3566 2256 3687 2298 car-

2103 2343 2192 2394 nis
2209 2340 2300 2405 sit,
2328 2355 2438 2394 non
2463 2338 2683 2394 deitatis
2708 2339 2758 2394 ei
2784 2339 2954 2394 unitas
2981 2339 3286 2394 secundum
3313 2336 3683 2410 hypostasim;

2104 2444 2237 2499 ergo
2257 2443 2367 2498 qua
2409 2429 2575 2483 homo
2618 2437 2736 2483 erat
2761 2429 2816 2483 in
2845 2428 3065 2484 Galilaaa
3096 2429 3385 2483 ambulans
3405 2469 3418 2494 ,
3464 2427 3688 2483 nolebat

2106 2519 2163 2573 in
2215 2519 2407 2575 Iudaea
2459 2519 2741 2574 ambulare
2777 2537 2791 2574 :
2827 2527 2992 2590 atque
3037 2520 3152 2585 ita,
3207 2519 3354 2576 idem
3409 2520 3574 2574 etiam
3623 2526 3688 2574 ut

2106 2611 2271 2666 homo
2297 2610 2593 2666 voluntatis
2617 2609 2872 2664 faetrltate
2896 2609 3159 2679 praeditus
3205 2617 3342 2663 erat.

506 2792 616 2844 Καὶ
654 2791 880 2862 ἑτέρωθι
915 2791 1097 2846 πάλιν·
1139 2790 1430 2846 Κάκεῖθεν
1459 2791 1828 2857 ἐξελθόντες,
1866 2806 2010 2859 παρ-

2182 2803 2389 2855 llursus
2420 2813 2638 2868 quoque
2661 2797 2770 2853 alio
2798 2797 2918 2852 loco
2953 2816 2965 2850 :
3002 2797 3069 2852 Et
3094 2798 3242 2851 illinc
3270 2798 3483 2868 egressi,
3508 2804 3688 2849 trans-

430 2881 791 2948 επορεύοντο
836 2879 934 2934 διὰ
972 2879 1081 2948 τῆς
1107 2882 1460 2947 Γαλιλαίας·
1499 2881 1600 2936 καὶ
1626 2883 1739 2936 οὐκ
1768 2880 2006 2950 ἢθελεν,

433 2970 538 3023 ἵνα
567 2987 657 3036 τις
685 2970 830 3038 γνῷ.
869 2970 1230 3042 Ὠμολόγηται
1263 2971 1414 3042 παρὰ
1444 2972 1661 3026 πάντων
1687 2973 1720 3043 ἡ
1751 2973 2011 3043 πόρευσις

435 3063 597 3131 φύσει
626 3063 724 3133 τῆς
751 3061 1193 3134 ἀνθρωπὸτητος,
1226 3063 1303 3127 ὼς
1335 3063 1571 3135 εἴρηται,
1605 3059 1747 3117 εἶναι
1772 3063 1866 3116 τοῦ
1895 3065 2012 3117 Κυ-

439 3152 579 3223 ρίου,
621 3153 739 3205 ἀλλ⁹
769 3153 830 3206 οὐ
867 3153 966 3222 τῆς
1005 3155 1171 3206 αὑτοῦ
1201 3154 1473 3226 θεότητος·
1505 3156 1553 3207 εί
1603 3155 1661 3208 δὲ
1703 3155 1825 3208 καθ’
1856 3155 1884 3208 6
1922 3156 2014 3210 ἄν·

435 3241 676 3311 θρωπος,
709 3242 824 3296 ἀλλ’
863 3243 924 3296 οὐ
970 3243 1093 3297 καθ’
1119 3244 1147 3296 6
1171 3244 1303 3309 Θεὸς
1335 3245 1518 3314 φύσει,
1543 3245 1753 3316 προσῆν
1792 3245 1941 3316 αὑτῷ
1975 3248 2010 3316 ή

435 3333 719 3403 πόρευσις·
755 3333 862 3405 ἄρα
894 3334 991 3388 καὶ
1023 3335 1147 3389 καθ’
1181 3335 1210 3388 6
1239 3335 1528 3406 ἄνθρωπος
1560 3339 2015 3408 παραπορευόμε-

434 3442 526 3488 νος
559 3427 698 3498 μετὰ
723 3427 830 3480 τῶν
857 3427 1140 3498 μαθητῶν,
1167 3428 1267 3481 οὐκ
1295 3427 1486 3498 ἢθελεν
1519 3429 1606 3481 ἵνα
1633 3446 1718 3492 τις
1751 3428 1866 3499 γνῷ
1888 3443 1904 3460 ⁸
1922 3429 2016 3482 καὶ

437 3515 723 3584 θελητικὺς
749 3511 817 3587 ἦν
847 3518 874 3569 6
899 3516 1061 3578 αὐτὸς
1083 3517 1177 3568 καὶ
1203 3516 1326 3569 καθ’
1359 3517 1386 3570 6
1421 3516 1728 3588 ἅνθρωπος.

509 3608 621 3662 Καὶ
648 3607 878 3679 ἑτέρωθι
904 3608 1088 3662 πάλιν·
1124 3607 1411 3664 Κάκεῖθεν
1444 3610 1710 3676 ἀναστὰς
1742 3608 2018 3676 ἀπῆλθεν

435 3699 526 3760 εις
554 3699 627 3752 τὰ
663 3698 793 3767 ὅρια
826 3700 1012 3767 Τύρου
1035 3699 1132 3753 καὶ
1166 3699 1446 3766 Σιδῶνος.
1479 3699 1589 3755 Kal
1613 3701 1907 3756 εἰσελθὼν
1929 3705 2019 3768 είς

437 3788 657 3852 οὶκίαν,
699 3787 922 3842 οὐδένα
946 3789 1126 3857 ἤθελε
1158 3786 1399 3858 γνῶναι*
1444 3789 1545 3842 καὶ
1586 3792 1697 3843 οὐκ
1744 3789 2018 3859 ἠδυνήθη

436 3879 666 3934 λαθεῖν.
696 3879 763 3933 El
781 3877 904 3932 καθ’
941 3878 971 3930 6
991 3878 1123 3942 Θεὸς
1145 3881 1172 3932 6
1195 3879 1427 3950 Χριστὸς
1449 3879 1675 3949 δύναμις
1689 3877 1756 3950 ἦν
1783 3879 2019 3935 abeund-

439 3984 652 4030 στατος·
707 3968 827 4019 καθ’
879 3968 908 4021 6
955 3969 1014 4022 δὲ
1073 3968 1382 4040 ἄνθρωπος,
1441 3969 1717 4022 ἀσθένεια·
1785 3971 1857 4022 El
1910 3970 2020 4037 γὰρ

438 4059 538 4112 καὶ
561 4057 933 4126 ἐσταυρώθη,
964 4060 1172 4130 φησὶνὸ
1196 4059 1340 4124 θεῖος
1378 4059 1721 4124 Ἄπόστολος,
1750 4059 1821 4124 ἐξ
1843 4059 2023 4114 ἀσθε-

2109 2887 2255 2941 ibant
2287 2903 2381 2956 per
2407 2885 2722 2952 Galilwam;
2779 2896 2827 2940 et
2881 2903 2984 2940 non
3038 2886 3248 2940 volebat
3297 2895 3354 2940 ut
3409 2887 3691 2956 quisquam

2109 2979 2262 3031 sciret
2289 2982 2329 3031 δ.
2358 2976 2626 3032 Olnnibus
2654 2985 2868 3031 certum
2900 2984 2984 3031 est
3023 2978 3129 3030 iter
3148 2983 3343 3030 natura
3374 2973 3691 3029 humanita-

2113 3070 2183 3124 tis
2217 3069 2444 3133 Christi,
2465 3067 2544 3122 uti
2568 3068 2778 3122 dictum
2801 3073 2904 3132 est,
2938 3082 3048 3120 non
3073 3067 3193 3136 ejus
3220 3063 3523 3120 divinitatis
3551 3074 3692 3118 esse.

2113 3159 2210 3214 Sin
2234 3167 2416 3213 autem
2447 3157 2524 3212 illi
2547 3165 2816 3227 quatenus
2849 3155 3035 3221 homo,
3069 3158 3247 3213 inerat
3277 3155 3492 3210 itineris
3516 3153 3696 3216 ratio;
3736 3211 3753 3225 _

2113 3248 2304 3318 utique
2331 3247 2502 3302 etiam
2525 3255 2801 3316 quatenus
2829 3246 2994 3301 homo
3036 3261 3162 3300 cum
3192 3242 3480 3314 discipulis
3512 3251 3696 3297 trans-

2116 3339 2235 3394 iens
2285 3339 2500 3409 iterque
2537 3337 2766 3403 habens,
2813 3338 3032 3392 nolebat
3071 3345 3131 3392 ut
3165 3338 3452 3407 quisquam
3502 3335 3696 3390 sciret:

2115 3438 2279 3499 atque
2336 3429 2473 3483 adeo
2509 3428 2676 3483 etiam
2726 3437 2789 3482 ut
2849 3428 3016 3482 homo
3078 3427 3338 3483 facultate
3401 3423 3692 3482 voluntatis

2117 3517 2385 3588 pra-ditus
2426 3525 2566 3571 erat.

2185 3607 2320 3662 [tem
2354 3608 2490 3662 alias
2525 3624 2538 3661 :
2569 3607 2638 3662 Et
2660 3609 2783 3662 inde
2815 3625 3036 3679 surgens
3072 3608 3199 3661 abiit
3224 3607 3277 3660 in
3311 3605 3446 3675 ﬁnes
3479 3605 3602 3676 Tyri
3652 3615 3698 3658 et

2118 3697 2350 3753 Sidonis.
2376 3698 2448 3752 Et
2477 3701 2744 3767 ingressus
2776 3699 3012 3764 domum,
3047 3700 3308 3752 neminem
3329 3699 3463 3751 seire
3487 3698 3649 3752 voluit
3683 3712 3700 3748 :

2120 3796 2290 3840 etnon
2320 3787 2490 3854 potuit
2516 3786 2685 3841 latere
2713 3785 2754 3839 ³.
2773 3787 3057 3857 Siquidem
3084 3786 3410 3842 Christusin
3434 3795 3698 3857 quantum

2119 3878 2266 3932 Deus
2293 3886 2413 3933 erat
2440 3879 2628 3932 Virtus
2677 3879 2792 3948 ipsa
2833 3894 2961 3933 vere
2989 3880 3290 3945 exsistens;
3347 3880 3401 3933 in
3433 3888 3698 3949 quantum

2121 3977 2304 4022 autem
2335 3969 2535 4035 homo,
2579 3968 2889 4024 inﬁrmitas.
2924 3970 3041 4024 Etsi
3063 3971 3233 4036 enim,
3269 3971 3450 4041 inquit
3482 3971 3698 4024 divinus

2123 4058 2439 4128 Apostolus,
2467 4058 2750 4127 cruciﬁxus
2785 4068 2861 4113 est
2891 4077 2954 4113 ea;
2980 4060 3315 4128 inﬁrmitate,
3350 4061 3444 4115 sed
3472 4062 3594 4115 vivit
3640 4077 3698 4114 ea

438 4150 624 4215 νείας,
677 4152 839 4204 ἀλλὰ
872 4149 940 4220 ζῇ
991 4153 1060 4204 ἐκ
1085 4151 1394 4221 δυνάμεως
1442 4151 1628 4206 Θεοῦ·
1672 4153 1780 4221 ἄρα
1829 4152 1950 4205 καθ’
1991 4152 2010 4204 ἒ

2122 4152 2315 4204 virtute
2371 4149 2466 4204 Dei
2485 4153 2507 4184 ⁸
2532 4167 2546 4216 ;
2575 4152 2736 4220 plane
2761 4160 3034 4221 quatenus
3067 4152 3255 4216 homo,
3287 4167 3399 4206 non
3451 4159 3510 4205 ut
3561 4153 3701 4207 Deus

437 4240 746 4310 ἄνθρωπος,
779 4241 875 4294 καὶ
904 4242 966 4295 οὐ
1008 4242 1132 4296 καθ’
1166 4243 1194 4295 6
1221 4244 1375 4308 Θεὸς,
1411 4243 1669 4296 εἰσελθὼν
1703 4246 1780 4308 είς
1818 4243 2016 4310 οἰκίαν,

438 4329 540 4381 οὐκ
578 4329 766 4399 ἤθελεν
818 4330 905 4383 ἵνα
953 4347 1037 4392 τις
1083 4331 1218 4401 γνῷ·
1249 4333 1341 4384 καὶ
1393 4333 1493 4384 οὐκ
1538 4332 1776 4403 ἠδυνήθη
1812 4333 2017 4388 λαθεῖνο

442 4421 538 4471 καὶ
576 4420 860 4489 θελητικὸς
890 4416 960 4491 ἧν
986 4423 1014 4474 6
1044 4421 1230 4486 αὐτὸς,
1268 4423 1362 4473 καὶ
1401 4421 1524 4474 καθ’
1549 4421 1578 4474 6
1605 4421 1914 4490 ἄνθρωπος.

511 4511 624 4563 Kal
651 4510 888 4581 ἀλλαχοῦ
919 4527 1072 4581 φησι·
1103 4513 1241 4580 Περὶ
1276 4511 1566 4579 τετάρτην
1595 4513 1882 4581 φυλακὴν
1909 4513 2020 4582 τῆς

438 4600 661 4666 νυκτὸς
688 4599 924 4668 ἔρχεται
950 4603 1100 4668 πρὸς
1140 4602 1384 4667 αὐτοὺς,
1409 4602 1751 4671 περιπατῶν
1774 4605 1872 4657 ἐπὶ
1907 4605 2014 4672 τῆς

439 4688 781 4756 θαλάσσης·
819 4689 918 4742 καὶ
966 4689 1150 4758 ἤθελε
1191 4693 1515 4760 παρελθεῖν
1539 4693 1782 4759 αὐτούς.
1827 4695 1888 4746 El
1920 4696 2017 4764 μὲν

439 4782 564 4834 καθ’
592 4783 620 4834 6
650 4781 803 4848 Θεὸς,
837 4783 993 4836 τοῦτό
1022 4801 1106 4846 τις
1137 4785 1268 4854 περὶ
1300 4785 1465 4839 αὑτοῦ
1505 4785 1753 4856 εἰρῆσθαι
1787 4786 2015 4858 ὲκλάὸῃ,

441 4871 642 4941 πέρασι
678 4874 1035 4941 σωματικοῖς,
1068 4871 1144 4942 τῷ
1170 4873 1281 4926 ἄνω
1311 4873 1475 4943 φημὶ,
1511 4873 1605 4926 καὶ
1633 4872 1710 4943 τῷ
1738 4875 1902 4927 κάτω·
1939 4873 2017 4945 τῷ

439 4960 752 5031 ἔμπροσθεν
787 4962 882 5015 καὶ
923 4961 1002 5033 τῷ
1035 4963 1231 5016 ὀπίσω·
1271 4961 1348 5032 τῷ
1380 4961 1530 5028 δεξιὰ
1559 4964 1656 5018 καὶ
1688 4964 1766 5033 τῷ
1797 4966 2016 5035 ἀριστε-

449 5054 518 5123 ρὰ
539 5053 840 5122 διαλῆφθαι
864 5055 964 5124 τὴν
999 5054 1229 5124 Θεότητα
1262 5054 1445 5123 λέγειν
1498 5056 2007 5127 ἀναγκασθήσεται.

447 5145 510 5196 Et
537 5144 594 5197 δὲ
621 5145 746 5198 καθ’
777 5145 806 5199 6
855 5145 1141 5215 ἄνθρωπος
1178 5144 1350 5200 ταῦτα
1377 5145 1631 5215 εἰρῆσθαι
1657 5150 1786 5217 περὶ
1843 5146 2008 5200 αὑτοῦ

446 5232 615 5302 λέγει’
645 5234 754 5307 ἄρα
783 5235 1062 5307 θελητικὸς
1086 5231 1154 5308 ἦν
1182 5235 1209 5286 6
1237 5237 1399 5300 αὐτὸς
1448 5239 1546 5291 καὶ
1597 5239 1718 5295 καθ’
1745 5238 1774 5293 6
1797 5239 2011 5309 ἄνθρω-

449 5342 565 5389 πος.

518 5418 625 5472 Καὶ
655 5419 888 5490 ἀλλαχοῦ
922 5438 1076 5494 φησι·
1129 5423 1238 5477 Kal
1287 5422 1638 5491 προσῆλθον
1670 5427 1726 5478 οι
1752 5427 2012 5493 μαθηται

445 5509 652 5574 αὐτοῦ,
689 5512 972 5581 λέγοντες
1000 5513 1176 5580 αὐτῷ’
1243 5515 1364 5568 Ποῦ
1395 5514 1610 5580 θέλεις,
1645 5515 2007 5581 ἀπελθόντες

443 5599 844 5674 ἐτοιμάσομέν
876 5621 976 5660 σοι
1000 5608 1064 5660 τὸ
1099 5607 1315 5677 Πάσχα
1339 5608 1592 5677 sparsae;
1647 5608 1764 5679 Εἰή
1801 5606 2004 5677 βρῶσις

523 5740 538 5770 ¹
565 5739 724 5794 Joan.
760 5757 892 5806 xvn,
927 5742 1018 5796 ‘24.
1133 5745 1152 5773 ¹
1184 5743 1370 5799 Matth.
1404 5760 1568 5807 xxvn,
1602 5745 1690 5797 33.

447 5825 565 5880 xui,
601 5810 651 5868 4,
755 5812 772 5842 ⁷
803 5812 966 5871 Marc.
1001 5828 1073 5883 vt,
1109 5814 1195 5873 48.
1276 5819 1296 5848 ⁸
1326 5819 1458 5873 Luc.
1496 5832 1628 5878 χχιι,
1661 5816 1714 5874 8.

1793 5745 1814 5776 ³
1843 5742 2000 5805 Joan.
2034 5757 2130 5816 Vn,
2165 5744 2219 5803 4.

2121 4250 2242 4297 erat
2274 4243 2559 4313 ingressus
2612 4243 2667 4297 in
2717 4243 2964 4308 domum,
3009 4244 3288 4299 neminem
3319 4245 3461 4299 scire
3509 4245 3702 4309 voluit,

2120 4341 2178 4388 et
2213 4349 2324 4387 non
2349 4335 2530 4403 potuit
2560 4335 2732 4389 latere
2768 4351 2782 4387 :
2823 4344 2988 4404 atque
3018 4334 3158 4388 adeo
3183 4336 3354 4389 etiam
3404 4343 3472 4390 ut
3515 4335 3702 4400 homo,

2119 4425 2424 4479 voluntatis
2453 4425 2711 4480 facultate
2747 4427 3010 4495 praeditus
3041 4425 3168 4480 fuit.

2188 4515 2257 4570 Et
2278 4515 2409 4569 alibi
2445 4516 2579 4570 dicit
2604 4534 2616 4568 :
2641 4515 2796 4572 Circa
2821 4527 3072 4588 quartam
3098 4517 3335 4588 vigiliam
3382 4519 3547 4572 noctis
3569 4518 3702 4571 venit

2121 4605 2192 4658 ad
2214 4621 2320 4670 eos,
2347 4604 2626 4669 ambulans
2647 4623 2811 4675 supra
2831 4623 2977 4659 mare
3002 4621 3021 4659 :
3059 4614 3109 4658 et
3137 4606 3341 4659 volebat
3375 4610 3702 4676 pertransire

2123 4711 2230 4751 eos.
2253 4701 2272 4733 ⁷
2334 4695 2392 4751 Si
2431 4696 2557 4764 quis
2597 4696 2704 4750 hoc
2729 4695 2796 4750 de
2830 4696 2944 4760 illo,
2977 4711 3084 4765 qua
3122 4697 3334 4752 ratione
3381 4699 3525 4752 Deus
3563 4708 3703 4764 erat,

2123 4784 2332 4838 dictum
2363 4786 2662 4854 acceperit,
2687 4801 2914 4841 necesse
2949 4786 3177 4841 habebit
3197 4798 3256 4842 ut
3287 4789 3547 4844 deitatem
3579 4806 3702 4844 cor-

2123 4874 2408 4944 poralibus
2443 4877 2715 4942 terminis,
2740 4891 2962 4930 sursum
2988 4887 3153 4946 atque
3177 4878 3461 4943 deorsum,
3492 4891 3620 4935 ante
3650 4890 3700 4936 et

2125 4975 2296 5028 retro,
2325 4968 2675 5024 dextrorsum
2715 4984 2782 5024 ac
2824 4968 3206 5023 sinistrorsum
3246 4969 3700 5038 comprehensam

2119 5061 2283 5116 dicat.
2313 5059 2467 5126 Quod
2507 5059 2552 5116 si
2581 5060 2646 5114 de
2673 5058 2766 5113 illo
2801 5066 3075 5128 quatenus
3110 5057 3274 5115 homo
3307 5069 3451 5126 erat,
3483 5060 3688 5116 dictum

2118 5152 2264 5217 velit,
2297 5166 2428 5221 ergo
2464 5150 2603 5206 idem
2645 5158 2702 5205 ut
2738 5150 2899 5205 homo
2937 5149 3188 5206 facultate
3218 5151 3510 5206 voluntatis
3544 5167 3686 5222 pra:-

2119 5242 2266 5299 ditus
2299 5242 2418 5297 fuit.

2188 5425 2310 5478 Alio
2363 5425 2494 5479 item
2544 5400 2663 5480 loco
2715 5441 2730 5481 :
2776 5422 2848 5478 Et
2901 5433 3229 5480 accusarunt
3277 5423 3520 5494 discipuli
3569 5426 3685 5493 ejus

2121 5514 2347 5569 dicentes
2383 5517 2430 5568 ei
2459 5528 2478 5567 :
2510 5513 2606 5570 Ubi
2654 5517 2730 5571 vis
2782 5531 2984 5582 eamus,
3017 5525 3064 5568 et
3094 5530 3332 5567 caremus
3383 5515 3477 5567 tibi
3527 5532 3684 5573 man-

2117 5610 2312 5662 ducare
2369 5607 2618 5662 Pascha?
2656 5607 2791 5663 Cum
2843 5607 3050 5660 Pascha
3113 5605 3444 5666 ntandtlcnre
3491 5627 3683 5666 eorum

2320 5744 2342 5776 ⁸
2368 5743 2531 5799 Marc.
2582 5759 2656 5804 rx.
2683 5741 2774 5802 ‘29.
2871 5742 2892 5771 ³
2920 5741 3084 5802 Marc.
3126 5763 3221 5814 vn,
3253 5747 3342 5802 2i.
3421 5751 3442 5780 ⁸
3471 5748 3516 5803 ll
3549 5747 3679 5805 Cor.
