4082 6402
411 369 545 434 1H3

1645 370 2029 432 EUTEIYMII
2068 372 2418 436 ZIGABENI

3516 373 3649 440 illi

412 487 510 546 sit,
549 487 636 556 qui
673 486 772 541 sub
799 486 918 556 lege
950 495 1143 552 erant;
1179 485 1460 556 iactusque
1487 487 1557 542 sit
1589 487 1852 550 Dominus
1877 488 1979 543 sub

2089 488 2183 541 τοῦ
2228 490 2420 558 Πάσχα
2443 488 2548 542 τῶν
2585 487 2691 542 ὑπὸ
2715 487 2878 559 νόμον
2906 488 3044 542 ἐστί’
3096 488 3285 557 γέγονε
3312 489 3370 543 δὲ
3389 491 3417 543 6
3449 493 3650 560 Κύριος

407 574 843 645 lege‘,quateuus
883 577 1068 640 homo,
1141 593 1244 632 non
1306 586 1571 646 quatenus
1625 578 1764 634 Deus
1820 589 1976 640 erat;

409 681 541 738 ergo
561 678 617 722 ut
642 669 803 724 homo
821 670 1007 724 volens
1040 670 1275 724 comedit
1294 671 1522 733 Pascha,
1539 671 1789 738 idemque
1815 671 1978 725 etiam

416 767 475 812 ut
504 757 668 814 homo
699 760 954 816 facultate
979 762 1274 816 voluntatis
1321 761 1582 830 praeditus
1610 769 1744 818 erat.

1039 848 1123 904 Ea:
1165 853 1369 906 eadem.
1623 885 1654 920 χ

484 940 735 1010 Magnum
766 956 896 997 vero
929 941 1146 1012 Moysen
1171 943 1226 998 in
1253 943 1786 1006 hominiscreatione
1811 944 1976 1000 Deum

412 1033 781 1098 introducere,
843 1033 1116 1102 dicentem
1172 1054 1188 1091 :
1257 1035 1546 1094 Faciamus
1601 1039 1863 1092 hominem
1911 1040 1980 1093 ad

410 1126 698 1196 imaginem
734 1136 968 1193 nostram
993 1138 1040 1182 et
1069 1129 1468 1191 similitudinem
1489 1132 1546 1186 ’ς
1578 1129 1856 1199 Siquidem
1883 1132 1982 1202 igi-

411 1224 500 1270 tur
534 1217 698 1274 homo
729 1218 907 1290 imago
942 1228 1025 1276 est
1049 1219 1250 1276 divinae
1281 1231 1487 1283 naturae
1516 1237 1535 1288 ;
1564 1233 1756 1278 natura
1795 1234 1978 1284 autem
2012 1242 2020 1250 ·

407 1307 594 1363 divina
662 1309 850 1374 liberae
917 1311 1202 1379 potestatis
1262 1321 1391 1380 est;
1447 1313 1617 1382 igitur
1671 1323 1726 1370 et
1779 1313 1976 1383 imago,

407 1401 452 1455 si
477 1401 640 1482 modo
669 1401 1082 1466 similitudinem
1129 1417 1254 1458 cum
1305 1405 1602 1477 archetypo
1664 1415 1864 1474 servet,
1915 1405 1982 1462 li-

409 1493 552 1548 berae
575 1502 773 1552 natura
795 1495 1080 1565 potestatis
1107 1506 1209 1560 est.
1240 1495 1398 1563 Quod
1432 1497 1478 1552 si
1515 1497 1590 1551 ita
1621 1507 1726 1564 est,
1747 1497 1975 1555 iactum-

409 1597 516 1653 qne
545 1592 631 1649 est
660 1593 854 1649 natura
874 1587 1252 1660 archetypum,
1273 1588 1436 1644 etiam
1501 1598 1696 1644 natura
1761 1589 1975 1660 imago;

407 1689 538 1745 ergo
567 1675 710 1742 idem
737 1677 1042 1740 secundum
1071 1678 1262 1738 ambas
1308 1694 1438 1735 suas
1484 1689 1731 1748 naturas,
1789 1682 1982 1739 volun-

2083 582 2204 634 καθ’
2243 582 2270 634 6
2304 581 2614 651 ἄνθρωπος,
2656 582 2754 637 καὶ
2811 582 2872 634 o6
2921 581 3092 638 xa0'6
3121 583 3276 648 Θεὸς,
3313 583 3417 636 ὑπὸ
3459 585 3648 656 νόμον·

2082 673 2191 741 ἄρα
2226 674 2356 726 καθ’
2387 674 2415 726 ὃ
2445 672 2734 743 ἄνθρωπος
2753 673 2923 727 θέλων
2960 674 3133 742 ἔφαγε
3191 673 3252 730 τὸ
3284 675 3498 745 Πάσχα,
3552 675 3648 730 καὶ

2083 764 2364 836 θελητικὸς
2387 760 2456 838 ἦν
2482 767 2510 820 6
2537 766 2700 829 αὐτὸς
2726 767 2819 821 καὶ
2839 765 2962 821 καθ’
2995 766 3025 819 ὃ
3059 766 3363 838 ἄνθρωπος.

2640 858 2733 917 Ἐκ
2766 857 2877 924 τῆς
2903 857 3108 927 αὐτῆς.

2163 949 2222 1003 '0
2274 951 2445 1020 μέγας
2481 950 2539 1005 δὲ
2567 951 2811 1028 Μῳῠσης
2859 951 2918 1009 ἐν
2945 954 3013 1022 τῇ
3062 951 3158 1012 τοῦ
3203 950 3498 1022 ἀνθρώπου
3554 970 3650 1022 τε·

2085 1047 2230 1097 νέσει
2261 1045 2351 1096 τὸν
2385 1044 2519 1096 Θεὸν
2548 1043 2762 1110 εἰσάγει
2821 1043 3071 1110 λέγοντα·
3131 1043 3489 1114 Ποιήσωμεν
3544 1045 3651 1099 ἆν-

2086 1141 2325 1205 θρωπον
2382 1135 2512 1190 κατ’
2548 1137 2756 1190 εἰκόνα
2791 1134 3240 1204 ἡμετέρανιακαὶ
3293 1135 3654 1206 καθ’όμοίω·

2081 1245 2204 1285 σιν.
2261 1230 2322 1283 Εί
2357 1229 2452 1282 οὖν
2503 1228 2669 1292 εἰκὼν
2719 1229 2747 1282 6
2801 1229 3091 1297 ἄνθρωπος
3169 1229 3270 1298 τῆς
3323 1229 3476 1292 θείας
3534 1229 3642 1299 φύ-

2083 1340 2239 1388 σεως·
2294 1323 2650 1388 αὕτεξούσιος
2696 1323 2754 1376 δὲ
2801 1324 2834 1394 ἡ
2883 1322 3006 1375 θεία
3059 1323 3247 1392 φύσις⁴
3295 1323 3404 1392 ἄρα
3467 1325 3562 1380 καὶ
3614 1325 3650 1394 ἠ

2081 1415 2265 1476 εἰκών·
2296 1415 2453 1485 ειπερ
2516 1415 2618 1486 τὴν
2669 1413 2808 1484 πρὸς
2840 1414 2900 1474 τὸ
2929 1414 3239 1485 ἀρχέτυπον
3265 1414 3429 1479 σώζει
3452 1415 3655 1484 ὁμοίως

2083 1523 2187 1572 σιν,
2258 1506 2605 1571 αὐτεξούσιος
2675 1506 2836 1576 φύσει
2923 1506 3201 1576 τυγχάνει.
3263 1505 3328 1559 Εί
3380 1505 3438 1560 6t
3469 1506 3652 1570 τοῦτο,

2081 1597 2273 1667 γέγονε
2302 1597 2360 1651 δὲ
2405 1596 2467 1650 τὸ
2513 1595 2674 1665 φύσει
2721 1597 3029 1668 ἀρχέτυπον
3087 1595 3184 1652 καὶ
3237 1594 3406 1648 εἰκὼν
3461 1595 3648 1665 φύσει,

2084 1687 2194 1756 ἆρα
2219 1687 2342 1740 κατ’
2363 1687 2531 1756 ἄμφω
2559 1686 2656 1749 τὰς
2702 1685 2868 1749 αὑτοῦ
2924 1686 3116 1755 φύσεις
3147 1686 3434 1752 θελητικὺς
3481 1685 3652 1754 φύσει

407 1766 539 1833 tatis
573 1765 830 1832 facultate
870 1779 1061 1824 natura
1096 1769 1356 1840 praeditus
1387 1780 1527 1827 erat.
1565 1774 1708 1828 Ante
1731 1775 1876 1840 enim
1909 1789 1976 1830 ex

2086 1778 2332 1848 ὑπῆρχεν
2405 1779 2434 1831 6
2493 1778 2692 1840 αὐτός.
2753 1777 3166 1849 Προαπεδείχθη
3226 1777 3334 1848 γὰρ
3407 1779 3473 1832 ὲκ
3540 1778 3653 1832 τῶν

407 1856 672 1924 Patribus
692 1866 974 1927 ostensum
999 1868 1104 1924 est,
1154 1873 1276 1914 esse
1330 1860 1688 1932 voluntatem,
1748 1864 1975 1920 liberam

2095 1842 2377 1938 Ματέρων,
2431 1872 2493 1928 τὸ
2513 1866 2725 1938 θέλημα
2769 1842 2910 1922 εἶναι
2946 1842 3425 1939 signasti-«966w.
3457 1867 3653 1935 αὐτεξ-

405 1962 615 2003 natura:
651 1959 999 2018 potestatem.

479 2039 577 2109 Est
623 2049 805 2108 autem
856 2042 1139 2104 sciendum
1196 2045 1422 2101 liberam
1476 2053 1835 2116 potestatem,
1880 2062 1976 2103 seu

394 2130 632 2199 liberum
691 2130 984 2196 arbitri-um
1034 2132 1555 2203 (αὐτεξουσιότητα)
1611 2148 1804 2191 eorum
1863 2148 1987 2191 esse

401 2238 524 2292 quas
549 2237 661 2284 non
693 2237 804 2276 uno
832 2221 998 2276 modo
1026 2223 1307 2288 dicuntur,
1333 2232 1394 2279 ut
1418 2231 1474 2279 et
1500 2231 1753 2278 naturam
1786 2242 1800 2279 :
1827 2225 1987 2282 aliter

399 2310 551 2378 enim
587 2309 643 2362 in
677 2310 812 2376 Deo,
840 2310 1002 2365 aliter
1029 2311 1083 2364 in
1119 2311 1349 2382 angelis,
1373 2319 1430 2366 et
1461 2311 1625 2368 aliter
1654 2312 1708 2374 in
1743 2313 1984 2374 homini-

400 2399 509 2456 bus
543 2399 804 2474 sumitur.
838 2400 901 2455 In
943 2401 1056 2471 Deo
1095 2401 1315 2472 quidem
1358 2403 1981 2472 supersubstantialiter.

399 2489 462 2544 In
508 2488 717 2563 angelis
761 2497 977 2562 autem,
1014 2490 1164 2546 velut
1206 2499 1574 2546 concurrente
1621 2505 1747 2545 cum
1794 2490 1985 2553 habitu

398 2581 788 2652 aggressione,
857 2581 1009 2644 nulla
1074 2581 1299 2652 penitus
1367 2581 1662 2652 intcrjecta
1722 2579 1986 2649 temporis

402 2686 557 2725 mora
594 2689 609 2725 :
645 2671 701 2726 in
737 2670 1057 2726 hominibus
1087 2681 1273 2725 autem
1297 2711 1311 2734 ,
1345 2681 1408 2726 ut
1437 2672 1492 2725 in
1526 2669 1730 2739 quibus
1762 2669 1985 2724 habitus

402 2771 656 2838 tempore
691 2761 1027 2832 aggressioni
1061 2761 1537 2832 praeintelligatur.
1562 2760 1844 2830 Siquidem
1883 2759 1982 2830 igi-

403 2861 498 2908 tur
530 2851 776 2908 Adamus
809 2851 1003 2906 volens
1039 2866 1204 2907 aures
1241 2850 1481 2922 praebuit
1515 2850 1582 2906 ad
1622 2849 1980 2914 audiendum,

394 2939 698 3010 volensque
730 2941 964 3012 aspexit,
993 2956 1057 3016 ac
1086 2941 1366 2995 voluntate
1396 2940 1537 2994 duce
1565 2938 1840 3011 comedit;
1877 2939 1982 3010 igi-

399 3038 490 3084 tur
523 3031 778 3087 voluntas
814 3041 899 3088 est
936 3047 1058 3103 quae
1097 3032 1273 3102 prima
1315 3030 1536 3086 crimini
1576 3029 1813 3085 obnoxia
1855 3029 1980 3086 fuit.

2084 1960 2400 2029 ουσιότητα.

2159 2053 2248 2106 Δεῖ
2274 2050 2330 2102 δὲ
2388 2050 2587 2104 ειδέναι
2613 2049 2690 2114 ὥς
2718 2049 2754 2120 ἡ
2779 2047 3198 2118 αὑτεξουσιότης
3232 2045 3540 2120 ὁμωνύμως
3568 2047 3657 2100 λι-

2084 2152 2241 2205 γεται
2276 2138 2394 2206 μὲν..
2429 2137 2620 2209 ὥσπερ
2659 2141 2755 2192 καὶ
2787 2139 2820 2209 ἡ
2863 2138 3052 2208 φύσις·
3081 2139 3259 2202 ἄλλως
3305 2138 3364 2192 δὲ
3405 2139 3502 2192 ἐπὶ
3529 2139 3662 2193 Θεοῦ

2084 2226 2444 2296 λαμϐάνεται,
2481 2230 2577 2282 καὶ
2609 2229 2788 2294 ἄλλως
2813 2229 2911 2283 ἐπὶ
2939 2230 3216 2298 ἀγγέλων,
3247 2230 3344 2283 καὶ
3372 2230 3553 2294 ἄλλως
3580 2229 3674 2284 ἐπὶ

2083 2316 2412 2388 ἀνθρώπων.
2462 2320 2586 2378 Ἐπὶ
2635 2321 2738 2392 μὲν
2785 2320 2922 2375 Θεοῦ
2957 2321 3328 2393 ὑπερουσίωςο
3359 2322 3452 2376 ἐπὶ
3478 2323 3535 2376 δὲ
3568 2323 3661 2390 ἀγ·

2081 2409 2277 2476 γέλων,
2312 2410 2390 2472 ὡς
2425 2412 2831 2484 συντρεχούσης
2858 2417 2924 2484 τῇ
2951 2413 3062 2478 ἔξει
3089 2415 3191 2484 τῆς
3230 2417 3664 2486 προχειρήσεως,

2082 2499 2179 2552 καὶ
2225 2499 2579 2572 παρενθήκην
2625 2503 2765 2566 ὅλως
2815 2503 3010 2574 χρόνον
3071 2502 3148 2574 μὴ
3188 2503 3664 2572 παραδεχομένης·

2083 2590 2176 2644 ἐπὶ
2204 2590 2261 2644 δὲ
2293 2590 2632 2661 ἀνθρώπων,
2667 2594 2745 2656 ὡς
2782 2595 3051 2663 χρονικῶς
3091 2595 3192 2663 τῆς
3227 2593 3393 2659 ἕξεως
3428 2595 3649 2646 ὲπινοου

2087 2679 2256 2750 μένης
2283 2682 2384 2753 τῆς
2428 2687 2863 2755 προχειρήσεως.
2926 2686 2990 2738 Et
3052 2685 3164 2756 γὰρ
3207 2685 3378 2738 θέλων
3426 2685 3456 2737 6
3500 2684 3665 2753 Ἀδὰμ

2084 2771 2358 2842 ὑπήκουσε
2395 2809 2410 2835 ,
2507 2774 2600 2829 καὶ
2629 2775 2800 2829 θέλων
2830 2775 3132 2847 ἐθεώρησε,
3153 2776 3244 2830 καὶ
3272 2776 3507 2847 θελήσας
3540 2775 3666 2845 ἔφα·

2082 2877 2201 2929 γεν·
2237 2863 2350 2934 ἄρα
2386 2865 2764 2936 πρωτοπαθὴς
2786 2867 2844 2920 ὲν
2865 2868 2998 2936 ἡμῖν
3023 2869 3055 2936 ή
3093 2866 3328 2937 θέλησις.
3349 2867 3413 2918 Εἰ
3430 2867 3488 2919 δὲ
3518 2882 3666 2936 πρω-

2080 2951 2323 3023 τοπαθὴς
2348 2955 2406 3006 ἐν
2429 2955 2562 3025 ἡμῖν
2587 2956 2619 3026 ἡ
2659 2954 2900 3027 θέλησις,
2929 2955 3137 3027 ταύτην
3165 2956 3221 3009 δὲ
3260 2957 3401 3026 μετὰ
3438 2956 3539 3025 τῆς
3567 2955 3668 3022 φύ-

2083 3057 2224 3103 σεως
2253 3044 2373 3096 κατ’
2398 3045 2600 3109 αὐτοὺς
2625 3047 2689 3106 οὐ
2717 3046 3086 3116 προσείληφεν
3117 3049 3146 3100 6
3191 3047 3364 3115 Λόγος
3393 3045 3668 3116 ἑνανθρω-

397 3120 536 3192 Cum
571 3123 740 3196 igitur
766 3125 1023 3199 voluntas
1048 3123 1228 3195 prima
1255 3124 1310 3178 in
1340 3123 1500 3178 nobis
1523 3122 1701 3194 labem
1732 3122 1980 3190 incurre-

2086 3133 2284 3202 πήσαςσ
2316 3133 2417 3188 οὐκ
2446 3137 2556 3208 ἄρα
2587 3137 2698 3206 ἐγὼ
2732 3138 2902 3208 χωρὶς
2943 3138 3220 3209 ἁμαρτίας
3257 3139 3480 3206 γέγονα.
3517 3138 3579 3191 Ei
3611 3137 3668 3191 δὲ

319 3217 322 3220 ’
399 3214 494 3280 rit,
522 3229 647 3284 nec,
672 3224 734 3269 ut
765 3217 856 3272 isti
883 3221 1150 3286 sentiunt,
1176 3216 1414 3273 Verbum
1444 3217 1610 3282 homo
1632 3215 1836 3280 factum
1859 3229 1979 3274 eam

399 3307 787 3375 assumpserit,
818 3323 924 3363 nec
959 3322 1062 3378 ego
1101 3307 1332 3378 proinde
1369 3322 1399 3362 a
1437 3321 1524 3375 me
1561 3317 1846 3377 peccatum
1880 3321 1978 3372 ex-

2079 3221 2192 3288 ὲγὼ
2242 3226 2411 3294 χωρὶς
2449 3225 2725 3296 ἁμαρτίας
2767 3229 2829 3281 οὐ
2867 3228 3092 3297 γέγονα,
3132 3229 3234 3282 οὐκ
3277 3229 3398 3300 ἄρα
3432 3225 3668 3281 ἑσὼθτινο

2079 3315 2239 3382 εἰπερ
2264 3315 2325 3366 τὸ
2353 3315 2765 3387 ἀπρόοληπτον,
2797 3317 3205 3389 ἀθεράπευτον.
3529 3317 3533 3319 λ

393 3403 564 3460 cussi.
584 3403 745 3470 Quod
770 3404 816 3460 si
841 3415 1130 3475 peccatum
1149 3406 1381 3476 ejusque
1405 3405 1586 3464 labem
1645 3418 1760 3460 non
1815 3399 2056 3467 excussi,
2096 3417 2201 3458 nec
2243 3404 2480 3474 salutem
2520 3415 2856 3464 consecutus
2895 3425 3015 3465 sum
3062 3426 3078 3465 :
3123 3408 3570 3482 quandoquidem
3614 3413 3669 3471 id

394 3497 543 3566 quod
571 3512 682 3552 non
711 3506 794 3553 est
815 3505 1179 3565 assumptum,
1209 3512 1311 3551 nec
1335 3503 1589 3552 curatum
1619 3503 1722 3552 est.

471 3587 703 3654 Deinde,
729 3587 776 3644 si
805 3587 901 3643 Dei
933 3603 1076 3658 opus
1095 3598 1153 3642 et
1180 3589 1387 3647 factura
1419 3599 1501 3646 est
1533 3587 1718 3646 liberas
1742 3595 1981 3658 potesta-

397 3680 472 3736 tis
504 3693 721 3744 naturze
752 3680 1020 3747 facultas;
1061 3680 1205 3736 hanc
1238 3695 1394 3746 vero,
1427 3689 1492 3736 ut
1519 3681 1626 3752 ipsi
1659 3681 1977 3752 opinantur,

397 3771 638 3828 Verbum
677 3772 1020 3832 incarnatum
1051 3787 1176 3827 cum
1203 3783 1398 3827 natura
1425 3789 1524 3843 per
1549 3772 1810 3829 unionem
1843 3773 1980 3828 inef-

393 3865 617 3920 fabilem
657 3880 768 3921 non
808 3863 1137 3936 assumpsit,
1173 3871 1269 3919 aut
1313 3864 1446 3934 quia
1482 3878 1636 3919 suam
1679 3863 1975 3924 fabricam,

395 3967 652 4027 tanquam
690 3973 802 4016 non
842 3957 1066 4023 bonam,
1095 3957 1432 4027 improbans,
1460 3971 1491 4011 ιι
1519 3971 1580 4017 se
1609 3971 1730 4011 eam
1763 3956 1975 4026 reiecit,

394 4059 491 4106 aut
517 4050 646 4119 quia
671 4050 791 4120 ejus
817 4049 982 4104 nobis
1009 4048 1241 4103 salutem
1269 4047 1494 4113 invidit;
1525 4055 1641 4101 tum
1669 4061 1772 4102 nos
1800 4045 1979 4116 perfe-

393 4153 482 4197 cta
507 4143 687 4197 salute
717 4139 956 4212 [integra
981 4137 1294 4211 curatione]
1319 4139 1560 4208 privans,
1589 4147 1703 4193 tum
1734 4139 1977 4207 seipsum

395 4233 544 4289 haud
588 4249 622 4288 a
660 4232 796 4286 vitio
844 4233 1180 4296 immunem,
1216 4230 1363 4300 quod
1410 4239 1507 4284 aut
1553 4231 1692 4286 nolit
1737 4230 1978 4300 perfecte

393 4339 612 4389 sanare,
636 4330 731 4379 aut
754 4337 886 4376 vero
911 4338 1021 4376 non
1051 4321 1248 4392 possit,
1273 4331 1607 4376 monstrans.

2153 3596 2385 3650 Ἔπειτα
2413 3594 2490 3656 δὲ,
2525 3593 2574 3645 ει
2597 3591 2761 3663 ᾶργον
2795 3590 2959 3645 αὑτοῦ
3002 3593 3097 3644 καὶ
3137 3589 3360 3660 ποίημα
3391 3589 3424 3661 ἡ
3472 3584 3667 3651 αὺτεξ-
3752 3658 3761 3666 ⁸

2079 3686 2258 3748 ούσιος
2290 3685 2388 3754 τῆς
2430 3682 2646 3752 φύσεως
2780 3684 3014 3753 ὑπάρχει
3044 3681 3297 3753 δύναμις,
3329 3680 3532 3750 ταύτην
3559 3678 3614 3731 δὲ
3640 3680 3668 3732 6

2079 3773 2251 3840 Λόγος
2291 3772 2636 3844 σαρκωθεὶς,
2684 3774 2805 3826 κατ’
2853 3774 3052 3835 αὐτοὺς
3077 3814 3092 3836 ,
3130 3772 3270 3844 μετὰ
3311 3773 3411 3840 τῆς
3453 3771 3668 3841 φύσεως

2081 3865 2207 3918 καθ’
2233 3864 2430 3917 ἕνωσιν
2469 3863 2712 3934 ἄρρητον
2751 3864 2818 3919 οὐ,
2847 3863 3238 3935 προσείληφεν,
3281 3863 3318 3933 ἢ
3363 3862 3669 3930 καταγνοὺς

2079 3957 2178 4024 τῆς
2205 3954 2412 4018 οἰκείας
2440 3955 2826 4024 δημιουργίας,
2859 3955 2936 4018 ὡς
2979 3955 3041 4006 οὐ
3073 3954 3272 4025 καλῆς,
3303 3953 3508 4023 ταύτην
3541 3955 3669 4006 ἑαυ-

2081 4048 2176 4103 τοῦ
2209 4046 2606 4117 ἀπεπέμψατο*
2638 4044 2678 4116 ἢ.
2723 4045 3004 4117 φθονήσας
3041 4047 3176 4115 ἡμῖν
3214 4044 3322 4114 τῆς.
3351 4046 3475 4097 ιιαιιιἲ
3499 4041 3670 4112 αὐτὴν

2083 4141 2401 4211 θεραπείας,
2434 4140 2582 4210 ἡμᾶς
2639 4139 2738 4208 μὲν
2793 4138 2895 4208 τῆς
2947 4137 3200 4200 ἐντελοῦς
3347 4134 3670 4204 ἀποστερῶν

2085 4229 2395 4300 σωτηρίας,
2537 4228 2635 4281 καὶ
2668 4227 2864 4281 ἑαυτὸν
2913 4226 3021 4279 ὑπὸ
3063 4226 3235 4288 πάθος
3273 4226 3403 4279 ὄντα
3432 4225 3668 4290 δεικνὺς,

2084 4322 2163 4392 τῷ
2193 4323 2268 4392 μὴ
2298 4321 2497 4386 θέλειν,
2538 4319 2572 4391 ἢ
2599 4317 2679 4389 τῷ
2712 4318 2786 4390 μὴ
2811 4318 3074 4371 δύνασθαι
3102 4317 3326 4381 τελείως
3356 4317 3574 4380 σώζειν.

467 4416 594 4471 Haec
621 4415 844 4486 quidem
873 4415 1168 4478 hactenus,
1193 4423 1254 4468 ut
1279 4413 1427 4468 Deus
1454 4412 1692 4468 Verbum
1723 4413 1976 4467 incarna-

2159 4412 2345 4468 Ταῦτα
2394 4413 2493 4484 μὲν
2557 4411 2690 4492 περὶ
2735 4409 2829 4463 τοῦ
2881 4409 3164 4481 θελητικὺν
3195 4404 3336 4464 εἶναι
3381 4409 3542 4478 φύσει
3577 4406 3672 4460 τὸν

395 4517 536 4573 tum,
561 4509 729 4564 etiam
763 4523 871 4578 qua
903 4508 1068 4562 homo
1102 4513 1466 4570 monstretur,
1496 4513 1695 4558 natura
1721 4503 1977 4557 volunta-

398 4600 469 4654 tis
500 4599 760 4654 facultate
796 4599 1087 4668 prteditum
1119 4612 1261 4652 esse.
1289 4597 1472 4666 Ipsum
1500 4610 1650 4660 vero,
1673 4595 1838 4649 etiam
1872 4610 1979 4666 qua

397 4691 543 4745 Deus
573 4698 711 4755 erat,
737 4705 801 4745 ea
837 4689 1155 4760 praeditum,
1184 4686 1315 4742 hinc
1347 4686 1801 4742 noverimus-Ait
1831 4686 1979 4743 enim

400 4780 515 4851 ipse
551 4780 818 4836 Dominus
857 4795 921 4834 ac
957 4780 1124 4843 Deus,
1161 4778 1278 4833 sola
1315 4776 1550 4840 Veritas,
1587 4777 1659 4831 de
1696 4777 1879 4846 seipso
1923 4777 1978 4832 in

399 4871 733 4941 Evangeliis,
764 4871 838 4925 ita
883 4888 897 4924 :
935 4869 1252 4933 Jerusalem,
1279 4866 1600 4933 Jerusalem,
1633 4883 1752 4937 qua
1793 4869 1979 4922 occidis

397 4963 700 5034 prophetas,
726 4972 773 5016 et
809 4962 1016 5032 lepidas
1048 4978 1156 5025 eos,
1181 4961 1270 5031 qui
1301 4960 1372 5013 ad
1403 4967 1453 5012 te
1483 4960 1627 5012 missi
1653 4968 1807 5024 sunt;
1842 4975 1974 5029 quo-

398 5059 494 5111 ties
519 5054 661 5109 volui
687 5071 1004 5124 congregare
1027 5054 1166 5122 ﬁlios
1200 5062 1336 5117 tuos,
1359 5052 1490 5106 sicut
1521 5049 1725 5121 gallina
1755 5067 1975 5121 congre-

397 5157 487 5219 gat
523 5145 694 5219 pullos
729 5161 849 5199 suos
884 5145 979 5198 sub
1021 5145 1170 5210 alas,
1207 5152 1255 5198 et
1293 5142 1579 5197 noluistis?
1611 5140 1767 5196 Nunc
1801 5151 1976 5196 autem

398 5239 721 5309 relinquetur
752 5237 891 5291 vobis
917 5237 1101 5291 domus
1126 5245 1301 5290 vestra
1325 5237 1532 5288 deserta
1559 5237 1600 5287 ³.
1623 5233 1978 5303 Perspicuum

397 5332 544 5385 enim
583 5341 688 5398 est,
721 5346 831 5384 non
881 5329 987 5384 hoc
1025 5329 1251 5392 dixisse,
1284 5335 1559 5395 quatenus
1603 5325 1768 5379 homo
1807 5332 1924 5379 erat
1963 5343 1980 5380 :

399 5425 674 5494 siquidem
721 5439 914 5480 recens
959 5424 1130 5478 homo
1184 5421 1510 5485 exstiterat;
1563 5419 1658 5473 sed
1709 5426 1981 5488 quatenus

402 5512 546 5567 idem
577 5516 723 5570 Deus
748 5523 898 5579 erat;
934 5511 1235 5567 ostendens
1263 5511 1516 5566 diversos
1549 5508 1814 5580 sapientis
1849 5524 1978 5577 pro-

405 5602 662 5660 videntia:
691 5620 803 5659 sum
835 5603 1030 5659 modos
1057 5618 1185 5672 erga
1212 5616 1385 5672 genus
1414 5599 1746 5668 humanum;
1781 5601 1982 5670 quibus

2086 4504 2447 4576 σαρκωθέντα
2474 4503 2610 4556 Θεὸν
2635 4503 2831 4571 Λόγον,
2871 4503 2964 4554 καὶ
2995 4501 3164 4555 καθ’ὃ
3194 4500 3506 4572 ἄνθρωπος·
3541 4499 3673 4570 ’περὶ⁵
3746 4525 3755 4534 ·

2085 4595 2143 4650 δὲ
2168 4594 2267 4648 τοῦ
2319 4595 2604 4665 θελητικὸν
2651 4593 2812 4662 φύσει
2860 4587 2998 4646 εῖναι
3029 4591 3121 4644 τὸν
3162 4591 3346 4655 αὐτὸν,
3375 4591 3466 4644 καὶ
3497 4589 3619 4643 καθ’
3646 4588 3674 4641 δ

2085 4685 2244 4750 Θεὸς,
2275 4685 2427 4740 ἐνθεν
2455 4684 2732 4755 εἰσόμεθα.
2758 4683 2896 4754 Φησὶ
2922 4684 3030 4754 γὰρ
3061 4682 3223 4744 αὐτὸς
3243 4681 3272 4734 6
3295 4680 3496 4752 Κύριος
3519 4679 3673 4750 ἡμῶν

2088 4780 2184 4833 καὶ
2217 4778 2386 4840 Θεὸς,
2433 4778 2467 4848 ή
2505 4776 2640 4846 μόνη
2691 4774 2944 4845 ἀλήθεια,
3004 4774 3134 4844 περὶ
3195 4771 3394 4825 ἑαυτοῦ
3443 4774 3501 4824 ὲν
3564 4773 3674 4833 τοῖς

2088 4867 2448 4937 Εὐαγγελίοις
2499 4865 2708 4930 οὕτως·
2764 4863 3188 4933 Ἰερουσαλὴμ,
3252 4861 3672 4935 Ἰερουσαλὴμ,

2087 4961 2126 5029 ἡ
2152 4960 2576 5016 ἁποκτένουσα
2597 4957 2740 5023 τοὺς
2766 4955 3104 5025 προφήτας,
3133 4954 3233 5008 καὶ
3255 4952 3669 5008 λιθοϐολοῦσα

2089 5054 2235 5119 τοὺς
2265 5049 2764 5120 ἀπεσταλμένους
2803 5048 2956 5117 πρὸς
2981 5046 3194 5113 αὐτήν·
3225 5046 3487 5112 ποσάκις
3531 5044 3669 5113 ἠθέ-

2090 5149 2255 5212 λησα
2281 5142 2746 5213 ἐπισυναγαγεῖν
2775 5144 2848 5194 τὰ
2881 5139 3064 5194 τέκνα
3088 5153 3227 5202 σου,
3273 5135 3480 5206 ὥσπερ
3511 5136 3676 5203 ὄρνις

2092 5235 2443 5304 ἐπισυνάγει
2465 5235 2537 5288 τὰ
2561 5233 2786 5287 νοσσία
2815 5229 3036 5300 ἑαυτῆς
3059 5230 3180 5285 ὑπὸ
3218 5229 3323 5295 τὰς
3353 5227 3672 5296 πτέρυγας,

2095 5329 2192 5383 καὶ
2236 5330 2348 5382 οὐκ
2395 5325 2774 5396 ﬁlis/turma;
2807 5324 2939 5379 Νῦν
2976 5323 3213 5392 ἀφίεται
3253 5320 3398 5389 ὑμῖν
3446 5323 3479 5374 ό
3511 5315 3677 5381 οἶκος

2094 5419 2262 5489 ὑμῶν
2281 5420 2516 5488 ἔρημος.
2555 5417 2724 5486 Δῆλον
2755 5417 2886 5486 γὰρ,
2934 5414 3018 5467 ὅτι
3057 5415 3118 5466 οὐ
3168 5413 3292 5466 καθ’
3333 5412 3361 5465 6
3386 5410 3676 5482 ἄνθρωπος

2095 5510 2254 5563 τοῦτο
2281 5510 2517 5579 εἴρηκενο
2554 5508 2710 5578 εῐπερ
2741 5504 3071 5576 προσφάτως
3100 5503 3341 5572 ἐγεγόνει
3367 5503 3672 5573 ἄνθρωπος·

2097 5605 2234 5658 ἀλλὰ
2268 5602 2392 5656 καθ’
2433 5601 2462 5655 6
2501 5600 2654 5664 Θεὸς,
2686 5599 2864 5665 δείξας
2892 5597 3018 5660 τοὺς
3041 5596 3320 5660 ποικίλους
3361 5594 3460 5663 τῆς
3505 5592 3676 5662 σοφῆς

499 5811 516 5842 ⁸
543 5810 659 5866 Gul.
698 5829 773 5867 νι.
807 5813 860 5865 6.
940 5812 958 5841 ’
988 5809 1124 5866 Gen.
1159 5827 1218 5879 ιι,
1247 5810 1338 5865 29.
1420 5813 1438 5843 ³
1470 5811 1663 5867 Matth.
1707 5824 1855 5876 χχιιι,
1890 5809 1954 5863 57

2094 5818 2180 5858 uc.
2221 5819 2336 5870 xm,
2373 5803 2463 5858 54.
