4082 6396
443 347 579 411 1147

1714 341 2102 404 EUTHYMII
2141 339 2503 401 ZIGABENI

3576 342 3752 409 1148‘-

444 463 667 519 alteram
703 467 884 514 autem
917 464 1252 526 superatam,
1279 455 1330 509 id
1383 463 1471 509 est
1518 456 1834 509 humanam.
1871 452 2027 519 Quod

2133 452 2516 523 κρατουμένην
2550 453 2652 524 τὴν
2687 452 3036 526 ἀνθρωπίνην
3083 453 3354 526 δηλονόὶι,
3399 459 3540 532 ὅπερ
3594 463 3719 518 ἐστὶ

443 565 527 610 est
559 569 744 608 eorum
769 565 884 619 qute
911 565 1036 604 cum
1062 549 1240 615 aliquo
1270 547 1650 602 conferuntur.
1676 547 2024 616 Quasqautem

444 655 568 702 sunt
590 643 879 712 ejusmodi,
911 655 1031 696 sese
1065 651 1248 694 mutuo
1283 639 1544 694 inferunt.
1596 640 1864 695 Praeterea
1903 652 2030 692 cum

443 737 776 805 superiorem
801 734 1073 788 actionem
1099 731 1316 795 dicatis,
1357 740 1617 798 tanquam
1653 732 1891 785 hutuana
1922 730 2030 784 vita

443 829 723 885 aure-ratur
747 866 761 889 ,
792 828 1047 880 damnum
1077 825 1208 893 ipsis
1233 824 1469 880 aitet-tis.
1505 823 1637 876 Nam
1669 832 1726 877 et
1757 821 1834 886 id,
1881 822 2029 891 quod

442 928 668 988 superat
700 933 764 972 ex
789 929 976 971 eorum
1009 925 1093 972 est
1128 930 1379 980 numero,
1407 931 1526 984 qua:
1551 917 1852 985 patiuntur.
1895 915 2030 968 Viu-

443 1014 583 1067 citur
625 1011 769 1065 enim
816 1021 868 1064 et
898 1011 1070 1079 ipsum
1111 1009 1180 1065 ab
1205 1025 1272 1064 eo
1300 1010 1440 1078 quod
1482 1010 1686 1076 victum
1711 1018 1817 1064 est.
1879 1007 2033 1063 Licet

441 1103 806 1168 cnimminus,
849 1101 1086 1156 vincitur
1117 1109 1319 1155 tamen.
1363 1100 1432 1156 Ut
1487 1115 1680 1154 aurum
1743 1101 1870 1155 licet
1935 1115 2029 1152 ar-

442 1207 660 1264 gentum
686 1205 849 1262 atque
883 1207 959 1247 tes
996 1192 1298 1247 immistum
1365 1203 1607 1261 superet,
1655 1193 1891 1246 vincitur
1945 1203 2027 1245 ta-

445 1303 569 1340 men
602 1287 779 1355 ipsum
815 1299 1051 1354 quoque,
1109 1284 1240 1338 licet
1294 1283 1499 1348 minus,
1555 1296 1750 1352 nempe
1809 1290 2032 1353 propter

441 1379 728 1436 admistam
775 1380 1156 1449 quantitatem.

440 1578 696 1650 Ejusdem
728 1579 975 1632 adversus
1008 1578 1141 1650 illos
1179 1577 1271 1646 qui
1302 1577 1482 1650 dicunt
1504 1615 1518 1640 ,
1573 1578 2025 1647 quemadmodum

504 1652 862 1712 instrumenti,
893 1661 940 1703 et
964 1649 1079 1716 ejus
1111 1653 1200 1714 qui
1223 1650 1392 1701 utitur
1421 1648 1766 1702 instrumento
1802 1665 1910 1701 una
1946 1657 2024 1702 est

471 1721 670 1784 .actio,
700 1737 776 1772 sic
829 1731 876 1772 et
923 1718 1217 1772 divinitatis
1265 1729 1421 1788 atque
1477 1719 1826 1772 humanitatis
1861 1735 2023 1772 unam

509 1805 620 1844 esse
667 1791 948 1843 actionem.

515 1923 575 1979 Si
618 1925 866 1978 naturale
899 1923 1082 1980 dicitis
1126 1923 1572 1984 instrumentum,
1631 1916 1875 1992 ejusdem
1933 1934 2028 1990 per

439 2032 538 2072 vos
566 2017 828 2086 temporis
870 2018 973 2071 erit
1014 2016 1254 2074 Verbum
1325 2031 1450 2072 cum
1519 2031 1704 2082 carne,
1763 2025 1856 2070 aut
1900 2029 2029 2070 caro

439 2111 602 2164 simul
632 2125 757 2164 cum
786 2109 965 2164 Verbo
989 2102 1342 2178 sempiterna.
1409 2109 1684 2178 Quidquid
1741 2109 1888 2164 enim
1919 2112 2030 2164 ins-

440 2211 715 2256 Irumento
749 2201 1193 2266 utiturnaturali,
1224 2200 1467 2269 ejusdem
1505 2200 1762 2269 temporis
1793 2208 1878 2256 est
1901 2215 2027 2255 cum

439 2294 550 2349 illo.
583 2292 1054 2359 Quemadmodum
1083 2302 1168 2348 est
1227 2293 1409 2346 anima
1438 2308 1561 2348 cum
1626 2307 1876 2363 corpore.
1919 2291 2028 2346 Po-

436 2385 592 2438 testis
623 2384 789 2451 igitur
813 2382 893 2436 vel
923 2394 1176 2446 naturam
1233 2383 1474 2438 divinam
1525 2393 1767 2439 creatam
1816 2385 2023 2449 dicere,

435 2479 520 2532 vel
548 2493 748 2546 corpus
775 2477 1106 2532 increatum.
1137 2475 1292 2542 Quod
1325 2478 1370 2532 si
1415 2479 1844 2532 instrumentum
1890 2478 2027 2532 artis

437 2570 737 2636 allii-matis,
761 2569 1121 2624 inanimatum
1146 2569 1276 2623 illud
1303 2569 1675 2634 introducitis,
1708 2581 1763 2624 et
1800 2583 2024 2639 separa-

433 2665 532 2717 tim
591 2662 927 2727 consisteos,
993 2675 1156 2731 atque
1209 2659 1543 2728 scjunctum,
1590 2671 1644 2716 et
1710 2662 1858 2731 quod
1913 2675 2022 2715 non

432 2769 650 2822 semper
691 2763 959 2817 movetur,
990 2753 1087 2808 sed
1129 2755 1350 2822 quando
1397 2752 1596 2806 artiﬁci
1653 2753 1826 2806 visum
1860 2752 2024 2807 fuerit

433 2843 566 2898 illud
613 2845 666 2897 in
701 2857 895 2896 manus
928 2855 1166 2907 sumere,
1196 2851 1361 2910 atque
1400 2842 1504 2896 uti.
1539 2841 1621 2894 Ad
1653 2841 1771 2896 haec
1801 2841 2023 2898 demen-

432 2939 470 2989 ti
497 2935 750 2990 Nestorio
787 2949 884 2989 vos
921 2933 1182 2988 assentiri
1201 2933 1476 2988 constabit
1499 2932 1762 2988 dividenti
1795 2947 1862 2986 ac
1911 2933 2022 2988 dis-

438 3028 677 3083 trahenti
716 3029 848 3080 duas
881 3027 1086 3079 (:hristi
1119 3025 1212 3079 Dei
1286 3035 1510 3079 naturas
1541 3025 1596 3078 in
1627 3038 1788 3078 unam
1831 3024 2022 3094 hypo-

2134 545 2242 597 τῶν
2270 547 2404 616 πρὸς
2443 565 2494 600 τι
2527 549 2594 601 τὰ
2646 547 2708 602 δὲ
2731 546 2869 618 πρὸς
2920 564 2974 600 τι
3021 547 3243 612 πάντως
3303 554 3721 622 συνεισάγουσιν

2133 639 2350 701 ἑαυτοῖς
2385 639 2568 693 καὶτὰ
2595 639 3096 710 ἀντιοιαιρούμενα.
3155 641 3389 695 Ἔπειτα
3420 643 3499 710 δὲ,
3555 645 3638 699 ὅτι
3668 648 3721 700 εί

2133 731 2256 786 κατ’
2289 733 2646 804 ἐπικράτειαν
2669 732 2858 802 λέγετε
2902 733 3000 806 τὴν
3028 733 3338 805 ἐνέργειαν,
3386 734 3462 798 ὡς
3487 739 3588 808 τῆς
3613 740 3718 793 ἀντ

2133 827 2382 896 ρωπίνης
2412 826 2503 880 διὰ
2531 825 2592 879 τὸ
2617 827 3060 898 ἐπικράτηθηναι
3113 829 3544 902 ἀναιρουμένης,
3587 831 3713 901 μει-

2137 935 2222 970 σιν
2276 919 2467 980 αὐταῖς
2507 918 2786 986 εἰσάγετε.
2839 920 2912 973 T6
2971 920 3080 989 γὰρ
3112 919 3449 990 ἐπικρατοῦν
3490 922 3718 987 πάντως

2133 1028 2178 1061 ω
2211 1010 2347 1062 αὐτὸ
2376 1009 2487 1062 τῶν
2515 1012 2838 1080 πασχόντων
2879 1012 3021 1066 ἐστι.
3054 1012 3168 1066 Καὶ
3201 1014 3334 1066 αὐτὸ
3355 1015 3464 1083 γὰρ
3495 1018 3716 1084 κρατεῖς
3801 1000 3812 1067 τι

2133 1119 2191 1154 αι
2225 1100 2329 1154 ὑπὸ
2377 1101 2474 1154 τοῦ
2519 1103 3016 1174 ἐπικρατουμένου.
3074 1105 3137 1158 Ei
3167 1105 3279 1175 γὰρ
3329 1107 3424 1158 καὶ
3453 1105 3719 1174 ἐγασσον,

2133 1207 2250 1260 μως
2280 1190 2336 1243 δὲ
2369 1193 2652 1262 κρατεῖται
2686 1191 2904 1256 πάντως
2954 1190 3145 1262 ὥσπερ
3175 1195 3377 1263 χρυσὸς
3402 1194 3722 1264 ἐπικρατῶν

2133 1282 2233 1352 μὲν
2263 1281 2356 1338 τοῦ
2405 1284 2890 1354 καταμιγνυμένου
2940 1283 3089 1355 αύτῷ
3120 1283 3388 1354 ἀργύρου,
3445 1286 3540 1338 καὶ
3580 1285 3720 1356 χαλ-

2131 1372 2252 1439 κοῦ,
2288 1373 2662 1445 κρατούμενος
2683 1375 2740 1428 δὲ
2770 1375 2863 1428 καὶ
2887 1375 3072 1440 αὐτὸς,
3123 1377 3172 1430 ει
3198 1383 3292 1430 κα.
3320 1369 3510 1434 ἧττον.
3543 1376 3720 1445 Δῆλον

2129 1466 2210 1533 δέ,
2239 1469 2322 1520 ὅτι
2344 1468 2486 1521 κατὰ
2537 1467 2639 1540 τὴν
2671 1468 2946 1540 ποσότητα
2974 1469 3074 1540 τὴν
3108 1485 3216 1540 προ
3232 1469 3547 1539 σμιγείσαν·

2132 1581 2248 1637 Τοῦ
2304 1583 2490 1637 αὑτοῦ
2535 1582 2687 1653 πρρς
2742 1585 2888 1648 τοὺς
2936 1582 3245 1653 λέγοντας,
3302 1583 3509 1649 ὥσπερ
3537 1580 3721 1650 ’ὁργά-

2199 1670 2312 1706 νου
2332 1655 2432 1706 καὶ
2465 1649 2784 1720 κινοῦντος
2805 1655 2915 1722 μία
2941 1649 3238 1723 ἐνέργειά,
3261 1653 3416 1707 οὕτω
3443 1653 3544 1706 καὶ
3563 1649 3720 1708 ,Θεό-

2201 1739 2378 1792 τητος
2407 1725 2505 1777 καὶ
2531 1725 2990 1792 ἀνθρωπότητος
3016 1727 3126 1794 μία
3161 1723 3450 1792 ἐνέργεια.

2203 1927 2263 1981 Ei
2290 1926 2389 1996 μὲν
2412 1927 2642 1997 φυσικὶν
2671 1928 2733 1980 τδ
2773 1927 3007 1999 δργανόν
3037 1945 3200 1998 φατε,
3259 1929 3560 2000 συγχρόνος
3625 1929 3717 1981 ἔσο

2128 2037 2219 2073 ται
2249 2019 2372 2072 καθ’
2406 2020 2554 2091 ὑμᾶς
2587 2020 2615 2072 6
2639 2019 2811 2087 Λόγος
2833 2022 2898 2090 τῇ
2940 2021 3128 2091 σαρκὶ,
3161 2021 3262 2091 ἢῆ
3294 2022 3429 2092 σὰρξ
3451 2021 3531 2090 τῷ
3553 2022 3718 2091 Λόγῳ

2131 2111 2425 2176 ωναῖδιοςο
2475 2113 2585 2166 πᾶν
2615 2113 2725 2182 γὰρ
2777 2111 2838 2166 τὸ
2864 2115 3208 2183 κεχρημένον
3250 2113 3467 2182 φυσιιῷ
3495 2114 3718 2182 ὀργάνῳ

2129 2203 2432 2274 σύγχρονον
2463 2205 2624 2258 τοῦτο
2659 2204 2796 2274 ἔχει,
2829 2204 3024 2274 ὥσπερ
3065 2205 3126 2256 τὸ
3153 2204 3316 2274 σῶμα
3344 2205 3377 2273 ἠ
3406 2203 3579 2273 ψυχὴ,
3621 2205 3719 2258 καὶ

2127 2295 2246 2366 ὥρα
2271 2297 2416 2365 ὑμᾶς
2441 2296 2539 2349 καὶ
2569 2296 2783 2367 κτίσμα
2802 2297 2902 2366 τὴν
2922 2295 3104 2349 σθείαν
3133 2294 3299 2364 φύσιν
3334 2296 3558 2364 ¹λέγειν,
3590 2298 3624 2364 ἢ
3654 2296 3719 2349 τὸ

2129 2391 2291 2460 σῶμα
2307 2389 2584 2443 ἄκτιστονο
2627 2389 2680 2442 ει
2719 2387 2778 2443 δέ
2803 2387 3050 2458 τεχνικὸν
3107 2387 3171 2440 τὸ
3204 2386 3442 2456 ὄργανον
3499 2387 3714 2454 λέγετε,

2127 2483 2335 2552 ἄψυχον
2362 2481 2524 2535 τοῦτο
2549 2481 2827 2551 εἰσάγετε,
2854 2483 2950 2534 καὶ
2989 2478 3096 2549 ἰδίᾳ
3125 2479 3381 2549 ἑστηκὸς,
3410 2479 3506 2532 καὶ
3541 2494 3719 2549 μεμε-

2130 2571 2408 2642 ρισμένον,
2433 2571 2532 2624 καὶ
2552 2573 2654 2624 οὐκ
2676 2573 2765 2623 ἀεὶ
2793 2568 3142 2637 κινούμενον,
3171 2569 3289 2622 ἀλλ’
3335 2570 3426 2623 ὅτι
3444 2567 3524 2638 τῷ
3553 2570 3718 2638 ἐργα-

2126 2663 2342 2734 ζομένῳ
2369 2663 2514 2730 δόξει
2559 2662 2720 2716 τοῦτο
2754 2662 2895 2731 μετὰ
2941 2664 3128 2732 χεῖρας
3165 2661 3371 2727 λαϐεῖν,
3410 2661 3511 2715 καὶ
3543 2661 3716 2730 ἐργά-

2127 2755 2349 2822 σασθαι,
2407 2755 2504 2808 καὶ
2556 2754 2748 2807 λοιπὸν
2783 2754 2817 2824 ὴ
2877 2752 3181 2823 Νεστορίου
3221 2751 3322 2806 τοῦ
3356 2751 3717 2822 παράφρονος

2125 2846 2441 2916 σύμφρονες
2465 2842 2819 2916 δειχθήσεσϐε
2867 2843 3235 2914 διαιροῦντος,
3281 2843 3376 2897 καὶ
3405 2843 3719 2903 διίστῶντος

2123 2939 2223 3000 τὰς
2257 2941 2340 3000 είς
2378 2937 2508 3006 μίαν
2554 2935 2940 3005 ύπόστασιν,ἢ
2977 2936 3074 2990 καὶ
3113 2933 3175 2989 ἐν
3226 2934 3525 3005 πρόσωπον
3577 2935 3722 3001 Χρι-

2127 3027 2255 3082 στοῦ
2285 3027 2382 3083 τοῦ
2412 3027 2552 3083 Θεοῦ
2576 3027 2671 3082 δύο
2697 3028 2912 3096 φύσεις,
2941 3028 2976 3099 ἢ
3020 3026 3434 3098 Ἀπολλιναρίου
3465 3026 3560 3082 τοῦ
3585 3027 3721 3082 ἀσε-

428 3121 617 3177 stasim
651 3121 766 3174 sive
795 3132 1083 3188 personam
1114 3127 1529 3172 concurrentes.
1566 3117 1676 3171 Aut
1696 3129 1822 3172 esse
1851 3115 2011 3186 impii

2130 3117 2246 3181 Βοῦς
2278 3117 2559 3188 φοιτηταὶ,
2594 3117 2808 3190 ἄψυχον
2831 3120 2924 3172 καὶ
2947 3118 3017 3173 ἄν
3043 3117 3140 3173 οὐν
3168 3117 3230 3172 τὸ
3257 3118 3422 3191 σῶμα
3443 3118 3539 3174 τοῦ
3575 3119 3713 3190 Χρι-

429 3211 754 3281 Apolliuarii
811 3209 1125 3276 discipulos,
1179 3210 1384 3264 Christi
1448 3221 1650 3274 corpus
1703 3209 1900 3264 anima:
1945 3221 2013 3264 ac

429 3304 625 3357 mentis
679 3315 875 3370 expers
909 3301 1228 3355 asserentis.

453 3413 590 3469 lum
623 3414 869 3464 adversus
901 3409 1305 3478 Monotlteletas,
1337 3411 1672 3470 Damasceni.
1696 3413 1838 3484 Cap.
1872 3413 1966 3470 77.

508 3598 641 3657 Dum
667 3604 719 3655 in
749 3601 960 3656 Christo
987 3603 1282 3660 voluntates
1311 3612 1361 3660 et
1393 3605 1745 3673 operationes.
1768 3634 1839 3646 —
1859 3603 2026 3660 Eum-

437 3691 559 3746 dem
593 3708 757 3762 porro
786 3691 1083 3745 Dominum
1115 3703 1366 3747 nostrum
1403 3693 1591 3750 Jesum
1631 3693 1938 3759 Christum,
1973 3701 2028 3749 et

403 3784 749 3855 ,perfcctum
809 3784 1008 3850 Deum,
1051 3795 1106 3838 et
1151 3784 1454 3856 perfectum
1499 3788 1781 3841 hominem
1829 3787 2029 3856 praedi-

439 3886 648 3940 cantes,
693 3877 810 3930 hoc-
835 3876 1178 3944 proﬁtemur,
1213 3876 1468 3932 eumdem
1498 3889 1552 3932 et
1575 3878 1762 3931 omnia
1801 3877 2026 3944 habere,

439 3983 564 4036 quae
595 3967 758 4023 Pater
797 3969 984 4036 habet,
1041 3978 1271 4040 excepta
1309 3970 1538 4038 ingeniti
1569 3974 1947 4040 proprietate;
1974 3977 2031 4024 et

440 4061 627 4116 omnia
687 4062 840 4127 item,
888 4078 1011 4134 qua:
1054 4064 1268 4135 primus
1306 4063 1506 4126 Adam,
1557 4073 1788 4132 excepto
1846 4063 2029 4118 solum

2125 3209 2253 3264 στοῦ
2273 3209 2546 3279 λέγοντος.

2128 3414 2260 3468 Ἐτι
2319 3415 2472 3470 κατὰ
2519 3413 2962 3482 Marnas/1nth
2997 3413 3102 3484 τοῦ
3125 3412 3558 3484 Δαμασκηνοῦ.
3606 3413 3717 3465 Ks-

2705 3486 2970 3557 φάλαιον
3015 3483 3116 3544 οξ.

2188 3608 2409 3662 Τέλειον
2447 3606 2506 3660 δὲ
2551 3605 2687 3659 Θεὸν
2732 3602 3132 3673 ὁμολογοῦντες
3161 3601 3255 3655 τὸν
3287 3600 3452 3656 αὐτὸν
3495 3600 3706 3674 Κύριον

2120 3700 2278 3772 ἡμῶν
2317 3697 2529 3769 Ἰησοῦν
2569 3695 2827 3766 Χριστὸν,
2861 3695 2956 3749 καὶ
2998 3694 3211 3747 τέλειον
3252 3693 3563 3764 ἄνθρωπον,
3602 3711 3710 3764 φα-

2124 3791 2223 3862 μὲν
2246 3791 2336 3844 τὸν
2362 3791 2525 3844 αὑτδν
2562 3789 2740 3842 πάντα
2776 3786 2925 3856 ἔχειν
2971 3786 3072 3838 ὃσα
3098 3787 3125 3838 6
3161 3785 3376 3856 Πατὴρ,
3422 3784 3561 3856 πλὴν
3605 3784 3711 3853 τῆς

2120 3882 2481 3952 ἀγεννησίας·
2514 3880 2609 3933 καὶ
2635 3881 2814 3932 πάντα
2848 3877 2993 3947 ἐχειν
3015 3875 3116 3929 ὅσα
3147 3878 3176 3930 6
3213 3876 3386 3946 Ἀδὰμ
3413 3878 3441 3929 6
3468 3875 3708 3947 πρῶτος,

2121 3974 2246 4043 δίχα
2292 3973 2463 4042 μόνης
2509 3972 2609 4041 τῆς
2663 3969 2973 4040 ἁμαρτίας·
3022 3968 3182 4022 ἅτινά
3234 3969 3351 4020 ἐστι
3413 3967 3572 4037 σῶμα
3614 3967 3714 4020 καὶ

2121 4064 2268 4134 ψυχὴ
2295 4064 2488 4134 λογική
2524 4080 2584 4115 τε
2621 4063 2716 4116 καὶ
2743 4061 2911 4134 νοερὰ
2985 4061 3131 4130 ἔχειν
3159 4061 3216 4113 δὲ
3249 4060 3414 4114 αὑτὸν
3437 4061 3711 4131 καταλλήο

443 4159 712 4221 peccato,
771 4151 882 4207 hoc
942 4159 1047 4217 est,
1100 4166 1308 4221 corpus
1341 4161 1396 4206 et
1426 4153 1670 4206 animam
1722 4151 1937 4205 ratione
1976 4157 2027 4205 et

2130 4151 2233 4213 λως
2267 4154 2386 4214 ταῖς
2413 4151 2508 4204 δύο
2541 4151 2760 4218 φύσεσι,
2791 4149 2959 4203 διπλᾶ
2995 4149 3064 4202 τὰ
3096 4148 3206 4202 τῶν
3237 4147 3330 4202 δύο
3357 4147 3576 4216 φύσεων
3607 4165 3714 4217 φυο

451 4244 817 4312 intelligentia
875 4245 1196 4314 prteditam:
1255 4243 1388 4313 quin
1425 4242 1630 4298 habere
1673 4245 1839 4299 etiam
1879 4257 2027 4309 eum,

2130 4243 2294 4296 σικάο
2344 4243 2440 4297 δύο
2473 4241 2720 4312 θελήσεις
2747 4240 3007 4309 φυσικὰς,
3047 4242 3146 4310 τήν
3185 4257 3246 4292 τε
3293 4239 3444 4293 θείαν
3475 4240 3570 4292 καὶ
3612 4237 3715 4310 τὴν

446 4336 527 4390 uti
596 4335 814 4392 duabus
874 4337 1091 4390 naturis
1141 4341 1575 4391 consentaneum
1627 4343 1736 4399 est,
1783 4333 2027 4405 duplices

2130 4335 2510 4408 ἀνθρωπίνην,
2556 4334 2652 4387 καὶ
2695 4332 2978 4404 ἐνεργείας
3007 4331 3101 4386 δύο
3147 4333 3410 4401 φυσικὰς,
3458 4331 3610 4384 θείαν
3652 4349 3716 4384 τε

445 4433 769 4481 naturarum
827 4427 1064 4482 duarum
1121 4427 1406 4482 naturales
1475 4427 1883 4497 proprietates;
1929 4429 2027 4482 hoc

2130 4401 2623 4498 xalvdvﬂpto-rrivnv,
2665 4425 2762 4478 καὶ
2789 4401 3125 4487 ἀὐτεξούσια
3168 4422 3262 4476 δύο
3302 4420 3532 4490 φυσικὰ,
3570 4419 3717 4473 θεῖόν

445 4528 550 4582 est,
585 4519 727 4574 duas
764 4518 1048 4573 naturales
1078 4519 1454 4588 operationes,
1484 4519 1727 4573 divinam
1754 4526 1808 4573 et
1845 4519 2027 4575 huma-

2130 4537 2183 4574 τε
2213 4521 2308 4574 καὶ
2333 4517 2701 4589 ἀνθρώπινον,
2731 4515 2826 4568 καὶ
2851 4515 3047 4584 σοφίαν
3077 4532 3138 4567 τε
3181 4515 3277 4567 καὶ
3306 4513 3529 4582 γνῶσιν,
3563 4510 3718 4564 θείαν

447 4625 615 4678 nam;
649 4611 789 4665 duas
847 4612 1136 4667 naturales
1177 4612 1397 4666 arbitrii
1449 4612 1754 4678 libertates,
1787 4611 2027 4668 divinam

2130 4629 2189 4665 τε
2221 4612 2316 4666 καὶ
2344 4609 2715 4682 ἀνθρωπίνην.
2750 4607 3071 4673 Ὀμοούσιος
3099 4605 3208 4676 γὰρ
3247 4605 3323 4659 ὢν
3347 4603 3426 4674 τῷ
3458 4603 3579 4675 Θεῷ
3618 4604 3718 4656 καὶ

447 4712 502 4757 et
538 4703 837 4757 humanam
869 4722 881 4757 :
917 4717 981 4759 ac
1010 4702 1252 4772 denique
1295 4703 1620 4773 sapientiam
1649 4711 1704 4758 et
1740 4703 2027 4759 scientiam

2130 4702 2343 4773 Πατρὶ,
2398 4699 2766 4765 αὐτεξουσίως
2811 4697 2954 4752 θέλει
3009 4698 3102 4751 καὶ
3168 4699 3386 4768 ἐνεργεῖ
3434 4695 3510 4760 ὡς
3558 4695 3714 4758 Θεός.

449 4789 749 4856 duplicem,
790 4789 1034 4844 divinam
1072 4799 1128 4845 et
1175 4791 1496 4846 humanam.
1541 4791 1676 4846 Nam
1721 4807 1846 4847 cum
1887 4792 2038 4861 ejus-

2141 4791 2462 4862 Ὃμοούσιος
2499 4791 2556 4845 δέ
2603 4789 2680 4844 ὢν
2713 4790 2809 4844 καὶ
2844 4791 2998 4862 ἡμῖν,
3031 4789 3398 4855 αὐτεξουσίως
3435 4787 3585 4841 θέλει
3622 4785 3717 4841 καὶ

453 4881 577 4934 dem
626 4895 691 4934 ac
722 4879 888 4935 Pater
940 4882 1272 4937 substantia:
1316 4884 1415 4946 sit,
1467 4884 1638 4938 libere
1682 4885 1794 4938 vult
1837 4894 1892 4938 ct
1923 4883 2027 4953 agit

2130 4883 2349 4953 ἐνεργεῖ
2386 4881 2462 4944 ὡς
2509 4880 2800 4953 ἄνθρωπος
2836 4881 2864 4933 ὁ
2903 4880 3088 4943 αὑτός.
3119 4879 3295 4932 Αὑτοῦ
3325 4879 3435 4952 γὰρ
3473 4878 3546 4932 τὰ.
3582 4876 3712 4932 θαύ-

455 4983 513 5025 ut
547 4970 737 5025 Deus:
789 4987 987 5028 rursus
1013 4989 1140 5028 cum
1189 4976 1682 5031 consubstantialis
1726 4978 1800 5031 sit
1845 4976 2027 5036 nobis.

2134 4989 2304 5036 ματα,
2335 4969 2503 5024 αὐτοῦ
2529 4969 2625 5023 καὶ
2655 4969 2726 5022 τὰ
2751 4966 3076 5036 παθήματα.

454 5063 780 5120 libere'item
811 5061 925 5115 vult
952 5071 1006 5116 et
1032 5063 1162 5131 agit,
1190 5070 1250 5117 ut
1280 5065 1466 5118 homo.
1497 5063 1676 5131 Ipsius
1706 5061 1853 5117 enim
1888 5053 2154 5112 miracula
2181 5066 2330 5121 sunt,
2364 5055 2536 5125 ipsius
2563 5070 2784 5125 quoque
2815 5054 3120 5124 passiones.

949 5155 1228 5226 Ejusdem.
1266 5157 1441 5227 Caput
1473 5157 1559 5211 78.

521 5248 785 5322 Totuplex
809 5249 1053 5303 voluntas
1080 5260 1128 5304 et
1168 5258 1338 5316 actus,
1391 5246 1678 5320 quotuplea:
1707 5245 2029 5314 substantia,

446 5371 518 5386 —-
543 5343 812 5410 Quoniam
841 5341 1007 5412 igitur
1035 5339 1157 5396 dum
1187 5341 1390 5395 Christi
1425 5354 1633 5394 naturae
1682 5351 1833 5404 sunt,
1893 5341 2030 5397 duas

451 5436 681 5505 proinde
716 5436 834 5507 ejus
865 5434 1145 5489 naturales
1169 5433 1482 5486 voluntates
1499 5442 1555 5488 et
1585 5432 1722 5486 duas
1741 5432 2032 5488 naturales

454 5528 806 5595 operationes
837 5526 1093 5580 dicimus.
1127 5524 1266 5592 Quia
1314 5539 1445 5578 vero
1473 5539 1582 5577 una
1606 5523 1840 5578 duarum
1869 5533 2031 5576 natu-

452 5636 638 5676 rarum
675 5622 850 5691 ipsius
877 5629 964 5676 est
1023 5618 1356 5690 hypostasis,
1422 5633 1590 5671 unum
1651 5625 1707 5672 et
1767 5618 2024 5672 eumdem

452 5724 576 5766 esse
601 5712 837 5768 dicimus
863 5712 1157 5783 qui,juxta
1217 5727 1312 5768 eas
1375 5721 1622 5776 naturas,
1687 5726 1754 5765 ex
1807 5711 2028 5779 quibus,

453 5801 594 5858 etin
622 5803 841 5874 quibus,
876 5813 1097 5875 etquae
1153 5813 1236 5860 est
1301 5805 1556 5862 Christus
1612 5804 1756 5860 Dcus
1814 5811 2026 5872 noster,

2502 5153 2613 5209 Τοῦ
2642 5151 2850 5206 αὐτοῦ.
2881 5149 3225 5218 Κεφάλαιον
3253 5153 3364 5216 οη’.

2224 5246 2446 5316 Ἐπειδὴ
2485 5247 2586 5317 μὲν
2615 5243 2710 5299 οῦν
2737 5242 2831 5298 δύο
2863 5242 3057 5313 φύσεις
3081 5242 3177 5296 τοῦ
3210 5243 3474 5313 Χριστοῦ,
3510 5239 3604 5296 δύο
3626 5240 3729 5295 αὖ·

2137 5343 2234 5397 τοῦ
2275 5343 2370 5396 καὶ
2391 5342 2459 5396 τὰ
2489 5339 2697 5409 φυσικὰ
2719 5337 3025 5406 θελήματα,
3059 5336 3278 5399 καὶτὰς
3305 5337 3545 5406 φυσικὰς
3572 5336 3726 5405 ἐνερ-

2139 5435 2297 5502 γείας
2326 5433 2525 5504 φαμέν.
2568 5430 2793 5502 Ἐπειδὴ
2823 5431 2888 5499 δὴ
2922 5429 3021 5500 μία
3043 5430 3151 5482 τῶν
3181 5427 3274 5482 δύο
3305 5428 3524 5496 φύσεων
3551 5426 3720 5480 αὑτοῦ

2141 5527 2174 5597 ἡ
2212 5525 2534 5589 ὑπόστασις,
2573 5521 2671 5575 ἕνα
2708 5523 2806 5574 καὶ
2843 5519 2934 5573 τὸν
2975 5519 3139 5572 αὐτόν
3183 5536 3367 5588 φαμεν
3399 5516 3628 5571 θέλοντά
3655 5535 3716 5570 τε

2141 5619 2237 5674 καὶ
2267 5615 2594 5686 ἐνεργοῦντα
2628 5613 2876 5682 φυσικῶς
2903 5610 3027 5665 κατ’
3059 5612 3230 5681 ἄμφω
3263 5610 3361 5674 τὰς
3399 5610 3612 5677 φύσεις,
3660 5609 3721 5674 ἐξ

2141 5710 2240 5774 ὦν,
2269 5711 2363 5765 καὶ
2388 5709 2446 5761 ἐν
2479 5701 2588 5770 αἷς,
2612 5707 2706 5760 καὶ
2727 5705 2874 5775 ἆπερ
2906 5704 3025 5758 ἐστὶ
3060 5701 3297 5773 Χριστὸς
3321 5703 3350 5755 6
3373 5701 3506 5765 Θεὸς
3535 5701 3710 5770 ἡμῶν·

2145 5805 2324 5859 θέλειν
2355 5802 2411 5856 δέ
2435 5801 2529 5856 καὶ
2554 5799 2822 5871 ἐνεργεῖν,
2861 5795 2922 5851 ού
2949 5794 3319 5866 διῃρημένως,
3357 5793 3470 5849 ἀλλ’
3506 5791 3722 5864 ἡνωμέ-
