4082 6442
404 373 545 441 11'9

1354 372 1727 434 I‘ANOPLIA
1761 377 2217 438 DOGMATICA.
2241 403 2313 416 --·
2347 380 2496 440 ΤΙΤ.
2543 379 2699 443 XXI.

3532 377 3668 445 115’)

402 542 507 586 νως
528 540 541 552 ο
569 519 714 574 θέλει
747 518 857 590 γὰρ
886 517 978 570 καὶ
1006 518 1218 588 ἐνεργεῖ
1262 519 1319 570 ἐν
1348 517 1588 590 ἑκατέρᾳ
1632 523 1813 591 μορφῇ
1851 519 1985 589 μετὰ

2092 524 2416 578 naturaliter
2458 524 2587 579 velit
2625 531 2681 579 et
2710 533 2835 595 agat
2863 542 2878 591 ;
2906 540 3030 580 eum
3058 534 3239 580 autem
3274 527 3499 597 insuper
3528 532 3666 586 velle

402 619 498 685 τῆς
524 612 753 682 θατέρου
782 610 1086 671 κοινωνίας.
1111 603 1209 662 Ὧν
1233 609 1339 682 γὰρ
1366 612 1397 681 ἡ
1431 610 1641 678 ούσίαή
1677 611 1835 678 αὐτὴ,
1864 610 1987 662 τού-

400 723 510 755 των
542 704 634 756 καὶ
666 703 697 771 ἡ
721 701 939 770 θέλησις
968 700 1061 752 καὶ
1090 700 1121 768 ή
1155 699 1403 770 ἐνέργεια
1434 701 1467 770 ἠ
1502 700 1639 770 αὐτή
1660 715 1671 728 ·
1693 693 1767 751 ὧν
1791 700 1845 751 δὲ
1874 699 1987 751 διά-

403 811 568 865 φορος
599 795 631 862 ἡ
663 792 839 853 οὐσία,
873 791 1080 844 τούτων
1115 791 1372 860 διάφορος
1396 791 1489 843 καὶ
1522 790 1554 859 ὴ
1590 790 1805 860 θέλησις
1839 790 1983 859 καὶὴ

406 887 684 954 ἐνέργεια·
718 884 811 936 καὶ
840 882 900 934 τὸ
928 882 1217 943 ἀνάπαλιν,
1241 875 1315 934 ὧν
1343 885 1374 950 ἠ
1411 880 1628 950 θέλησις
1660 882 1754 933 καὶ
1785 881 1989 949 ὴένέρο

402 994 527 1045 γεια
558 978 589 1046 ἠ
618 976 779 1045 αὑτὴ,
814 974 1019 1027 τούτων
1052 975 1143 1026 καὶ
1173 973 1383 1043 ἡούσία
1409 974 1441 1042 ἡ
1471 973 1611 1043 αὐτή
1633 987 1647 1001 ⁸
1680 967 1756 1024 ὧν
1787 973 1843 1024 δὲ
1868 973 1986 1024 διὰ·

404 1084 570 1138 φορος
604 1070 637 1139 ὴ
664 1066 882 1137 θέλησις
907 1066 1000 1119 καὶ
1044 1067 1077 1136 ὴ
1108 1065 1378 1136 ἐνέργεια,
1414 1065 1617 1117 τούτων
1645 1064 1739 1117 καὶ
1773 1065 1806 1135 ἡ
1832 1064 1986 1117 οὐσία

402 1160 677 1230 διάφορος.

475 1431 565 1485 Διὸ
594 1431 658 1501 δὴ
692 1429 783 1482 ἐπὶ
824 1427 924 1498 μὲν
960 1428 1171 1498 Πατρὺς
1209 1428 1300 1481 καὶ
1339 1427 1471 1482 Υίοῦ
1502 1430 1595 1483 καὶ
1627 1429 1784 1497 άγέου
1815 1433 1981 1485 Ilva-.5-

408 1541 600 1596 ματος,
631 1524 694 1575 ἐκ
724 1523 824 1589 τῆς
852 1519 1179 1590 munit-nvo;
1208 1520 1309 1589 τῆς
1348 1536 1406 1572 τε
1438 1521 1722 1591 ἐνεργείας
1770 1527 1864 1576 καὶ
1890 1524 1985 1577 τοῦ

404 1618 733 1688 θελήματος,
773 1616 873 1685 τὴν
902 1612 1205 1682 ταυτότητά
1231 1612 1333 1681 τῆς
1367 1612 1586 1681 φύσεως
1625 1616 1987 1685 ἐπιγινώσκο-

408 1727 529 1781 μεν.
575 1708 700 1761 Ἐπὶ
723 1706 780 1759 δὲ
813 1706 913 1777 τῆς
939 1705 1092 1767 θείας
1119 1703 1454 1774 οἰκονομίας,
1494 1705 1560 1759 ἐκ
1592 1706 1695 1777 τῆς
1722 1708 1988 1780 διαφορᾶς

2085 624 2132 669 ει
2164 630 2342 685 agerc,
2376 614 2698 680 nondivise,
2727 616 2819 669 sed
2853 617 3149 683 coniuncte
3183 618 3439 673 dicimus.
3475 636 3492 669 ι
3536 619 3664 673 Vult.

2084 706 2228 760 enim
2268 718 2319 761 et
2354 710 2463 778 agit
2496 707 2550 761 in
2580 717 2810 776 utraque
2856 707 3051 774 forma,
3105 724 3229 763 cum
3264 711 3492 767 alterius
3514 726 3667 765 com-

2086 800 2366 852 munione.
2416 818 2432 848 ι
2562 797 2806 862 Quorum
2830 800 2974 852 enim
3014 801 3201 854 eadem
3227 804 3530 858 substantia
3559 815 3661 867 est,

2087 905 2274 943 eorum
2325 906 2543 960 quoque
2575 892 2765 946 eadem
2809 893 3062 947 voluntas
3084 902 3138 947 et
3173 898 3317 947 actio
3345 897 3415 949 sit
3440 912 3664 952 necesse

2085 989 2164 1034 cst
2192 995 2454 1049 :quorum
2476 992 2653 1033 autem
2675 982 2893 1035 diversa
2913 991 3019 1043 est,
3044 985 3238 1035 borum
3258 984 3422 1037 etiam
3446 986 3662 1041 diversa

2085 1072 2342 1126 voluntas
2388 1080 2443 1125 ει
2485 1072 2630 1125 actio
2657 1072 2748 1134 sit,
2798 1080 3031 1140 oportet.
3117 1071 3181 1125 Et
3213 1083 3404 1126 contra
3428 1091 3661 1141 quorum

2088 1168 2341 1219 voluntas
2370 1173 2424 1218 et
2454 1165 2597 1218 actio
2619 1164 2807 1219 eadem
2840 1174 2942 1229 est,
2976 1179 3166 1219 eorum
3226 1166 3416 1219 eadem
3446 1182 3664 1236 quoque

2087 1253 2418 1319 substantia,
2438 1267 2521 1309 est
2547 1272 2560 1308 :
2598 1270 2836 1323 quorum
2868 1267 3051 1308 autem
3082 1255 3273 1324 dispar
3323 1257 3579 1311 voluntas
3607 1265 3664 1310 et

2087 1347 2251 1411 actio,
2309 1347 2504 1402 borum
2567 1348 2729 1401 etiam
2766 1347 2956 1415 diSpar
3001 1356 3087 1403 est
3138 1348 3468 1402 substantia.

2159 1437 2429 1504 Quocirca
2524 1439 2577 1491 in
2612 1437 2768 1492 Patre
2794 1437 3017 1506 quidem
3070 1446 3124 1490 ct
3155 1436 3314 1503 Filio,
3350 1450 3403 1493 et
3456 1440 3661 1508 Spiritu

2087 1539 2299 1595 sancto,
2326 1530 2455 1600 quia
2487 1530 2676 1584 eadem
2712 1530 2967 1584 voluntas
2996 1537 3159 1599 atque
3181 1531 3325 1584 actio
3378 1540 3665 1597 cst,eatn-

2085 1622 2207 1677 dent
2233 1636 2451 1693 quoque
2484 1629 2738 1675 naturam
2780 1636 2906 1676 esse
2942 1622 3318 1688 agnoscimus.
3356 1623 3424 1675 At
3480 1623 3533 1676 in
3581 1622 3665 1676 di-

2084 1714 2211 1768 vina
2248 1714 2628 1768 incarnatione
2652 1727 2716 1767 ex
2751 1712 3029 1767 actionum
3062 1720 3117 1767 et
3160 1713 3500 1767 voluntatum
3547 1715 3664 1769 dis-

406 1802 512 1857 τῶν
541 1798 853 1871 ἐνεργειῶν,
879 1797 974 1852 καὶ
1006 1795 1114 1850 τῶν
1136 1794 1262 1866 θελη
1273 1795 1480 1865 μάτων,
1505 1797 1600 1850 καὶ
1622 1798 1719 1871 τὴν
1751 1801 1860 1853 τῶν
1885 1800 1983 1870 φύν

2090 1804 2320 1859 crimine
2351 1813 2672 1856 naturarum
2703 1817 2921 1872 quoque
2953 1801 3252 1856 discrimen
3289 1805 3661 1873 agnoscimus,

404 1913 546 1949 Oswv
576 1891 843 1963 διαφορὰν
891 1888 1347 1959 ἐπιγινώσκομεν,
1379 1887 1477 1943 καὶ
1500 1889 1601 1961 τὴν
1620 1890 1730 1945 τῶν
1765 1892 1986 1961 φύσεων

402 1984 668 2052 διαφοράν
699 1981 901 2044 εἰδότες
933 1976 1429 2050 συνομολογοῦμεν,
1468 1979 1563 2032 καὶ
1599 1979 1662 2034 τὸ
1684 1980 1795 2035 τῶν
1828 1982 1985 2055 θεληο

407 2074 596 2144 μάτων
632 2071 727 2125 καὶ
761 2068 1051 2141 ἐνεργειῶν
1081 2068 1355 2139 διάφορον.
1388 2067 1601 2141 Ὠσπερ
1632 2071 1739 2143 γάρ
1760 2073 1867 2127 τῶν
1891 2073 1984 2128 τοῦ

404 2163 573 2217 αὐτοῦ
601 2162 697 2215 καὶ⁸
730 2162 846 2226 ἐνὸς
875 2159 1115 2231 Χριστοῦ
1162 2158 1379 2229 φύσεων
1406 2160 1435 2213 ό
1463 2161 1716 2232 ἀριθμός,
1744 2164 1987 2231 εὐσεϐῶς

402 2254 693 2325 νοούμενός
720 2269 781 2306 τε
830 2252 924 2306 καὶ
945 2251 1259 2322 λεγόμενος,
1292 2251 1355 2303 ού
1380 2250 1580 2323 διαιρεῖ
1604 2252 1697 2305 τὸν
1721 2253 1816 2309 ἕνα
1851 2257 1988 2326 Χρι-

398 2340 547 2403 στὸν,
586 2341 728 2396 ἀλλὰ
771 2344 1115 2415 σωζομένην,
1144 2346 1241 2401 καὶ
1269 2346 1327 2399 ἐν
1366 2347 1432 2415 τῇ
1475 2344 1983 2417 ἐνώσειπαρίστησι

394 2434 506 2486 τῶν
536 2434 759 2502 φύσεων
792 2436 894 2507 τὴν
922 2436 1214 2508 διαφορὰν,
1248 2437 1393 2491 οὕτω
1431 2438 1526 2490 καὶ
1551 2439 1579 2490 ὀ
1599 2437 1834 2506 ἀριθμὸς
1869 2437 1981 2489 τῶν

394 2523 670 2589 οὐσιωδςῦς
703 2528 1023 2597 προσόντων
1050 2530 1167 2591 ταῖς
1192 2528 1361 2583 αὐτοῦ
1405 2529 1606 2598 φύσεσι
1652 2529 1978 2598 θελημάτων

396 2619 492 2670 καὶ
518 2619 837 2688 ἐνεργειῶν·
866 2622 995 2676 κατ’
1022 2622 1191 2692 ἄμφω
1208 2625 1320 2695 γὰρ
1338 2623 1435 2684 τὰς
1460 2622 1656 2692 φῦσεις
1690 2622 1978 2690 θελητικδς

394 2704 485 2779 ἦν,
517 2711 611 2763 καὶ
638 2713 995 2783 ἐνεργητικὸς
1034 2715 1133 2785 τῆς
1155 2714 1313 2784 ἡμῶν
1344 2715 1645 2785 σωτηρίαςο
1675 2713 1738 2765 οὐ
1772 2713 1979 2782 διαίρε-

398 2819 485 2855 σιν
514 2803 749 2873 εῑσάγει·
787 2806 863 2875 μὴ
895 2805 1129 2874 γένοιτο·
1154 2805 1295 2860 ἀλλὰ
1324 2806 1422 2878 τὴν
1462 2804 1643 2859 αὐτῶν
1669 2805 1841 2876 δηλοῖ,
1884 2804 1983 2857 καὶ

402 2895 584 2964 μόνον,
616 2897 718 2950 κάν
745 2898 811 2967 τῇ
842 2897 1054 2961 ἐνώσει,
1087 2896 1337 2968 φυλακὴν
1364 2895 1461 2952 καὶ
1490 2896 1789 2965 σωτηρίαν.
1818 2897 1981 2948 ⁶ἰδυσι-

399 2986 472 3038 κὰ
505 2986 634 3056 γὰρ,
664 2987 878 3057 καὶόὺχ
913 2988 1256 3042 ύποστατικά
1274 3004 1455 3058 φαμεν
1482 2988 1550 3041 τά
1577 2988 1859 3059 θελήματα
1882 2990 1980 3041 καὶ

399 3075 500 3139 τὰς
546 3076 855 3144 ἐνεργείας.
905 3079 1059 3146 Λέγω
1105 3078 1160 3131 δὲ
1196 3077 1368 3145 αὐτὴν
1402 3077 1505 3148 τὴν
1563 3077 1858 3148 θελητικὴν
1890 3077 1983 3130 καὶ

401 3168 762 3239 ἐνεργητικὴν
785 3169 1038 3240 δύναμιν,
1060 3170 1182 3223 καθ’
1204 3170 1271 3239 ἢν
1302 3168 1448 3223 θέλει
1478 3168 1575 3225 καὶ
1589 3169 1808 3240 ἐνεργεῖ
1835 3169 1904 3222 τά
1920 3186 1980 3221 τε

2088 1909 2154 1950 ac
2177 1903 2501 1949 naturarum
2534 1892 2830 1948 discrimen
2864 1892 3208 1960 exploratum
3254 1892 3539 1955 habentes,
3573 1908 3665 1946 vo-

2086 1985 2357 2040 luntatum
2383 1985 2546 2039 etiam
2588 1991 2643 2039 et
2669 1984 2946 2037 actionum
2990 1982 3289 2037 discrimen
3310 1982 3681 2037 confitemur.»

2087 2075 2560 2144 Quemadmodum
2585 2075 2733 2129 enim
2767 2075 2932 2129 unius
2980 2084 3033 2128 et
3058 2073 3300 2142 ejusdem
3330 2072 3535 2129 Christi
3561 2089 3663 2128 na-

2086 2179 2642 2229 turarumnumerus,
2677 2166 2724 2220 si
2759 2167 2848 2236 pie
2886 2165 3221 2233 intelligatur
3239 2175 3292 2219 et
3314 2164 3660 2233 praedicetur,

2088 2271 2259 2312 unum
2295 2256 2574 2312 Christum
2609 2268 2956 2324 nequaquam
2994 2252 3231 2321 dividit;
3288 2270 3475 2308 verum
3510 2254 3665 2308 inco—

2091 2345 2295 2397 lumem
2323 2344 2489 2398 etiam
2518 2344 2572 2397 in
2607 2345 2812 2399 unione
2858 2344 3226 2400 dill‘erentiam
3260 2342 3500 2398 ostendit
3528 2360 3542 2397 :
3592 2343 3668 2399 ita

2089 2447 2278 2487 earum
2302 2433 2647 2488 voluntatum
2671 2440 2728 2487 et
2752 2434 3035 2488 actionum
3071 2447 3354 2495 numerus,
3387 2447 3511 2501 quae
3533 2432 3666 2486 sub-

2087 2526 2416 2580 stantialiter
2443 2526 2575 2596 ipsis
2625 2526 2840 2581 naturis
2907 2526 3244 2580 conveniunt
3304 2524 3531 2594 (etenim
3580 2539 3671 2578 sc-

2087 2618 2331 2671 cundum
2393 2628 2683 2688 utramque
2715 2628 2965 2672 naturam
2996 2617 3071 2671 ita
3133 2625 3490 2686 comparatus
3543 2625 3663 2670 erat

2090 2719 2151 2764 ut
2189 2711 2353 2764 vellet
2378 2720 2433 2765 et
2461 2709 2831 2779 operaretur),
2884 2710 3213 2764 divisionem
3278 2723 3385 2762 non
3452 2707 3668 2761 inducit

2090 2801 2342 2872 (absit),
2394 2802 2487 2857 sed
2536 2817 2726 2857 earum
2779 2802 3048 2856 duntaxat
3130 2800 3295 2854 etiam
3345 2799 3400 2853 in
3456 2798 3663 2851 unione

2090 2893 2566 2947 conservationem
2588 2900 2644 2947 et
2677 2891 3112 2947 incolumitatem
3137 2889 3342 2965 prodit.
3375 2889 3666 2948 Naturales

2090 2983 2365 3053 siquidem
2401 2997 2543 3048 esse,
2572 2998 2635 3038 ac
2692 2997 2800 3039 non
2856 2987 3190 3058 personales,
3248 2985 3559 3039 voluntates
3616 2991 3675 3035 ct

2090 3077 2339 3131 actiones
2368 3076 2643 3150 dicimus;
2678 3081 2781 3136 hoc
2820 3090 2905 3137 est
2953 3082 3062 3134 vim
3121 3080 3293 3147 ipsam
3343 3076 3561 3131 volendi
3612 3085 3664 3128 et

2087 3169 2308 3239 agendi,
2336 3183 2436 3237 per
2457 3189 2621 3244 quam
2654 3173 2844 3228 volunt
2881 3180 2936 3227 et
2964 3181 3151 3241 agunt.
3177 3170 3233 3225 Si
3267 3169 3414 3222 enim
3478 3182 3667 3236 perso-

404 3258 629 3313 θέλοντα
656 3261 753 3313 καὶ
785 3260 1141 3331 ἐνεργοῦντα.
1190 3262 1387 3333 Είξγὰρ
1425 3262 1768 3316 ύποστατικά
1800 3260 1984 3330 δῶμεν

2091 3261 2243 3320 nales
2270 3280 2392 3320 esse
2440 3266 2900 3329 concesserimus,
2958 3273 3073 3319 tres
3124 3272 3327 3318 sancta:
3382 3259 3670 3316 Trinitatis

403 3353 564 3418 αὐτὰ,
607 3354 947 3423 ἐτεροθελείς
975 3356 1071 3408 καὶ
1106 3356 1513 3424 ἐτεροενεργείς
1542 3356 1641 3417 τὰς
1678 3355 1827 3425 τρεῖς
1852 3354 1987 3406 ὑπο-

405 3444 622 3508 στάσεις
650 3446 746 3516 τῆς
781 3446 1197 3518 άγίαςτριάδος
1216 3448 1396 3500 εἰπεῖν
1424 3445 1981 3516 ἀναγκασθησόμεθα.

403 3536 551 3599 Μιᾶς
582 3537 692 3606 γάρ
723 3537 1080 3603 ὑποστάσεως
1111 3539 1619 3609 χαρακτηριστικδν
1648 3537 1709 3592 τὺ
1741 3538 1985 3597 ὑποστα-

400 3629 554 3680 τικόν
584 3645 641 3680 τε
666 3630 760 3683 καὶ
794 3629 1096 3698 γνωμικόν.

486 3717 688 3773 ’ἰστέον
720 3719 831 3790 γὰρ
861 3721 937 3784 ὡς
958 3720 1021 3773 οὐ
1049 3718 1248 3774 ταύτόν
1280 3720 1421 3792 ἐστι,
1457 3722 1655 3791 θέλειν,
1717 3722 1815 3777 καὶ
1864 3724 1984 3787 πῶς

404 3805 603 3862 θέλειν.
628 3809 689 3861 τὸ
723 3809 824 3879 μὲν
858 3811 970 3880 γὰρ
1005 3809 1202 3877 θέλειν,
1238 3807 1479 3883 φύσεως,
1529 3812 1721 3885 ῶσπερ
1771 3815 1869 3868 καὶ
1925 3815 1988 3868 τὸ

404 3898 559 3969 όρᾷνο
594 3899 729 3954 πᾶσι
754 3901 863 3969 γὰρ
899 3900 1207 3970 άνδρώιῐοις
1250 3906 1548 3986 πρόσεστιο
1578 3905 1638 3958 τὸ
1660 3906 1715 3958 δὲ
1756 3906 1873 3969 πῶς
1901 3906 1989 3959 θέ-

405 3989 545 4056 λειν,
574 3991 636 4044 ού
662 3989 904 4058 φύσεως,
934 3990 1075 4051 ἀλλὰ
1096 3997 1194 4068 τῆς
1214 3997 1495 4067 ἡμετέρας
1514 3994 1764 4065 γνώμης,
1798 3995 1991 4067 ὥσπερ

407 4080 501 4135 καὶ
546 4082 609 4133 τὺ
635 4081 751 4145 πῶς
775 4084 931 4159 όρᾷν,
958 4089 1142 4151 καλῶς
1173 4087 1207 4160 ἢ
1265 4087 1474 4150 κακῶς.
1534 4088 1611 4140 Ού
1643 4087 1753 4157 γὰρ
1786 4087 1991 4149 πάντες

405 4172 689 4244 ἄνθρωποι
705 4182 909 4251 ὁμοίως
932 4180 1200 4247 θέλουσιν,
1229 4179 1340 4233 οὐδ’
1358 4179 1561 4250 ὁμοίως
1586 4180 1778 4249 ὁρῶσι.
1815 4179 1990 4233 Τοῦτο

405 4263 463 4319 δδ
500 4272 594 4325 καὶ
612 4272 706 4327 ἐπὶ
736 4271 845 4326 τῶν
867 4270 1160 4342 ἐνεργειῶν
1190 4270 1458 4341 δώσομεν.
1493 4270 1567 4324 Τὸ
1610 4271 1718 4343 γάρ
1752 4270 1868 4335 πῶς
1900 4270 1994 4325 θέ-

408 4363 544 4428 λειν,
583 4364 700 4428 πῶς
733 4364 886 4435 όρᾷν,
950 4365 983 4433 ἢ
1016 4362 1133 4425 πῶς
1166 4364 1432 4432 ἐνεργεῖν,
1489 4365 1692 4435 τρόπος
1747 4365 1866 4416 ἐστὶ
1893 4365 1995 4433 τῆς

410 4452 505 4506 τοῦ
537 4452 735 4520 θέλειν,
763 4452 859 4508 καὶ⁹
883 4452 1040 4522 όρᾷν,
1088 4454 1181 4506 καὶ
1216 4453 1462 4521 ἐνεργεῖν
1524 4453 1803 4521 χρήσεως,
1845 4452 1994 4521 μόνῳ

410 4544 487 4614 τῷ
516 4545 844 4615 κεχρημένῳ
895 4545 1142 4613 προσὼν,
1176 4545 1271 4597 καὶ
1302 4543 1411 4595 τῶν
1434 4543 1613 4596 ἄλλων
1658 4544 1823 4597 αὐτὸν
1854 4545 1996 4597 κατὰ

409 4636 513 4707 τὴν
544 4638 743 4700 κοινῶς
772 4637 1077 4706 λεγομένην
1101 4636 1365 4704 διαφορὰν
1396 4634 1672 4706 χωρίζων.

2089 3370 2356 3426 personas
2395 3357 2627 3413 diversa:
2652 3357 2808 3411 inter
2834 3371 2891 3411 se
2922 3354 3217 3411 voluntatis
3245 3362 3408 3423 atque
3437 3349 3672 3406 actionis

2089 3450 2401 3505 necessario
2423 3450 2692 3506 dicemus.
2728 3450 2905 3507 Unius
2945 3449 3089 3504 enim
3116 3460 3363 3517 personae
3399 3444 3669 3497 rationem

2086 3541 2337 3612 designat
2365 3541 2510 3610 quod
2543 3543 2828 3611 personale
2858 3550 2914 3596 et
2944 3540 3257 3610 gnomicum
3282 3545 3385 3592 est.

2164 3715 2232 3771 Ut
2266 3718 2509 3774 voluntas
2544 3734 2593 3773 et
2621 3723 2783 3785 actio,
2827 3730 3073 3787 natm-re;
3113 3726 3189 3773 sic
3246 3716 3369 3770 talis
3427 3714 3672 3768 voluntas

2089 3817 2248 3879 atque
2278 3812 2432 3875 actio,
2457 3828 2712 3878 personw.
2746 3843 2817 3853 —
2839 3812 3133 3867 Sciendum
3194 3811 3341 3865 enim
3395 3818 3500 3868 est.
3560 3820 3671 3859 non

2093 3899 2238 3954 idem
2257 3914 2378 3955 esse
2405 3902 2565 3967 velle,
2590 3911 2755 3970 atque
2785 3901 2889 3956 hoc
2912 3902 2993 3955 vel
3025 3901 3118 3953 illo
3144 3898 3308 3953 tnodo
3335 3896 3493 3951 velle.
3521 3894 3673 3948 Velle

2092 3990 2366 4060 siquidem
2403 4002 2614 4047 natura:
2650 4001 2755 4059 est,
2786 4000 2845 4046 ut
2872 4001 2928 4046 et
2960 3990 3167 4045 videre.
3201 3987 3471 4042 Omnibus
3525 3985 3673 4039 enim

2093 4082 2414 4139 hominibus
2440 4084 2546 4139 hoc
2571 4083 2850 4139 convenit.
2878 4081 2947 4136 At
2976 4091 3128 4137 certo
3156 4080 3319 4135 modo
3365 4079 3529 4140 velle,
3555 4091 3662 4129 non

2094 4186 2310 4233 natura:
2330 4185 2437 4238 est.
2467 4179 2561 4233 sed
2590 4176 2761 4232 nostri
2785 4176 2998 4232 consilii
3032 4185 3087 4229 et
3107 4172 3393 4229 sententia:
3424 4187 3439 4226 :
3468 4184 3668 4241 quem-

2094 4269 2391 4323 admodum
2418 4278 2473 4325 et
2512 4278 2665 4324 certo
2691 4267 2855 4324 modo
2884 4268 3096 4333 videre,
3153 4256 3258 4321 hoc
3280 4276 3363 4321 est
3418 4265 3559 4319 bene
3594 4263 3678 4319 vel

2096 4364 2259 4419 male.
2284 4362 2404 4417 Non
2433 4363 2579 4417 enim
2609 4377 2799 4417 omnes
2834 4360 3086 4416 homines
3132 4360 3326 4415 eodem
3382 4358 3548 4412 modo
3579 4371 3669 4411 vo-

2098 4454 2237 4523 lunt,
2269 4470 2448 4524 neque
2479 4455 2673 4511 eodem
2711 4455 2880 4510 modo
2903 4454 3111 4509 vident.
3148 4451 3260 4508 Hoc
3287 4458 3469 4505 autem
3505 4450 3670 4505 etiam

2099 4548 2154 4602 in
2181 4547 2488 4602 actionibus
2550 4547 2939 4602 concedemus.
2971 4546 3109 4601 Nam
3137 4554 3291 4600 certo
3314 4543 3481 4598 modo
3510 4543 3671 4605 velle,

2020 4629 2072 4691 D
2098 4637 2440 4695 certomodo
2465 4638 2677 4703 videre,
2702 4647 2853 4693 certo
2881 4638 3045 4691 modo
3104 4650 3286 4707 agere,
3340 4634 3538 4690 modus
3588 4642 3674 4687 est

412 4745 522 4801 quo
556 4733 680 4801 quis
710 4732 995 4789 voluntate
1027 4732 1220 4796 utitur,
1253 4746 1469 4786 necnon
1502 4728 1727 4785 videndi
1759 4740 1925 4801 atque
1956 4733 2154 4805 agendi
2189 4735 2479 4804 facultate,
2521 4752 2644 4808 qua:
2665 4734 2769 4791 soli
2800 4732 2976 4789 utenti
3004 4732 3178 4800 adest,
3207 4746 3446 4803 eumque
3473 4744 3675 4785 secun-

414 4823 545 4878 dum
581 4822 854 4879 rationem
880 4823 1209 4879 differentiae
1233 4822 1615 4880 communiter
1637 4825 1799 4880 dicta:
1835 4824 1904 4878 ab
1927 4824 2055 4883 aliis
2084 4827 2348 4883 secernit.

863 5014 966 5069 Ἐκ
994 5010 1101 5066 τοῦ
1131 5008 1319 5064 αὑτοῦ
1351 5009 1562 5078 λόγου.

489 5110 553 5165 El
587 5108 709 5162 κατ’
741 5105 926 5161 εἰκόνα
949 5106 1046 5173 τῆς
1071 5102 1349 5173 μακαρίας
1379 5102 1472 5153 καὶ
1503 5098 1839 5169 ὑπερουσὶου
1873 5094 1992 5149 θεό-

416 5218 580 5270 τητος
639 5201 667 5251 ὁ
701 5197 990 5267 ἄνθρωπος
1042 5196 1361 5263 γεγένηται·
1419 5188 1771 5255 αὑτεξούσιος
1816 5186 1873 5239 δὲ
1902 5184 2003 5255 φύ-

420 5312 505 5348 σει
546 5294 643 5347 καὶ
696 5290 958 5359 θελητικὴ
988 5291 1020 5357 ἡ
1055 5286 1176 5342 θεία
1238 5285 1424 5355 φύσις,
1479 5284 1586 5354 ἄρα
1616 5281 1755 5335 καὶὸ
1791 5278 2005 5349 ἄνθρω-

423 5402 546 5449 πος,
602 5385 677 5446 ὼς
728 5382 899 5450 αὐτῆς
944 5379 1133 5445 εἰκὼν,
1192 5375 1542 5442 αὐτεξούσιος
1583 5373 1744 5443 φύσει
1777 5370 1872 5424 καὶ
1920 5370 2005 5421 Οε-

421 5478 664 5551 λητικός.
720 5475 795 5530 Τὸ
839 5477 950 5545 γάρ
1004 5472 1380 5536 αὐτεξούσιον,
1438 5467 1659 5537 θέλησιν
1728 5462 2006 5533 ὡρίσαντο

432 5573 483 5624 οι
534 5572 797 5638 Πατέρες.

501 5665 619 5716 Ἔτι
648 5664 703 5716 δὲ
736 5664 784 5715 εί
820 5662 987 5715 πᾶσιν
1011 5655 1324 5727 ἀνθρώποις
1364 5651 1662 5721 ἐνυπάρχει
1711 5647 1772 5699 τὸ
1805 5644 2006 5709 θέλειν,

430 5759 527 5811 καὶ
555 5759 614 5810 ού
645 5759 760 5818 τοῖς
792 5755 892 5825 μὲν
923 5752 1244 5820 ἐνυπάρχει,
1287 5748 1401 5808 τοῖς
1449 5745 1506 5797 δὲ
1547 5745 1646 5796 οὐκ
1680 5737 2003 5808 ἐνυπάρχει·

432 5869 493 5909 το
514 5851 571 5907 δὲ
609 5848 803 5913 κοινῶς
844 5849 1011 5904 πᾶσιν
1039 5840 1500 5913 ἐνθεωρούμενον,
1537 5836 1701 5911 φύσιν
1731 5847 2011 5905 χαρακτη-

2635 5001 2717 5057 Ex
2742 4999 2920 5057 cadent
2949 5004 3140 5071 capite.

2173 5095 2229 5152 Si
2263 5095 2328 5151 ad
2357 5096 2529 5151 beatae
2554 5103 2611 5152 et
2655 5090 3130 5163 superessentialis
3173 5086 3482 5144 divinitatis
3546 5084 3687 5142 ima-

2104 5189 2288 5261 ginem
2346 5189 2600 5244 conditus
2653 5195 2739 5242 est
2791 5185 2975 5251 homo,
3036 5182 3284 5253 profectu
3331 5194 3456 5236 cum
3484 5185 3676 5231 natura

2106 5280 2290 5335 divina
2326 5278 2495 5333 libera
2528 5278 2618 5341 sit,
2649 5284 2705 5331 et
2733 5276 2934 5329 virtute
2984 5274 3200 5328 volendi
3228 5280 3422 5341 suapte
3484 5278 3680 5322 natura

2108 5370 2329 5441 polleat,
2355 5368 2520 5423 homo
2545 5380 2764 5437 quoque
2799 5365 2893 5435 qui
2927 5365 3048 5433 ejus
3101 5364 3280 5432 imago
3328 5369 3433 5423 est,
3487 5358 3687 5413 iisdem

2108 5479 2141 5519 a
2168 5454 2361 5515 natura
2389 5458 2652 5530 praeditus
2694 5458 2823 5513 erit.
2870 5455 3086 5510 Etenim
3121 5454 3310 5509 Patres
3335 5450 3574 5505 liberum
3605 5463 3693 5502 ar-

2118 5554 2343 5608 bitrium
2383 5550 2719 5604 voluntatem
2749 5562 2870 5601 esse
2893 5544 3249 5599 definierunt.

2189 5643 2271 5699 Ad
2326 5640 2443 5696 liam
2511 5641 2757 5709 insuper,
2815 5638 2861 5692 si
2914 5636 3131 5690 cunctis
3183 5631 3504 5688 hominibus
3552 5630 3690 5684 velle

2121 5736 2284 5799 inest,
2314 5748 2379 5788 ac
2411 5748 2519 5788 non
2563 5741 2620 5786 ut
2651 5728 2981 5800 quibusdam
3018 5727 3166 5792 insit,
3219 5723 3547 5796 quibusdam
3580 5737 3689 5777 non

2123 5829 2281 5895 insit;
2311 5825 2505 5898 procul
2539 5822 2730 5890 dubio,
2764 5836 2890 5877 cum
2919 5820 2973 5876 id
3011 5818 3158 5891 quod
3208 5815 3575 5875 communiter
3638 5814 3694 5869 in
