  <div class='ocr_page' id='page_1' title='image "/cluster/home/n/w/nwhite01/storage/ocr_20150623/130:no.3/coo.31924054870351/585.png"; bbox 0 0 4082 6424; ppageno 0'>
   <div class='ocr_carea' id='block_1_1' title="bbox 408 355 538 422">
    <p class='ocr_par' dir='ltr' id='par_1_1' title="bbox 408 355 538 422">
     <span class='ocr_line' id='line_1_1' title="bbox 408 355 538 422; baseline 0.023 -3"><span class='ocrx_word' id='word_1_1' title='bbox 408 355 538 422; x_wconf 61' lang='grc'><strong>1151</strong></span> 
     </span>
    </p>
   </div>
   <div class='ocr_carea' id='block_1_2' title="bbox 1644 355 2428 422">
    <p class='ocr_par' dir='ltr' id='par_1_2' title="bbox 1644 355 2428 422">
     <span class='ocr_line' id='line_1_2' title="bbox 1644 355 2428 422; baseline 0.004 -3"><span class='ocrx_word' id='word_1_2' title='bbox 1644 355 2023 419; x_wconf 72' lang='grc' dir='ltr'><strong>ΕΗῚῚΙΥΜΙΙ</strong></span> <span class='ocrx_word' id='word_1_3' title='bbox 2073 361 2428 422; x_wconf 65' lang='grc' dir='ltr'><strong>ΖΙΟᾹΒΕΝΙ</strong></span> 
     </span>
    </p>
   </div>
   <div class='ocr_carea' id='block_1_3' title="bbox 3543 371 3683 434">
    <p class='ocr_par' dir='ltr' id='par_1_3' title="bbox 3543 371 3683 434">
     <span class='ocr_line' id='line_1_3' title="bbox 3543 371 3683 434; baseline -0.007 0"><span class='ocrx_word' id='word_1_4' title='bbox 3543 371 3683 434; x_wconf 68' lang='lat'><strong>“59.</strong></span> 
     </span>
    </p>
   </div>
   <div class='ocr_carea' id='block_1_4' title="bbox 404 471 1982 552">
    <p class='ocr_par' dir='ltr' id='par_1_4' title="bbox 404 471 1982 544">
     <span class='ocr_line' id='line_1_4' title="bbox 404 471 1982 544; baseline -0.002 -15"><span class='ocrx_word' id='word_1_5' title='bbox 404 475 666 529; x_wconf 83' lang='lat' dir='ltr'><strong>omnibus</strong></span> <span class='ocrx_word' id='word_1_6' title='bbox 692 475 1096 541; x_wconf 83' lang='lat' dir='ltr'><strong>consideratur,</strong></span> <span class='ocrx_word' id='word_1_7' title='bbox 1124 483 1334 531; x_wconf 65' lang='lat' dir='ltr'><strong>naturae</strong></span> <span class='ocrx_word' id='word_1_8' title='bbox 1364 483 1547 530; x_wconf 88' lang='lat' dir='ltr'><strong>notam</strong></span> <span class='ocrx_word' id='word_1_9' title='bbox 1622 473 1678 528; x_wconf 90' lang='lat' dir='ltr'><strong>in</strong></span> <span class='ocrx_word' id='word_1_10' title='bbox 1732 471 1982 544; x_wconf 73' lang='lat' dir='ltr'><strong>subjectis</strong></span> 
     </span>
    </p>
   </div>
   <div class='ocr_carea' id='block_1_5' title="bbox 2089 471 3668 552">
    <p class='ocr_par' dir='ltr' id='par_1_5' title="bbox 2097 473 3668 552">
     <span class='ocr_line' id='line_1_5' title="bbox 2097 473 3668 552; baseline 0.006 -25"><span class='ocrx_word' id='word_1_11' title='bbox 2097 475 2238 543; x_wconf 77' lang='grc' dir='ltr'>ριζει</span> <span class='ocrx_word' id='word_1_12' title='bbox 2276 477 2332 528; x_wconf 83' lang='grc' dir='ltr'>ἐν</span> <span class='ocrx_word' id='word_1_13' title='bbox 2361 478 2472 540; x_wconf 62' lang='grc' dir='ltr'>ταῖς</span> <span class='ocrx_word' id='word_1_14' title='bbox 2500 473 2594 530; x_wconf 77' lang='grc' dir='ltr'><strong>ὑπ’</strong></span> <span class='ocrx_word' id='word_1_15' title='bbox 2620 476 2753 531; x_wconf 83' lang='grc' dir='ltr'>αὐτὸ</span> <span class='ocrx_word' id='word_1_16' title='bbox 2782 477 3024 551; x_wconf 73' lang='grc' dir='ltr'>ἀτόμοιςο</span> <span class='ocrx_word' id='word_1_17' title='bbox 3070 477 3180 548; x_wconf 77' lang='grc' dir='ltr'>ἄρα</span> <span class='ocrx_word' id='word_1_18' title='bbox 3221 479 3386 549; x_wconf 78' lang='grc' dir='ltr'>φύσει</span> <span class='ocrx_word' id='word_1_19' title='bbox 3449 480 3668 552; x_wconf 78' lang='grc' dir='ltr'>θελητι-</span> 
     </span>
    </p>
   </div>
   <div class='ocr_carea' id='block_1_6' title="bbox 404 565 1982 640">
    <p class='ocr_par' dir='ltr' id='par_1_6' title="bbox 404 565 1982 640">
     <span class='ocr_line' id='line_1_6' title="bbox 404 565 1982 640; baseline -0.001 -17"><span class='ocrx_word' id='word_1_20' title='bbox 404 580 460 623; x_wconf 91' lang='lat' dir='ltr'><strong>et</strong></span> <span class='ocrx_word' id='word_1_21' title='bbox 493 568 790 625; x_wconf 80' lang='lat' dir='ltr'><strong>individuis</strong></span> <span class='ocrx_word' id='word_1_22' title='bbox 817 572 1107 640; x_wconf 80' lang='lat' dir='ltr'><strong>exprimat,</strong></span> <span class='ocrx_word' id='word_1_23' title='bbox 1166 570 1331 625; x_wconf 91' lang='lat' dir='ltr'><strong>homo</strong></span> <span class='ocrx_word' id='word_1_24' title='bbox 1388 567 1610 626; x_wconf 87' lang='lat' dir='ltr'><strong>valendi</strong></span> <span class='ocrx_word' id='word_1_25' title='bbox 1662 565 1982 622; x_wconf 74' lang='lat' dir='ltr'><strong>facultatem</strong></span> 
     </span>
    </p>
   </div>
   <div class='ocr_carea' id='block_1_7' title="bbox 407 663 592 718">
    <p class='ocr_par' dir='ltr' id='par_1_7' title="bbox 407 663 592 718">
     <span class='ocr_line' id='line_1_7' title="bbox 407 663 592 718; baseline 0.016 -3"><span class='ocrx_word' id='word_1_26' title='bbox 407 663 592 718; x_wconf 86' lang='lat' dir='ltr'><strong>habet.</strong></span> 
     </span>
    </p>
   </div>
   <div class='ocr_carea' id='block_1_8' title="bbox 477 755 1988 827">
    <p class='ocr_par' dir='ltr' id='par_1_8' title="bbox 477 755 1988 827">
     <span class='ocr_line' id='line_1_8' title="bbox 477 755 1988 827; baseline 0 -18"><span class='ocrx_word' id='word_1_27' title='bbox 477 761 554 810; x_wconf 79' lang='lat' dir='ltr'><strong>Ac</strong></span> <span class='ocrx_word' id='word_1_28' title='bbox 585 773 794 823; x_wconf 86' lang='lat' dir='ltr'><strong>rursus,</strong></span> <span class='ocrx_word' id='word_1_29' title='bbox 839 755 883 812; x_wconf 94' lang='lat' dir='ltr'><strong>si</strong></span> <span class='ocrx_word' id='word_1_30' title='bbox 917 765 1109 810; x_wconf 82' lang='lat' dir='ltr'><strong>natura</strong></span> <span class='ocrx_word' id='word_1_31' title='bbox 1144 771 1248 812; x_wconf 89' lang='lat' dir='ltr'><strong>nec</strong></span> <span class='ocrx_word' id='word_1_32' title='bbox 1280 756 1473 827; x_wconf 80' lang='lat' dir='ltr'><strong>magis,</strong></span> <span class='ocrx_word' id='word_1_33' title='bbox 1530 770 1634 811; x_wconf 89' lang='lat' dir='ltr'><strong>nec</strong></span> <span class='ocrx_word' id='word_1_34' title='bbox 1677 755 1865 810; x_wconf 89' lang='lat' dir='ltr'><strong>minus</strong></span> <span class='ocrx_word' id='word_1_35' title='bbox 1904 769 1988 809; x_wconf 86' lang='lat' dir='ltr'><strong>re—</strong></span> 
     </span>
    </p>
   </div>
   <div class='ocr_carea' id='block_1_9' title="bbox 405 846 1986 918">
    <p class='ocr_par' dir='ltr' id='par_1_9' title="bbox 405 846 1986 918">
     <span class='ocr_line' id='line_1_9' title="bbox 405 846 1986 918; baseline -0.001 -16"><span class='ocrx_word' id='word_1_36' title='bbox 405 848 558 916; x_wconf 81' lang='lat' dir='ltr'><strong>cipit,</strong></span> <span class='ocrx_word' id='word_1_37' title='bbox 587 864 720 903; x_wconf 86' lang='lat' dir='ltr'><strong>sane</strong></span> <span class='ocrx_word' id='word_1_38' title='bbox 750 865 874 903; x_wconf 91' lang='lat' dir='ltr'><strong>cum</strong></span> <span class='ocrx_word' id='word_1_39' title='bbox 899 849 1156 903; x_wconf 88' lang='lat' dir='ltr'><strong>omnibus</strong></span> <span class='ocrx_word' id='word_1_40' title='bbox 1173 864 1429 918; x_wconf 66' lang='lat' dir='ltr'><strong>peraeque</strong></span> <span class='ocrx_word' id='word_1_41' title='bbox 1446 849 1582 903; x_wconf 80' lang='lat' dir='ltr'><strong>velle</strong></span> <span class='ocrx_word' id='word_1_42' title='bbox 1610 849 1763 914; x_wconf 83' lang='lat' dir='ltr'><strong>insit,</strong></span> <span class='ocrx_word' id='word_1_43' title='bbox 1789 863 1852 903; x_wconf 89' lang='lat' dir='ltr'><strong>ac</strong></span> <span class='ocrx_word' id='word_1_44' title='bbox 1874 846 1986 902; x_wconf 86' lang='lat' dir='ltr'><strong>non</strong></span> 
     </span>
    </p>
   </div>
   <div class='ocr_carea' id='block_1_10' title="bbox 404 940 1986 1012">
    <p class='ocr_par' dir='ltr' id='par_1_10' title="bbox 404 940 1986 1012">
     <span class='ocr_line' id='line_1_10' title="bbox 404 940 1986 1012; baseline 0 -18"><span class='ocrx_word' id='word_1_45' title='bbox 404 941 527 995; x_wconf 89' lang='lat' dir='ltr'><strong>aliis</strong></span> <span class='ocrx_word' id='word_1_46' title='bbox 561 941 808 1006; x_wconf 84' lang='lat' dir='ltr'><strong>uberius,</strong></span> <span class='ocrx_word' id='word_1_47' title='bbox 830 940 953 995; x_wconf 83' lang='lat' dir='ltr'><strong>aliis</strong></span> <span class='ocrx_word' id='word_1_48' title='bbox 975 941 1217 1012; x_wconf 86' lang='lat' dir='ltr'><strong>parcius,</strong></span> <span class='ocrx_word' id='word_1_49' title='bbox 1238 957 1306 996; x_wconf 81' lang='lat' dir='ltr'><strong>ex</strong></span> <span class='ocrx_word' id='word_1_50' title='bbox 1346 953 1543 996; x_wconf 84' lang='lat' dir='ltr'><strong>natura</strong></span> <span class='ocrx_word' id='word_1_51' title='bbox 1603 957 1700 998; x_wconf 89' lang='lat' dir='ltr'><strong>sua</strong></span> <span class='ocrx_word' id='word_1_52' title='bbox 1748 940 1986 1010; x_wconf 80' lang='lat' dir='ltr'><strong>proinde</strong></span> 
     </span>
    </p>
   </div>
   <div class='ocr_carea' id='block_1_11' title="bbox 402 1033 1986 1104">
    <p class='ocr_par' dir='ltr' id='par_1_11' title="bbox 402 1033 1986 1104">
     <span class='ocr_line' id='line_1_11' title="bbox 402 1033 1986 1104; baseline 0.002 -18"><span class='ocrx_word' id='word_1_53' title='bbox 402 1033 622 1094; x_wconf 79' lang='lat' dir='ltr'><strong>valendi</strong></span> <span class='ocrx_word' id='word_1_54' title='bbox 693 1033 949 1088; x_wconf 73' lang='lat' dir='ltr'><strong>facultate</strong></span> <span class='ocrx_word' id='word_1_55' title='bbox 1001 1035 1260 1102; x_wconf 62' lang='lat' dir='ltr'><strong>praeditus</strong></span> <span class='ocrx_word' id='word_1_56' title='bbox 1315 1043 1402 1089; x_wconf 91' lang='lat' dir='ltr'><strong>est</strong></span> <span class='ocrx_word' id='word_1_57' title='bbox 1451 1034 1618 1090; x_wconf 83' lang='lat' dir='ltr'><strong>homo</strong></span> <span class='ocrx_word' id='word_1_58' title='bbox 1675 1053 1691 1089; x_wconf 86' lang='lat'><strong>:</strong></span> <span class='ocrx_word' id='word_1_59' title='bbox 1753 1050 1818 1090; x_wconf 76' lang='lat' dir='ltr'><strong>ex</strong></span> <span class='ocrx_word' id='word_1_60' title='bbox 1873 1049 1986 1104; x_wconf 90' lang='lat' dir='ltr'><strong>quo</strong></span> 
     </span>
    </p>
   </div>
   <div class='ocr_carea' id='block_1_12' title="bbox 401 1125 1986 1198">
    <p class='ocr_par' dir='ltr' id='par_1_12' title="bbox 401 1125 1986 1198">
     <span class='ocr_line' id='line_1_12' title="bbox 401 1125 1986 1198; baseline 0.001 -18"><span class='ocrx_word' id='word_1_61' title='bbox 401 1125 660 1190; x_wconf 73' lang='lat' dir='ltr'><strong>edicitur,</strong></span> <span class='ocrx_word' id='word_1_62' title='bbox 689 1135 750 1180; x_wconf 90' lang='lat' dir='ltr'><strong>ut</strong></span> <span class='ocrx_word' id='word_1_63' title='bbox 803 1141 926 1181; x_wconf 89' lang='lat' dir='ltr'><strong>cum</strong></span> <span class='ocrx_word' id='word_1_64' title='bbox 986 1127 1150 1180; x_wconf 88' lang='lat' dir='ltr'><strong>hatno</strong></span> <span class='ocrx_word' id='word_1_65' title='bbox 1204 1128 1410 1182; x_wconf 89' lang='lat' dir='ltr'><strong>virtute</strong></span> <span class='ocrx_word' id='word_1_66' title='bbox 1468 1127 1686 1182; x_wconf 86' lang='lat' dir='ltr'><strong>valendi</strong></span> <span class='ocrx_word' id='word_1_67' title='bbox 1756 1126 1986 1198; x_wconf 86' lang='lat' dir='ltr'><strong>polleat,</strong></span> 
     </span>
    </p>
   </div>
   <div class='ocr_carea' id='block_1_13' title="bbox 401 1215 1984 1284">
    <p class='ocr_par' dir='ltr' id='par_1_13' title="bbox 401 1215 1984 1284">
     <span class='ocr_line' id='line_1_13' title="bbox 401 1215 1984 1284; baseline 0.002 -13"><span class='ocrx_word' id='word_1_68' title='bbox 401 1231 465 1272; x_wconf 89' lang='lat' dir='ltr'><strong>ea</strong></span> <span class='ocrx_word' id='word_1_69' title='bbox 495 1215 684 1271; x_wconf 86' lang='lat' dir='ltr'><strong>itidem</strong></span> <span class='ocrx_word' id='word_1_70' title='bbox 741 1216 1067 1271; x_wconf 83' lang='lat' dir='ltr'><strong>naturaliter</strong></span> <span class='ocrx_word' id='word_1_71' title='bbox 1091 1216 1294 1284; x_wconf 84' lang='lat' dir='ltr'><strong>polleat</strong></span> <span class='ocrx_word' id='word_1_72' title='bbox 1324 1217 1611 1281; x_wconf 85' lang='lat' dir='ltr'><strong>Dominus,</strong></span> <span class='ocrx_word' id='word_1_73' title='bbox 1658 1231 1771 1274; x_wconf 87' lang='lat' dir='ltr'><strong>non</strong></span> <span class='ocrx_word' id='word_1_74' title='bbox 1821 1217 1984 1274; x_wconf 89' lang='lat' dir='ltr'><strong>modo</strong></span> 
     </span>
    </p>
   </div>
   <div class='ocr_carea' id='block_1_14' title="bbox 400 1307 1704 1378">
    <p class='ocr_par' dir='ltr' id='par_1_14' title="bbox 400 1307 1704 1378">
     <span class='ocr_line' id='line_1_14' title="bbox 400 1307 1704 1378; baseline 0.002 -16"><span class='ocrx_word' id='word_1_75' title='bbox 400 1323 509 1378; x_wconf 89' lang='lat' dir='ltr'><strong>qua</strong></span> <span class='ocrx_word' id='word_1_76' title='bbox 543 1307 688 1363; x_wconf 86' lang='lat' dir='ltr'><strong>Deus</strong></span> <span class='ocrx_word' id='word_1_77' title='bbox 716 1315 822 1377; x_wconf 88' lang='lat' dir='ltr'><strong>est,</strong></span> <span class='ocrx_word' id='word_1_78' title='bbox 851 1308 946 1362; x_wconf 91' lang='lat' dir='ltr'><strong>sed</strong></span> <span class='ocrx_word' id='word_1_79' title='bbox 977 1310 1145 1362; x_wconf 84' lang='lat' dir='ltr'><strong>etiam</strong></span> <span class='ocrx_word' id='word_1_80' title='bbox 1171 1324 1278 1378; x_wconf 88' lang='lat' dir='ltr'><strong>qua</strong></span> <span class='ocrx_word' id='word_1_81' title='bbox 1310 1309 1488 1364; x_wconf 83' lang='lat' dir='ltr'><strong>factus</strong></span> <span class='ocrx_word' id='word_1_82' title='bbox 1518 1310 1704 1364; x_wconf 86' lang='lat' dir='ltr'><strong>homo.</strong></span> 
     </span>
    </p>
   </div>
   <div class='ocr_carea' id='block_1_15' title="bbox 899 1397 1411 1466">
    <p class='ocr_par' dir='ltr' id='par_1_15' title="bbox 899 1397 1411 1466">
     <span class='ocr_line' id='line_1_15' title="bbox 899 1397 1411 1466; baseline 0 -14"><span class='ocrx_word' id='word_1_83' title='bbox 899 1397 982 1452; x_wconf 81' lang='lat' dir='ltr'><strong>Ea:</strong></span> <span class='ocrx_word' id='word_1_84' title='bbox 1011 1398 1188 1452; x_wconf 80' lang='lat' dir='ltr'><strong>eodem</strong></span> <span class='ocrx_word' id='word_1_85' title='bbox 1217 1399 1411 1466; x_wconf 83' lang='lat' dir='ltr'><strong>capite.</strong></span> 
     </span>
    </p>
   </div>
   <div class='ocr_carea' id='block_1_16' title="bbox 465 1483 1984 1554">
    <p class='ocr_par' dir='ltr' id='par_1_16' title="bbox 465 1483 1984 1554">
     <span class='ocr_line' id='line_1_16' title="bbox 465 1483 1984 1554; baseline 0.003 -16"><span class='ocrx_word' id='word_1_86' title='bbox 465 1483 675 1540; x_wconf 80' lang='lat' dir='ltr'><strong>Rerum</strong></span> <span class='ocrx_word' id='word_1_87' title='bbox 703 1483 953 1540; x_wconf 89' lang='lat' dir='ltr'><strong>omnium</strong></span> <span class='ocrx_word' id='word_1_88' title='bbox 979 1484 1124 1539; x_wconf 89' lang='lat' dir='ltr'><strong>Deus</strong></span> <span class='ocrx_word' id='word_1_89' title='bbox 1155 1493 1210 1538; x_wconf 90' lang='lat' dir='ltr'><strong>et</strong></span> <span class='ocrx_word' id='word_1_90' title='bbox 1233 1484 1397 1538; x_wconf 85' lang='lat' dir='ltr'><strong>Pater</strong></span> <span class='ocrx_word' id='word_1_91' title='bbox 1429 1483 1564 1549; x_wconf 84' lang='lat' dir='ltr'><strong>vult,</strong></span> <span class='ocrx_word' id='word_1_92' title='bbox 1589 1483 1674 1538; x_wconf 90' lang='lat' dir='ltr'><strong>vel</strong></span> <span class='ocrx_word' id='word_1_93' title='bbox 1707 1494 1984 1554; x_wconf 86' lang='lat' dir='ltr'><strong>quatenus</strong></span> 
     </span>
    </p>
   </div>
   <div class='ocr_carea' id='block_1_17' title="bbox 397 1572 1985 1645">
    <p class='ocr_par' dir='ltr' id='par_1_17' title="bbox 397 1572 1985 1645">
     <span class='ocr_line' id='line_1_17' title="bbox 397 1572 1985 1645; baseline -0.001 -13"><span class='ocrx_word' id='word_1_94' title='bbox 397 1575 580 1641; x_wconf 78' lang='lat' dir='ltr'><strong>Pater,</strong></span> <span class='ocrx_word' id='word_1_95' title='bbox 622 1575 707 1630; x_wconf 85' lang='lat' dir='ltr'><strong>vel</strong></span> <span class='ocrx_word' id='word_1_96' title='bbox 736 1581 1010 1645; x_wconf 75' lang='lat' dir='ltr'><strong>quatenus</strong></span> <span class='ocrx_word' id='word_1_97' title='bbox 1051 1573 1217 1629; x_wconf 87' lang='lat' dir='ltr'><strong>Deus.</strong></span> <span class='ocrx_word' id='word_1_98' title='bbox 1251 1572 1310 1628; x_wconf 91' lang='lat' dir='ltr'><strong>Si</strong></span> <span class='ocrx_word' id='word_1_99' title='bbox 1347 1583 1626 1644; x_wconf 82' lang='lat' dir='ltr'><strong>quatenus</strong></span> <span class='ocrx_word' id='word_1_100' title='bbox 1665 1574 1840 1638; x_wconf 76' lang='lat' dir='ltr'><strong>Pater.</strong></span> <span class='ocrx_word' id='word_1_101' title='bbox 1878 1577 1985 1631; x_wconf 86' lang='lat' dir='ltr'><strong>alia</strong></span> 
     </span>
    </p>
   </div>
   <div class='ocr_carea' id='block_1_18' title="bbox 397 1665 1985 1736">
    <p class='ocr_par' dir='ltr' id='par_1_18' title="bbox 397 1665 1985 1736">
     <span class='ocr_line' id='line_1_18' title="bbox 397 1665 1985 1736; baseline 0.002 -16"><span class='ocrx_word' id='word_1_102' title='bbox 397 1666 507 1720; x_wconf 87' lang='lat' dir='ltr'><strong>erit</strong></span> <span class='ocrx_word' id='word_1_103' title='bbox 531 1666 667 1734; x_wconf 83' lang='lat' dir='ltr'><strong>ejus</strong></span> <span class='ocrx_word' id='word_1_104' title='bbox 701 1666 979 1731; x_wconf 83' lang='lat' dir='ltr'><strong>voluntas,</strong></span> <span class='ocrx_word' id='word_1_105' title='bbox 1011 1666 1126 1720; x_wconf 83' lang='lat' dir='ltr'><strong>alia</strong></span> <span class='ocrx_word' id='word_1_106' title='bbox 1175 1665 1340 1728; x_wconf 86' lang='lat' dir='ltr'><strong>Filii;</strong></span> <span class='ocrx_word' id='word_1_107' title='bbox 1376 1682 1559 1736; x_wconf 86' lang='lat' dir='ltr'><strong>neque</strong></span> <span class='ocrx_word' id='word_1_108' title='bbox 1615 1669 1764 1721; x_wconf 87' lang='lat' dir='ltr'><strong>enim</strong></span> <span class='ocrx_word' id='word_1_109' title='bbox 1823 1667 1985 1723; x_wconf 75' lang='lat' dir='ltr'><strong>Pater</strong></span> 
     </span>
    </p>
   </div>
   <div class='ocr_carea' id='block_1_19' title="bbox 399 1754 1980 1824">
    <p class='ocr_par' dir='ltr' id='par_1_19' title="bbox 399 1754 1980 1824">
     <span class='ocr_line' id='line_1_19' title="bbox 399 1754 1980 1824; baseline 0.001 -15"><span class='ocrx_word' id='word_1_110' title='bbox 399 1754 574 1810; x_wconf 86' lang='lat' dir='ltr'><strong>Filius</strong></span> <span class='ocrx_word' id='word_1_111' title='bbox 611 1762 716 1811; x_wconf 89' lang='lat' dir='ltr'><strong>est.</strong></span> <span class='ocrx_word' id='word_1_112' title='bbox 748 1756 846 1809; x_wconf 90' lang='lat' dir='ltr'><strong>Sin</strong></span> <span class='ocrx_word' id='word_1_113' title='bbox 869 1763 1054 1808; x_wconf 86' lang='lat' dir='ltr'><strong>autem</strong></span> <span class='ocrx_word' id='word_1_114' title='bbox 1095 1763 1371 1824; x_wconf 85' lang='lat' dir='ltr'><strong>quatenus</strong></span> <span class='ocrx_word' id='word_1_115' title='bbox 1428 1754 1598 1821; x_wconf 88' lang='lat' dir='ltr'><strong>Deus,</strong></span> <span class='ocrx_word' id='word_1_116' title='bbox 1649 1763 1798 1811; x_wconf 88' lang='lat' dir='ltr'><strong>certe</strong></span> <span class='ocrx_word' id='word_1_117' title='bbox 1856 1773 1980 1811; x_wconf 88' lang='lat' dir='ltr'><strong>cum</strong></span> 
     </span>
    </p>
   </div>
   <div class='ocr_carea' id='block_1_20' title="bbox 323 1844 1983 1922">
    <p class='ocr_par' dir='ltr' id='par_1_20' title="bbox 323 1844 1983 1922">
     <span class='ocr_line' id='line_1_20' title="bbox 323 1844 1983 1922; baseline 0.003 -23"><span class='ocrx_word' id='word_1_118' title='bbox 323 1920 326 1922; x_wconf 9' lang='grc' dir='ltr'>γ</span> <span class='ocrx_word' id='word_1_119' title='bbox 398 1845 810 1916; x_wconf 87' lang='lat' dir='ltr'><strong>Filiusquoque</strong></span> <span class='ocrx_word' id='word_1_120' title='bbox 843 1844 984 1900; x_wconf 89' lang='lat' dir='ltr'><strong>Deus</strong></span> <span class='ocrx_word' id='word_1_121' title='bbox 1015 1844 1109 1907; x_wconf 85' lang='lat' dir='ltr'><strong>sit,</strong></span> <span class='ocrx_word' id='word_1_122' title='bbox 1150 1847 1392 1917; x_wconf 89' lang='lat' dir='ltr'><strong>itemque</strong></span> <span class='ocrx_word' id='word_1_123' title='bbox 1459 1844 1702 1916; x_wconf 86' lang='lat' dir='ltr'><strong>Spiritus</strong></span> <span class='ocrx_word' id='word_1_124' title='bbox 1755 1859 1983 1904; x_wconf 79' lang='lat' dir='ltr'><strong>sanctus</strong></span> 
     </span>
    </p>
   </div>
   <div class='ocr_carea' id='block_1_21' title="bbox 399 1936 1983 2005">
    <p class='ocr_par' dir='ltr' id='par_1_21' title="bbox 399 1936 1983 2005">
     <span class='ocr_line' id='line_1_21' title="bbox 399 1936 1983 2005; baseline 0.003 -16"><span class='ocrx_word' id='word_1_125' title='bbox 399 1936 564 2002; x_wconf 86' lang='lat' dir='ltr'><strong>Deus,</strong></span> <span class='ocrx_word' id='word_1_126' title='bbox 593 1938 929 1992; x_wconf 82' lang='lat' dir='ltr'><strong>voluntatem</strong></span> <span class='ocrx_word' id='word_1_127' title='bbox 955 1945 1166 1992; x_wconf 67' lang='lat' dir='ltr'><strong>naturae</strong></span> <span class='ocrx_word' id='word_1_128' title='bbox 1187 1952 1334 2003; x_wconf 87' lang='lat' dir='ltr'><strong>esse,</strong></span> <span class='ocrx_word' id='word_1_129' title='bbox 1373 1938 1771 2005; x_wconf 86' lang='lat' dir='ltr'><strong>naturalemve,</strong></span> <span class='ocrx_word' id='word_1_130' title='bbox 1803 1937 1983 1995; x_wconf 77' lang='lat' dir='ltr'><strong>faten-</strong></span> 
     </span>
    </p>
   </div>
   <div class='ocr_carea' id='block_1_22' title="bbox 396 2028 658 2084">
    <p class='ocr_par' dir='ltr' id='par_1_22' title="bbox 396 2028 658 2084">
     <span class='ocr_line' id='line_1_22' title="bbox 396 2028 658 2084; baseline 0.004 -1"><span class='ocrx_word' id='word_1_131' title='bbox 396 2028 530 2084; x_wconf 88' lang='lat' dir='ltr'><strong>dum</strong></span> <span class='ocrx_word' id='word_1_132' title='bbox 551 2037 658 2084; x_wconf 89' lang='lat' dir='ltr'><strong>est.</strong></span> 
     </span>
    </p>
   </div>
   <div class='ocr_carea' id='block_1_23' title="bbox 467 2119 1982 2190">
    <p class='ocr_par' dir='ltr' id='par_1_23' title="bbox 467 2119 1982 2190">
     <span class='ocr_line' id='line_1_23' title="bbox 467 2119 1982 2190; baseline 0.004 -16"><span class='ocrx_word' id='word_1_133' title='bbox 467 2120 717 2190; x_wconf 74' lang='lat' dir='ltr'><strong>Insuper,</strong></span> <span class='ocrx_word' id='word_1_134' title='bbox 797 2119 844 2176; x_wconf 86' lang='lat' dir='ltr'><strong>si</strong></span> <span class='ocrx_word' id='word_1_135' title='bbox 885 2135 1126 2190; x_wconf 89' lang='lat' dir='ltr'><strong>quorum</strong></span> <span class='ocrx_word' id='word_1_136' title='bbox 1184 2121 1443 2177; x_wconf 89' lang='lat' dir='ltr'><strong>voluntas</strong></span> <span class='ocrx_word' id='word_1_137' title='bbox 1489 2138 1597 2176; x_wconf 89' lang='lat' dir='ltr'><strong>una</strong></span> <span class='ocrx_word' id='word_1_138' title='bbox 1637 2132 1745 2187; x_wconf 87' lang='lat' dir='ltr'><strong>est,</strong></span> <span class='ocrx_word' id='word_1_139' title='bbox 1785 2123 1982 2180; x_wconf 89' lang='lat' dir='ltr'><strong>horum</strong></span> 
     </span>
    </p>
   </div>
   <div class='ocr_carea' id='block_1_24' title="bbox 396 2209 1983 2282">
    <p class='ocr_par' dir='ltr' id='par_1_24' title="bbox 396 2209 1983 2282">
     <span class='ocr_line' id='line_1_24' title="bbox 396 2209 1983 2282; baseline 0.004 -16"><span class='ocrx_word' id='word_1_140' title='bbox 396 2210 585 2275; x_wconf 86' lang='lat' dir='ltr'><strong>etiam,</strong></span> <span class='ocrx_word' id='word_1_141' title='bbox 619 2218 679 2264; x_wconf 90' lang='lat' dir='ltr'><strong>ut</strong></span> <span class='ocrx_word' id='word_1_142' title='bbox 701 2209 891 2268; x_wconf 83' lang='lat' dir='ltr'><strong>Patres</strong></span> <span class='ocrx_word' id='word_1_143' title='bbox 918 2219 1236 2278; x_wconf 88' lang='lat' dir='ltr'><strong>senserunt,</strong></span> <span class='ocrx_word' id='word_1_144' title='bbox 1256 2229 1363 2267; x_wconf 83' lang='lat' dir='ltr'><strong>una</strong></span> <span class='ocrx_word' id='word_1_145' title='bbox 1392 2221 1479 2270; x_wconf 92' lang='lat' dir='ltr'><strong>est</strong></span> <span class='ocrx_word' id='word_1_146' title='bbox 1507 2216 1748 2270; x_wconf 85' lang='lat' dir='ltr'><strong>essentia</strong></span> <span class='ocrx_word' id='word_1_147' title='bbox 1781 2231 1796 2270; x_wconf 91' lang='lat'><strong>:</strong></span> <span class='ocrx_word' id='word_1_148' title='bbox 1824 2230 1983 2282; x_wconf 87' lang='lat' dir='ltr'><strong>sane,</strong></span> 
     </span>
    </p>
   </div>
   <div class='ocr_carea' id='block_1_25' title="bbox 399 2302 1977 2374">
    <p class='ocr_par' dir='ltr' id='par_1_25' title="bbox 399 2302 1977 2374">
     <span class='ocr_line' id='line_1_25' title="bbox 399 2302 1977 2374; baseline 0.003 -16"><span class='ocrx_word' id='word_1_149' title='bbox 399 2304 446 2359; x_wconf 88' lang='lat' dir='ltr'><strong>si</strong></span> <span class='ocrx_word' id='word_1_150' title='bbox 477 2318 584 2357; x_wconf 84' lang='lat' dir='ltr'><strong>una</strong></span> <span class='ocrx_word' id='word_1_151' title='bbox 605 2302 916 2360; x_wconf 71' lang='lat' dir='ltr'><strong>divinitatis</strong></span> <span class='ocrx_word' id='word_1_152' title='bbox 946 2304 1154 2360; x_wconf 85' lang='lat' dir='ltr'><strong>Christi</strong></span> <span class='ocrx_word' id='word_1_153' title='bbox 1185 2313 1353 2374; x_wconf 84' lang='lat' dir='ltr'><strong>atque</strong></span> <span class='ocrx_word' id='word_1_154' title='bbox 1387 2305 1753 2362; x_wconf 73' lang='lat' dir='ltr'><strong>humanitatis</strong></span> <span class='ocrx_word' id='word_1_155' title='bbox 1775 2308 1977 2363; x_wconf 85' lang='lat' dir='ltr'><strong>volun-</strong></span> 
     </span>
    </p>
   </div>
   <div class='ocr_carea' id='block_1_26' title="bbox 400 2393 1985 2468">
    <p class='ocr_par' dir='ltr' id='par_1_26' title="bbox 400 2393 1985 2468">
     <span class='ocr_line' id='line_1_26' title="bbox 400 2393 1985 2468; baseline 0.003 -20"><span class='ocrx_word' id='word_1_156' title='bbox 400 2403 487 2450; x_wconf 84' lang='lat' dir='ltr'><strong>tas</strong></span> <span class='ocrx_word' id='word_1_157' title='bbox 525 2395 619 2461; x_wconf 87' lang='lat' dir='ltr'><strong>sit,</strong></span> <span class='ocrx_word' id='word_1_158' title='bbox 675 2409 786 2450; x_wconf 88' lang='lat' dir='ltr'><strong>una</strong></span> <span class='ocrx_word' id='word_1_159' title='bbox 841 2411 1064 2468; x_wconf 85' lang='lat' dir='ltr'><strong>quoque</strong></span> <span class='ocrx_word' id='word_1_160' title='bbox 1115 2393 1386 2452; x_wconf 85' lang='lat' dir='ltr'><strong>eteadem</strong></span> <span class='ocrx_word' id='word_1_161' title='bbox 1427 2411 1618 2453; x_wconf 79' lang='lat' dir='ltr'><strong>earum</strong></span> <span class='ocrx_word' id='word_1_162' title='bbox 1673 2397 1985 2454; x_wconf 80' lang='lat' dir='ltr'><strong>substantia</strong></span> 
     </span>
    </p>
   </div>
   <div class='ocr_carea' id='block_1_27' title="bbox 399 2483 523 2539">
    <p class='ocr_par' dir='ltr' id='par_1_27' title="bbox 399 2483 523 2539">
     <span class='ocr_line' id='line_1_27' title="bbox 399 2483 523 2539; baseline -0.008 0"><span class='ocrx_word' id='word_1_163' title='bbox 399 2483 523 2539; x_wconf 82' lang='lat' dir='ltr'><strong>erit.</strong></span> 
     </span>
    </p>
   </div>
   <div class='ocr_carea' id='block_1_28' title="bbox 464 2575 1987 2648">
    <p class='ocr_par' dir='ltr' id='par_1_28' title="bbox 464 2575 1987 2648">
     <span class='ocr_line' id='line_1_28' title="bbox 464 2575 1987 2648; baseline 0.007 -19"><span class='ocrx_word' id='word_1_164' title='bbox 464 2575 548 2630; x_wconf 78' lang='lat' dir='ltr'><strong>Ae</strong></span> <span class='ocrx_word' id='word_1_165' title='bbox 581 2590 797 2642; x_wconf 86' lang='lat' dir='ltr'><strong>rursus,</strong></span> <span class='ocrx_word' id='word_1_166' title='bbox 825 2575 871 2632; x_wconf 91' lang='lat' dir='ltr'><strong>si</strong></span> <span class='ocrx_word' id='word_1_167' title='bbox 896 2576 964 2632; x_wconf 77' lang='lat' dir='ltr'><strong>de</strong></span> <span class='ocrx_word' id='word_1_168' title='bbox 999 2576 1225 2634; x_wconf 84' lang='lat' dir='ltr'><strong>Patrum</strong></span> <span class='ocrx_word' id='word_1_169' title='bbox 1285 2580 1585 2648; x_wconf 89' lang='lat' dir='ltr'><strong>sententia,</strong></span> <span class='ocrx_word' id='word_1_170' title='bbox 1622 2588 1833 2637; x_wconf 80' lang='lat' dir='ltr'><strong>naturae</strong></span> <span class='ocrx_word' id='word_1_171' title='bbox 1870 2581 1987 2639; x_wconf 85' lang='lat' dir='ltr'><strong>dis-</strong></span> 
     </span>
    </p>
   </div>
   <div class='ocr_carea' id='block_1_29' title="bbox 396 2663 1983 2736">
    <p class='ocr_par' dir='ltr' id='par_1_29' title="bbox 396 2663 1983 2736">
     <span class='ocr_line' id='line_1_29' title="bbox 396 2663 1983 2736; baseline 0.004 -19"><span class='ocrx_word' id='word_1_172' title='bbox 396 2663 609 2720; x_wconf 85' lang='lat' dir='ltr'><strong>crimen</strong></span> <span class='ocrx_word' id='word_1_173' title='bbox 629 2665 682 2718; x_wconf 90' lang='lat' dir='ltr'><strong>in</strong></span> <span class='ocrx_word' id='word_1_174' title='bbox 715 2681 824 2720; x_wconf 85' lang='lat' dir='ltr'><strong>una</strong></span> <span class='ocrx_word' id='word_1_175' title='bbox 859 2667 1146 2722; x_wconf 82' lang='lat' dir='ltr'><strong>voluntate</strong></span> <span class='ocrx_word' id='word_1_176' title='bbox 1199 2683 1309 2723; x_wconf 91' lang='lat' dir='ltr'><strong>non</strong></span> <span class='ocrx_word' id='word_1_177' title='bbox 1351 2669 1554 2736; x_wconf 88' lang='lat' dir='ltr'><strong>elucet,</strong></span> <span class='ocrx_word' id='word_1_178' title='bbox 1588 2685 1818 2726; x_wconf 89' lang='lat' dir='ltr'><strong>necesse</strong></span> <span class='ocrx_word' id='word_1_179' title='bbox 1875 2679 1983 2736; x_wconf 90' lang='lat' dir='ltr'><strong>est,</strong></span> 
     </span>
    </p>
   </div>
   <div class='ocr_carea' id='block_1_30' title="bbox 396 2755 1985 2824">
    <p class='ocr_par' dir='ltr' id='par_1_30' title="bbox 396 2755 1985 2824">
     <span class='ocr_line' id='line_1_30' title="bbox 396 2755 1985 2824; baseline 0.005 -17"><span class='ocrx_word' id='word_1_180' title='bbox 396 2762 459 2807; x_wconf 88' lang='lat' dir='ltr'><strong>ut</strong></span> <span class='ocrx_word' id='word_1_181' title='bbox 488 2755 572 2808; x_wconf 89' lang='lat' dir='ltr'><strong>vel</strong></span> <span class='ocrx_word' id='word_1_182' title='bbox 602 2768 767 2810; x_wconf 89' lang='lat' dir='ltr'><strong>unam</strong></span> <span class='ocrx_word' id='word_1_183' title='bbox 799 2755 1038 2810; x_wconf 89' lang='lat' dir='ltr'><strong>dicendo</strong></span> <span class='ocrx_word' id='word_1_184' title='bbox 1079 2756 1450 2824; x_wconf 84' lang='lat' dir='ltr'><strong>voluntatem,</strong></span> <span class='ocrx_word' id='word_1_185' title='bbox 1493 2759 1748 2814; x_wconf 85' lang='lat' dir='ltr'><strong>naturale</strong></span> <span class='ocrx_word' id='word_1_186' title='bbox 1783 2759 1985 2815; x_wconf 89' lang='lat' dir='ltr'><strong>discri-</strong></span> 
     </span>
    </p>
   </div>
   <div class='ocr_carea' id='block_1_31' title="bbox 396 2846 1982 2913">
    <p class='ocr_par' dir='ltr' id='par_1_31' title="bbox 396 2846 1982 2913">
     <span class='ocr_line' id='line_1_31' title="bbox 396 2846 1982 2913; baseline 0.008 -15"><span class='ocrx_word' id='word_1_187' title='bbox 396 2860 523 2901; x_wconf 86' lang='lat' dir='ltr'><strong>men</strong></span> <span class='ocrx_word' id='word_1_188' title='bbox 577 2861 686 2901; x_wconf 89' lang='lat' dir='ltr'><strong>non</strong></span> <span class='ocrx_word' id='word_1_189' title='bbox 737 2846 1009 2913; x_wconf 84' lang='lat' dir='ltr'><strong>dicamus,</strong></span> <span class='ocrx_word' id='word_1_190' title='bbox 1041 2846 1127 2904; x_wconf 88' lang='lat' dir='ltr'><strong>vel</strong></span> <span class='ocrx_word' id='word_1_191' title='bbox 1187 2860 1509 2905; x_wconf 87' lang='lat' dir='ltr'><strong>naturarum</strong></span> <span class='ocrx_word' id='word_1_192' title='bbox 1571 2851 1982 2910; x_wconf 88' lang='lat' dir='ltr'><strong>distinctionem</strong></span> 
     </span>
    </p>
   </div>
   <div class='ocr_carea' id='block_1_32' title="bbox 397 2937 1873 3008">
    <p class='ocr_par' dir='ltr' id='par_1_32' title="bbox 397 2937 1873 3008">
     <span class='ocr_line' id='line_1_32' title="bbox 397 2937 1873 3008; baseline 0.007 -18"><span class='ocrx_word' id='word_1_193' title='bbox 397 2937 788 3008; x_wconf 64' lang='lat' dir='ltr'><strong>praedicantes,</strong></span> <span class='ocrx_word' id='word_1_194' title='bbox 820 2938 1165 2995; x_wconf 86' lang='lat' dir='ltr'><strong>voluntatem</strong></span> <span class='ocrx_word' id='word_1_195' title='bbox 1195 2955 1360 2995; x_wconf 88' lang='lat' dir='ltr'><strong>unam</strong></span> <span class='ocrx_word' id='word_1_196' title='bbox 1397 2956 1506 2996; x_wconf 92' lang='lat' dir='ltr'><strong>non</strong></span> <span class='ocrx_word' id='word_1_197' title='bbox 1540 2949 1873 3001; x_wconf 81' lang='lat' dir='ltr'><strong>statuamus.</strong></span> 
     </span>
    </p>
   </div>
   <div class='ocr_carea' id='block_1_33' title="bbox 466 3027 1975 3102">
    <p class='ocr_par' dir='ltr' id='par_1_33' title="bbox 466 3027 1975 3102">
     <span class='ocr_line' id='line_1_33' title="bbox 466 3027 1975 3102; baseline 0.007 -24"><span class='ocrx_word' id='word_1_198' title='bbox 466 3027 548 3082; x_wconf 84' lang='lat' dir='ltr'><strong>Ac</strong></span> <span class='ocrx_word' id='word_1_199' title='bbox 583 3041 804 3092; x_wconf 88' lang='lat' dir='ltr'><strong>rursus,</strong></span> <span class='ocrx_word' id='word_1_200' title='bbox 887 3032 933 3083; x_wconf 89' lang='lat' dir='ltr'><strong>sl</strong></span> <span class='ocrx_word' id='word_1_201' title='bbox 963 3035 1022 3081; x_wconf 93' lang='lat' dir='ltr'><strong>ut</strong></span> <span class='ocrx_word' id='word_1_202' title='bbox 1048 3027 1103 3083; x_wconf 90' lang='lat' dir='ltr'><strong>in</strong></span> <span class='ocrx_word' id='word_1_203' title='bbox 1133 3027 1324 3084; x_wconf 86' lang='lat' dir='ltr'><strong>divina</strong></span> <span class='ocrx_word' id='word_1_204' title='bbox 1377 3028 1679 3102; x_wconf 74' lang='lat' dir='ltr'><strong>Evangelia</strong></span> <span class='ocrx_word' id='word_1_205' title='bbox 1715 3032 1975 3096; x_wconf 86' lang='lat' dir='ltr'><strong>habetur,</strong></span> 
     </span>
    </p>
   </div>
   <div class='ocr_carea' id='block_1_34' title="bbox 394 3115 1984 3190">
    <p class='ocr_par' dir='ltr' id='par_1_34' title="bbox 394 3115 1984 3190">
     <span class='ocr_line' id='line_1_34' title="bbox 394 3115 1984 3190; baseline 0.006 -21"><span class='ocrx_word' id='word_1_206' title='bbox 394 3115 682 3186; x_wconf 79' lang='lat' dir='ltr'><strong>proiectus</strong></span> <span class='ocrx_word' id='word_1_207' title='bbox 728 3115 1002 3174; x_wconf 85' lang='lat' dir='ltr'><strong>Dominus</strong></span> <span class='ocrx_word' id='word_1_208' title='bbox 1033 3117 1086 3171; x_wconf 91' lang='lat' dir='ltr'><strong>in</strong></span> <span class='ocrx_word' id='word_1_209' title='bbox 1132 3126 1315 3189; x_wconf 90' lang='lat' dir='ltr'><strong>partes</strong></span> <span class='ocrx_word' id='word_1_210' title='bbox 1352 3117 1484 3190; x_wconf 79' lang='lat' dir='ltr'><strong>Tyri</strong></span> <span class='ocrx_word' id='word_1_211' title='bbox 1521 3128 1577 3174; x_wconf 89' lang='lat' dir='ltr'><strong>et</strong></span> <span class='ocrx_word' id='word_1_212' title='bbox 1635 3118 1884 3188; x_wconf 89' lang='lat' dir='ltr'><strong>Sidonis,</strong></span> <span class='ocrx_word' id='word_1_213' title='bbox 1933 3133 1984 3178; x_wconf 85' lang='lat' dir='ltr'><strong>et</strong></span> 
     </span>
    </p>
   </div>
   <div class='ocr_carea' id='block_1_35' title="bbox 2099 566 2598 638">
    <p class='ocr_par' dir='ltr' id='par_1_35' title="bbox 2099 566 2598 638">
     <span class='ocr_line' id='line_1_35' title="bbox 2099 566 2598 638; baseline 0.004 -18"><span class='ocrx_word' id='word_1_214' title='bbox 2099 566 2192 630; x_wconf 89' lang='grc' dir='ltr'>κὸς</span> <span class='ocrx_word' id='word_1_215' title='bbox 2223 569 2252 620; x_wconf 77' lang='grc' dir='ltr'><strong><em>ὁ</em></strong></span> <span class='ocrx_word' id='word_1_216' title='bbox 2281 566 2598 638; x_wconf 77' lang='grc' dir='ltr'>ἄνθρωπος.</span> 
     </span>
    </p>
   </div>
   <div class='ocr_carea' id='block_1_36' title="bbox 2164 748 3676 824">
    <p class='ocr_par' dir='ltr' id='par_1_36' title="bbox 2164 748 3676 824">
     <span class='ocr_line' id='line_1_36' title="bbox 2164 748 3676 824; baseline 0.001 -17"><span class='ocrx_word' id='word_1_217' title='bbox 2164 753 2276 808; x_wconf 77' lang='grc' dir='ltr'><strong>Καὶ</strong></span> <span class='ocrx_word' id='word_1_218' title='bbox 2301 751 2482 814; x_wconf 70' lang='grc' dir='ltr'><strong>αὖθις⁹</strong></span> <span class='ocrx_word' id='word_1_219' title='bbox 2522 751 2572 804; x_wconf 78' lang='lat' dir='ltr'><strong>ei</strong></span> <span class='ocrx_word' id='word_1_220' title='bbox 2619 751 2680 804; x_wconf 74' lang='grc' dir='ltr'>τὸ</span> <span class='ocrx_word' id='word_1_221' title='bbox 2712 750 2912 822; x_wconf 77' lang='grc' dir='ltr'>μᾶλλον</span> <span class='ocrx_word' id='word_1_222' title='bbox 2957 752 3049 806; x_wconf 74' lang='grc' dir='ltr'><strong>καὶ</strong></span> <span class='ocrx_word' id='word_1_223' title='bbox 3095 748 3259 824; x_wconf 75' lang='grc' dir='ltr'>ἧττον</span> <span class='ocrx_word' id='word_1_224' title='bbox 3289 755 3323 824; x_wconf 80' lang='grc' dir='ltr'><strong>ἠ</strong></span> <span class='ocrx_word' id='word_1_225' title='bbox 3366 756 3528 824; x_wconf 79' lang='grc' dir='ltr'>φύσις</span> <span class='ocrx_word' id='word_1_226' title='bbox 3571 757 3676 810; x_wconf 75' lang='grc' dir='ltr'>οὐκ</span> 
     </span>
    </p>
   </div>
   <div class='ocr_carea' id='block_1_37' title="bbox 2095 845 3676 918">
    <p class='ocr_par' dir='ltr' id='par_1_37' title="bbox 2095 845 3676 918">
     <span class='ocr_line' id='line_1_37' title="bbox 2095 845 3676 918; baseline 0.001 -16"><span class='ocrx_word' id='word_1_227' title='bbox 2095 847 2426 918; x_wconf 73' lang='grc' dir='ltr'><strong>ἐπιδέχεται,</strong></span> <span class='ocrx_word' id='word_1_228' title='bbox 2445 845 2639 916; x_wconf 72' lang='grc' dir='ltr'>ἐπίσης</span> <span class='ocrx_word' id='word_1_229' title='bbox 2661 846 2718 899; x_wconf 72' lang='grc' dir='ltr'>δὲ</span> <span class='ocrx_word' id='word_1_230' title='bbox 2740 848 2908 900; x_wconf 76' lang='grc' dir='ltr'>πᾶσιν</span> <span class='ocrx_word' id='word_1_231' title='bbox 2926 848 3228 918; x_wconf 69' lang='grc' dir='ltr'>ἐνυπάρχει</span> <span class='ocrx_word' id='word_1_232' title='bbox 3257 849 3320 903; x_wconf 89' lang='grc' dir='ltr'>τὸ</span> <span class='ocrx_word' id='word_1_233' title='bbox 3351 848 3551 916; x_wconf 82' lang='grc' dir='ltr'><strong>θέλειν,</strong></span> <span class='ocrx_word' id='word_1_234' title='bbox 3579 853 3676 905; x_wconf 80' lang='grc' dir='ltr'>καὶ</span> 
     </span>
    </p>
   </div>
   <div class='ocr_carea' id='block_1_38' title="bbox 2094 934 3678 1011">
    <p class='ocr_par' dir='ltr' id='par_1_38' title="bbox 2094 934 3678 1011">
     <span class='ocr_line' id='line_1_38' title="bbox 2094 934 3678 1011; baseline 0.003 -23"><span class='ocrx_word' id='word_1_235' title='bbox 2094 935 2156 988; x_wconf 77' lang='grc' dir='ltr'>οὐ</span> <span class='ocrx_word' id='word_1_236' title='bbox 2181 937 2297 998; x_wconf 82' lang='grc' dir='ltr'>τοῖς</span> <span class='ocrx_word' id='word_1_237' title='bbox 2329 934 2430 1001; x_wconf 69' lang='grc' dir='ltr'><strong>μὲν</strong></span> <span class='ocrx_word' id='word_1_238' title='bbox 2454 935 2637 1001; x_wconf 70' lang='grc' dir='ltr'>πλέον,</span> <span class='ocrx_word' id='word_1_239' title='bbox 2674 939 2794 1001; x_wconf 77' lang='grc' dir='ltr'>τοῖς</span> <span class='ocrx_word' id='word_1_240' title='bbox 2818 935 2881 990; x_wconf 76' lang='grc' dir='ltr'>δὲ</span> <span class='ocrx_word' id='word_1_241' title='bbox 2902 935 3144 991; x_wconf 77' lang='grc' dir='ltr'>ἔλαττον·</span> <span class='ocrx_word' id='word_1_242' title='bbox 3177 938 3288 1009; x_wconf 75' lang='grc' dir='ltr'><strong>ἄρα</strong></span> <span class='ocrx_word' id='word_1_243' title='bbox 3319 941 3481 1008; x_wconf 81' lang='grc' dir='ltr'>φύσει</span> <span class='ocrx_word' id='word_1_244' title='bbox 3515 941 3678 1011; x_wconf 82' lang='grc' dir='ltr'>θελη-</span> 
     </span>
    </p>
   </div>
   <div class='ocr_carea' id='block_1_39' title="bbox 2090 1024 3675 1098">
    <p class='ocr_par' dir='ltr' id='par_1_39' title="bbox 2090 1024 3675 1098">
     <span class='ocr_line' id='line_1_39' title="bbox 2090 1024 3675 1098; baseline 0.007 -22"><span class='ocrx_word' id='word_1_245' title='bbox 2090 1024 2242 1086; x_wconf 73' lang='grc' dir='ltr'>τικὸς</span> <span class='ocrx_word' id='word_1_246' title='bbox 2305 1025 2334 1076; x_wconf 80' lang='grc' dir='ltr'>ὁ</span> <span class='ocrx_word' id='word_1_247' title='bbox 2372 1024 2683 1095; x_wconf 74' lang='grc' dir='ltr'>ἄνθρωπος·</span> <span class='ocrx_word' id='word_1_248' title='bbox 2731 1024 2873 1081; x_wconf 82' lang='grc' dir='ltr'>ὥστε</span> <span class='ocrx_word' id='word_1_249' title='bbox 2904 1029 2953 1081; x_wconf 75' lang='grc' dir='ltr'>εἰ</span> <span class='ocrx_word' id='word_1_250' title='bbox 2985 1028 3148 1097; x_wconf 83' lang='grc' dir='ltr'>φύσει</span> <span class='ocrx_word' id='word_1_251' title='bbox 3203 1029 3492 1098; x_wconf 86' lang='grc' dir='ltr'>θελητικὸς</span> <span class='ocrx_word' id='word_1_252' title='bbox 3519 1033 3547 1084; x_wconf 79' lang='grc' dir='ltr'><strong>δ</strong></span> <span class='ocrx_word' id='word_1_253' title='bbox 3574 1033 3675 1086; x_wconf 74' lang='grc' dir='ltr'><strong>ἄν·</strong></span> 
     </span>
    </p>
   </div>
   <div class='ocr_carea' id='block_1_40' title="bbox 2095 1115 3675 1189">
    <p class='ocr_par' dir='ltr' id='par_1_40' title="bbox 2095 1115 3675 1189">
     <span class='ocr_line' id='line_1_40' title="bbox 2095 1115 3675 1189; baseline 0.003 -19"><span class='ocrx_word' id='word_1_254' title='bbox 2095 1115 2334 1186; x_wconf 87' lang='grc' dir='ltr'>θρωπος,</span> <span class='ocrx_word' id='word_1_255' title='bbox 2359 1118 2500 1170; x_wconf 84' lang='grc' dir='ltr'>καιό</span> <span class='ocrx_word' id='word_1_256' title='bbox 2531 1117 2754 1189; x_wconf 78' lang='grc' dir='ltr'>Κύριος,</span> <span class='ocrx_word' id='word_1_257' title='bbox 2783 1119 2845 1172; x_wconf 82' lang='grc' dir='ltr'>οὐ</span> <span class='ocrx_word' id='word_1_258' title='bbox 2871 1120 3030 1189; x_wconf 85' lang='grc' dir='ltr'>μόνον</span> <span class='ocrx_word' id='word_1_259' title='bbox 3061 1120 3199 1174; x_wconf 83' lang='grc' dir='ltr'><strong>καθὸ</strong></span> <span class='ocrx_word' id='word_1_260' title='bbox 3223 1121 3380 1188; x_wconf 89' lang='grc' dir='ltr'>Θεὸς,</span> <span class='ocrx_word' id='word_1_261' title='bbox 3416 1122 3552 1176; x_wconf 85' lang='grc' dir='ltr'><strong>ἀλλά</strong></span> <span class='ocrx_word' id='word_1_262' title='bbox 3576 1123 3675 1177; x_wconf 80' lang='grc' dir='ltr'><strong>καὶ</strong></span> 
     </span>
    </p>
   </div>
   <div class='ocr_carea' id='block_1_41' title="bbox 2090 1207 3504 1284">
    <p class='ocr_par' dir='ltr' id='par_1_41' title="bbox 2090 1207 3504 1284">
     <span class='ocr_line' id='line_1_41' title="bbox 2090 1207 3504 1284; baseline 0.002 -20"><span class='ocrx_word' id='word_1_263' title='bbox 2090 1207 2228 1264; x_wconf 81' lang='grc' dir='ltr'>καθὸ</span> <span class='ocrx_word' id='word_1_264' title='bbox 2255 1207 2546 1280; x_wconf 76' lang='grc' dir='ltr'>ἄνθρωπος</span> <span class='ocrx_word' id='word_1_265' title='bbox 2576 1209 2792 1279; x_wconf 81' lang='grc' dir='ltr'>γέγονε,</span> <span class='ocrx_word' id='word_1_266' title='bbox 2829 1210 2990 1282; x_wconf 77' lang='grc' dir='ltr'>φύσει</span> <span class='ocrx_word' id='word_1_267' title='bbox 3021 1211 3307 1284; x_wconf 83' lang='grc' dir='ltr'>θελητικός</span> <span class='ocrx_word' id='word_1_268' title='bbox 3333 1215 3504 1268; x_wconf 84' lang='grc' dir='ltr'>ἑστιν.</span> 
     </span>
    </p>
   </div>
   <div class='ocr_carea' id='block_1_42' title="bbox 2453 1390 3317 1462">
    <p class='ocr_par' dir='ltr' id='par_1_42' title="bbox 2453 1390 3317 1462">
     <span class='ocr_line' id='line_1_42' title="bbox 2453 1390 3317 1462; baseline 0.007 -18"><span class='ocrx_word' id='word_1_269' title='bbox 2453 1392 2550 1445; x_wconf 85' lang='grc' dir='ltr'>Ἐκ</span> <span class='ocrx_word' id='word_1_270' title='bbox 2601 1391 2710 1446; x_wconf 82' lang='grc' dir='ltr'>τοῦ</span> <span class='ocrx_word' id='word_1_271' title='bbox 2733 1390 2924 1447; x_wconf 79' lang='grc' dir='ltr'>αὑτοῦ</span> <span class='ocrx_word' id='word_1_272' title='bbox 2954 1393 3317 1462; x_wconf 66' lang='grc' dir='ltr'>κεφαλαίου.</span> 
     </span>
    </p>
   </div>
   <div class='ocr_carea' id='block_1_43' title="bbox 2166 1481 3680 1554">
    <p class='ocr_par' dir='ltr' id='par_1_43' title="bbox 2166 1481 3680 1554">
     <span class='ocr_line' id='line_1_43' title="bbox 2166 1481 3680 1554; baseline 0 -16"><span class='ocrx_word' id='word_1_273' title='bbox 2166 1485 2228 1538; x_wconf 89' lang='lat'><strong>&#39;0</strong></span> <span class='ocrx_word' id='word_1_274' title='bbox 2260 1485 2370 1537; x_wconf 85' lang='grc' dir='ltr'><strong>τῶν</strong></span> <span class='ocrx_word' id='word_1_275' title='bbox 2401 1484 2540 1538; x_wconf 78' lang='grc' dir='ltr'>ὅλων</span> <span class='ocrx_word' id='word_1_276' title='bbox 2566 1483 2676 1554; x_wconf 80' lang='grc' dir='ltr'><strong>γὰρ</strong></span> <span class='ocrx_word' id='word_1_277' title='bbox 2779 1482 2913 1546; x_wconf 83' lang='grc' dir='ltr'>Θεὸς</span> <span class='ocrx_word' id='word_1_278' title='bbox 2946 1483 3040 1536; x_wconf 68' lang='grc' dir='ltr'>καὶ</span> <span class='ocrx_word' id='word_1_279' title='bbox 3072 1481 3286 1552; x_wconf 67' lang='grc' dir='ltr'>Πατὴρ,</span> <span class='ocrx_word' id='word_1_280' title='bbox 3314 1481 3349 1552; x_wconf 71' lang='grc' dir='ltr'>ἢ</span> <span class='ocrx_word' id='word_1_281' title='bbox 3388 1481 3522 1552; x_wconf 86' lang='grc' dir='ltr'>καθὸ</span> <span class='ocrx_word' id='word_1_282' title='bbox 3563 1483 3680 1538; x_wconf 64' lang='lat' dir='ltr'><strong>Ha.</strong></span> 
     </span>
    </p>
   </div>
   <div class='ocr_carea' id='block_1_44' title="bbox 2084 1573 3673 1647">
    <p class='ocr_par' dir='ltr' id='par_1_44' title="bbox 2084 1573 3673 1647">
     <span class='ocr_line' id='line_1_44' title="bbox 2084 1573 3673 1647; baseline -0.001 -18"><span class='ocrx_word' id='word_1_283' title='bbox 2084 1575 2188 1647; x_wconf 76' lang='grc' dir='ltr'>τὴρ</span> <span class='ocrx_word' id='word_1_284' title='bbox 2221 1576 2388 1637; x_wconf 83' lang='grc' dir='ltr'>θέλει,</span> <span class='ocrx_word' id='word_1_285' title='bbox 2438 1575 2472 1645; x_wconf 74' lang='grc' dir='ltr'><strong>ἢ</strong></span> <span class='ocrx_word' id='word_1_286' title='bbox 2509 1575 2646 1628; x_wconf 88' lang='grc' dir='ltr'>καθὸ</span> <span class='ocrx_word' id='word_1_287' title='bbox 2685 1574 2839 1638; x_wconf 83' lang='grc' dir='ltr'>Θεός.</span> <span class='ocrx_word' id='word_1_288' title='bbox 2890 1573 3032 1629; x_wconf 80' lang='grc' dir='ltr'>Ἀλλ’</span> <span class='ocrx_word' id='word_1_289' title='bbox 3067 1576 3116 1628; x_wconf 77' lang='grc' dir='ltr'>εἰ</span> <span class='ocrx_word' id='word_1_290' title='bbox 3149 1574 3250 1645; x_wconf 79' lang='grc' dir='ltr'><strong>μὲν</strong></span> <span class='ocrx_word' id='word_1_291' title='bbox 3294 1575 3430 1628; x_wconf 86' lang='grc' dir='ltr'>καθὸ</span> <span class='ocrx_word' id='word_1_292' title='bbox 3459 1575 3673 1647; x_wconf 80' lang='grc' dir='ltr'>Πατὴρ,</span> 
     </span>
    </p>
   </div>
   <div class='ocr_carea' id='block_1_45' title="bbox 2085 1665 3674 1738">
    <p class='ocr_par' dir='ltr' id='par_1_45' title="bbox 2085 1665 3674 1738">
     <span class='ocr_line' id='line_1_45' title="bbox 2085 1665 3674 1738; baseline -0.003 -14"><span class='ocrx_word' id='word_1_293' title='bbox 2085 1669 2216 1724; x_wconf 79' lang='grc' dir='ltr'>ἄλλο</span> <span class='ocrx_word' id='word_1_294' title='bbox 2251 1667 2418 1721; x_wconf 81' lang='grc' dir='ltr'>αὐτοῦ</span> <span class='ocrx_word' id='word_1_295' title='bbox 2455 1668 2612 1721; x_wconf 71' lang='grc' dir='ltr'>ἔσται</span> <span class='ocrx_word' id='word_1_296' title='bbox 2639 1667 2699 1720; x_wconf 86' lang='grc' dir='ltr'>τὸ</span> <span class='ocrx_word' id='word_1_297' title='bbox 2721 1666 2940 1738; x_wconf 84' lang='grc' dir='ltr'>θέλημα</span> <span class='ocrx_word' id='word_1_298' title='bbox 2969 1667 3122 1738; x_wconf 71' lang='grc' dir='ltr'>παρὰ</span> <span class='ocrx_word' id='word_1_299' title='bbox 3174 1666 3236 1719; x_wconf 84' lang='grc' dir='ltr'>τὸ</span> <span class='ocrx_word' id='word_1_300' title='bbox 3269 1665 3363 1719; x_wconf 83' lang='grc' dir='ltr'>τοῦ</span> <span class='ocrx_word' id='word_1_301' title='bbox 3393 1666 3545 1722; x_wconf 73' lang='grc' dir='ltr'><strong>Υἱοῦ.</strong></span> <span class='ocrx_word' id='word_1_302' title='bbox 3596 1666 3674 1720; x_wconf 82' lang='grc' dir='ltr'><strong>Οὐ</strong></span> 
     </span>
    </p>
   </div>
   <div class='ocr_carea' id='block_1_46' title="bbox 2085 1758 3672 1834">
    <p class='ocr_par' dir='ltr' id='par_1_46' title="bbox 2085 1758 3672 1834">
     <span class='ocr_line' id='line_1_46' title="bbox 2085 1758 3672 1834; baseline -0.002 -19"><span class='ocrx_word' id='word_1_303' title='bbox 2085 1763 2196 1834; x_wconf 80' lang='grc' dir='ltr'><strong>γὰρ</strong></span> <span class='ocrx_word' id='word_1_304' title='bbox 2231 1762 2421 1833; x_wconf 81' lang='grc' dir='ltr'>Πατὴρ</span> <span class='ocrx_word' id='word_1_305' title='bbox 2440 1763 2470 1816; x_wconf 83' lang='grc' dir='ltr'>ὸ</span> <span class='ocrx_word' id='word_1_306' title='bbox 2497 1761 2651 1825; x_wconf 82' lang='grc' dir='ltr'>Υἱός.</span> <span class='ocrx_word' id='word_1_307' title='bbox 2677 1761 2738 1814; x_wconf 78' lang='grc' dir='ltr'><strong>Εἰ</strong></span> <span class='ocrx_word' id='word_1_308' title='bbox 2765 1760 2822 1814; x_wconf 74' lang='grc' dir='ltr'>δὲ</span> <span class='ocrx_word' id='word_1_309' title='bbox 2854 1758 2990 1812; x_wconf 83' lang='grc' dir='ltr'>καθὸ</span> <span class='ocrx_word' id='word_1_310' title='bbox 3017 1758 3170 1823; x_wconf 82' lang='grc' dir='ltr'>Θεὸς,</span> <span class='ocrx_word' id='word_1_311' title='bbox 3221 1759 3354 1822; x_wconf 82' lang='grc' dir='ltr'>Θεὸς</span> <span class='ocrx_word' id='word_1_312' title='bbox 3380 1760 3438 1812; x_wconf 79' lang='grc' dir='ltr'>δὲ</span> <span class='ocrx_word' id='word_1_313' title='bbox 3463 1761 3492 1812; x_wconf 84' lang='grc' dir='ltr'>ὁ</span> <span class='ocrx_word' id='word_1_314' title='bbox 3520 1760 3672 1824; x_wconf 73' lang='grc' dir='ltr'>Υἱὸς,</span> 
     </span>
    </p>
   </div>
   <div class='ocr_carea' id='block_1_47' title="bbox 2085 1850 3675 1924">
    <p class='ocr_par' dir='ltr' id='par_1_47' title="bbox 2085 1850 3675 1924">
     <span class='ocr_line' id='line_1_47' title="bbox 2085 1850 3675 1924; baseline -0.001 -15"><span class='ocrx_word' id='word_1_315' title='bbox 2085 1855 2220 1919; x_wconf 86' lang='grc' dir='ltr'>Θεὸς</span> <span class='ocrx_word' id='word_1_316' title='bbox 2250 1855 2437 1910; x_wconf 75' lang='grc' dir='ltr'>καὶτὸ</span> <span class='ocrx_word' id='word_1_317' title='bbox 2471 1853 2698 1922; x_wconf 78' lang='grc' dir='ltr'><strong>Πνεῦμα</strong></span> <span class='ocrx_word' id='word_1_318' title='bbox 2729 1851 2790 1906; x_wconf 87' lang='grc' dir='ltr'>τὸ</span> <span class='ocrx_word' id='word_1_319' title='bbox 2845 1851 3034 1922; x_wconf 72' lang='grc' dir='ltr'>ἅγιον·</span> <span class='ocrx_word' id='word_1_320' title='bbox 3066 1851 3175 1922; x_wconf 79' lang='grc' dir='ltr'><strong>ἄρα</strong></span> <span class='ocrx_word' id='word_1_321' title='bbox 3220 1850 3283 1905; x_wconf 81' lang='grc' dir='ltr'><strong>τὸ</strong></span> <span class='ocrx_word' id='word_1_322' title='bbox 3321 1852 3533 1923; x_wconf 77' lang='grc' dir='ltr'>θέλημα</span> <span class='ocrx_word' id='word_1_323' title='bbox 3569 1855 3675 1924; x_wconf 61' lang='grc' dir='ltr'><strong>φύν</strong></span> 
     </span>
    </p>
   </div>
   <div class='ocr_carea' id='block_1_48' title="bbox 2087 1945 2733 2019">
    <p class='ocr_par' dir='ltr' id='par_1_48' title="bbox 2087 1945 2733 2019">
     <span class='ocr_line' id='line_1_48' title="bbox 2087 1945 2733 2019; baseline -0.009 -16"><span class='ocrx_word' id='word_1_324' title='bbox 2087 1965 2248 2015; x_wconf 88' lang='grc' dir='ltr'>σεως,</span> <span class='ocrx_word' id='word_1_325' title='bbox 2279 1949 2457 2019; x_wconf 78' lang='grc' dir='ltr'>ἧγουν·</span> <span class='ocrx_word' id='word_1_326' title='bbox 2483 1945 2733 2017; x_wconf 84' lang='grc' dir='ltr'>φυσικόν.</span> 
     </span>
    </p>
   </div>
   <div class='ocr_carea' id='block_1_49' title="bbox 2156 2115 3671 2194">
    <p class='ocr_par' dir='ltr' id='par_1_49' title="bbox 2156 2115 3671 2194">
     <span class='ocr_line' id='line_1_49' title="bbox 2156 2115 3671 2194; baseline -0.007 -11"><span class='ocrx_word' id='word_1_327' title='bbox 2156 2129 2303 2194; x_wconf 82' lang='grc' dir='ltr'>Ἔτι,</span> <span class='ocrx_word' id='word_1_328' title='bbox 2325 2125 2375 2179; x_wconf 77' lang='grc' dir='ltr'><strong>ει</strong></span> <span class='ocrx_word' id='word_1_329' title='bbox 2402 2123 2545 2180; x_wconf 74' lang='grc' dir='ltr'>κατὰ</span> <span class='ocrx_word' id='word_1_330' title='bbox 2573 2124 2702 2188; x_wconf 78' lang='grc' dir='ltr'>τοὺς</span> <span class='ocrx_word' id='word_1_331' title='bbox 2727 2122 3004 2194; x_wconf 77' lang='grc' dir='ltr'>Πατέρας,</span> <span class='ocrx_word' id='word_1_332' title='bbox 3025 2115 3102 2176; x_wconf 80' lang='grc' dir='ltr'>ὧν</span> <span class='ocrx_word' id='word_1_333' title='bbox 3123 2121 3184 2175; x_wconf 86' lang='grc' dir='ltr'>τὸ</span> <span class='ocrx_word' id='word_1_334' title='bbox 3207 2120 3420 2192; x_wconf 86' lang='grc' dir='ltr'>θέλημα</span> <span class='ocrx_word' id='word_1_335' title='bbox 3445 2119 3527 2184; x_wconf 79' lang='grc' dir='ltr'>ἓν,</span> <span class='ocrx_word' id='word_1_336' title='bbox 3549 2119 3671 2174; x_wconf 78' lang='grc' dir='ltr'><strong>τού-</strong></span> 
     </span>
    </p>
   </div>
   <div class='ocr_carea' id='block_1_50' title="bbox 2083 2213 3670 2292">
    <p class='ocr_par' dir='ltr' id='par_1_50' title="bbox 2083 2213 3670 2292">
     <span class='ocr_line' id='line_1_50' title="bbox 2083 2213 3670 2292; baseline -0.005 -17"><span class='ocrx_word' id='word_1_337' title='bbox 2083 2237 2190 2275; x_wconf 87' lang='grc' dir='ltr'>των</span> <span class='ocrx_word' id='word_1_338' title='bbox 2212 2219 2306 2274; x_wconf 77' lang='grc' dir='ltr'>καὶ</span> <span class='ocrx_word' id='word_1_339' title='bbox 2333 2218 2368 2289; x_wconf 73' lang='grc' dir='ltr'><strong>ἡ</strong></span> <span class='ocrx_word' id='word_1_340' title='bbox 2397 2216 2554 2272; x_wconf 77' lang='grc' dir='ltr'>οὐσία</span> <span class='ocrx_word' id='word_1_341' title='bbox 2584 2216 2704 2286; x_wconf 79' lang='grc' dir='ltr'>μία,</span> <span class='ocrx_word' id='word_1_342' title='bbox 2733 2215 2792 2268; x_wconf 69' lang='grc' dir='ltr'>ἓν</span> <span class='ocrx_word' id='word_1_343' title='bbox 2817 2216 2914 2268; x_wconf 81' lang='grc' dir='ltr'><strong>καὶ</strong></span> <span class='ocrx_word' id='word_1_344' title='bbox 2939 2213 3154 2292; x_wconf 80' lang='grc' dir='ltr'>θέλημα</span> <span class='ocrx_word' id='word_1_345' title='bbox 3183 2216 3282 2286; x_wconf 80' lang='grc' dir='ltr'>τῆς</span> <span class='ocrx_word' id='word_1_346' title='bbox 3302 2213 3554 2285; x_wconf 78' lang='grc' dir='ltr'><strong>θεότητος</strong></span> <span class='ocrx_word' id='word_1_347' title='bbox 3573 2213 3670 2269; x_wconf 78' lang='grc' dir='ltr'>τοῦ</span> 
     </span>
    </p>
   </div>
   <div class='ocr_carea' id='block_1_51' title="bbox 2084 2295 3671 2384">
    <p class='ocr_par' dir='ltr' id='par_1_51' title="bbox 2084 2295 3671 2384">
     <span class='ocr_line' id='line_1_51' title="bbox 2084 2295 3671 2384; baseline -0.006 -16"><span class='ocrx_word' id='word_1_348' title='bbox 2084 2295 2352 2384; x_wconf 80' lang='grc' dir='ltr'>Χριστοῦ,</span> <span class='ocrx_word' id='word_1_349' title='bbox 2385 2310 2612 2379; x_wconf 75' lang='grc' dir='ltr'>καὶτῆς</span> <span class='ocrx_word' id='word_1_350' title='bbox 2660 2306 3085 2378; x_wconf 79' lang='grc' dir='ltr'>ἀνθρωπότητος</span> <span class='ocrx_word' id='word_1_351' title='bbox 3137 2303 3306 2359; x_wconf 79' lang='grc' dir='ltr'>αὑτοῦ</span> <span class='ocrx_word' id='word_1_352' title='bbox 3332 2321 3346 2336; x_wconf 75' lang='grc' dir='ltr'><strong><em>ο</em></strong></span> <span class='ocrx_word' id='word_1_353' title='bbox 3401 2303 3512 2378; x_wconf 79' lang='grc' dir='ltr'>ἄρα</span> <span class='ocrx_word' id='word_1_354' title='bbox 3568 2303 3671 2375; x_wconf 78' lang='grc' dir='ltr'><strong>μία</strong></span> 
     </span>
    </p>
   </div>
   <div class='ocr_carea' id='block_1_52' title="bbox 2085 2395 3248 2474">
    <p class='ocr_par' dir='ltr' id='par_1_52' title="bbox 2085 2395 3248 2474">
     <span class='ocr_line' id='line_1_52' title="bbox 2085 2395 3248 2474; baseline -0.006 -16"><span class='ocrx_word' id='word_1_355' title='bbox 2085 2404 2182 2458; x_wconf 78' lang='grc' dir='ltr'>καὶ</span> <span class='ocrx_word' id='word_1_356' title='bbox 2208 2403 2243 2474; x_wconf 81' lang='grc' dir='ltr'>ἠ</span> <span class='ocrx_word' id='word_1_357' title='bbox 2269 2401 2410 2472; x_wconf 76' lang='grc' dir='ltr'>αὐτὴ</span> <span class='ocrx_word' id='word_1_358' title='bbox 2445 2398 2656 2455; x_wconf 76' lang='grc' dir='ltr'>τούτων</span> <span class='ocrx_word' id='word_1_359' title='bbox 2684 2398 2842 2452; x_wconf 70' lang='grc' dir='ltr'>ἔσται</span> <span class='ocrx_word' id='word_1_360' title='bbox 2871 2397 2968 2451; x_wconf 78' lang='grc' dir='ltr'>καὶ</span> <span class='ocrx_word' id='word_1_361' title='bbox 2996 2398 3029 2466; x_wconf 82' lang='grc' dir='ltr'>ὴ</span> <span class='ocrx_word' id='word_1_362' title='bbox 3067 2395 3248 2451; x_wconf 78' lang='grc' dir='ltr'>οὐσία.</span> 
     </span>
    </p>
   </div>
   <div class='ocr_carea' id='block_1_53' title="bbox 2155 2567 3669 2639">
    <p class='ocr_par' dir='ltr' id='par_1_53' title="bbox 2155 2567 3669 2639">
     <span class='ocr_line' id='line_1_53' title="bbox 2155 2567 3669 2639; baseline -0.008 -8"><span class='ocrx_word' id='word_1_363' title='bbox 2155 2577 2267 2630; x_wconf 75' lang='grc' dir='ltr'><strong>Καὶ</strong></span> <span class='ocrx_word' id='word_1_364' title='bbox 2289 2575 2450 2630; x_wconf 70' lang='grc' dir='ltr'>πάλιν</span> <span class='ocrx_word' id='word_1_365' title='bbox 2471 2589 2484 2603; x_wconf 91' lang='grc'><strong>·</strong></span> <span class='ocrx_word' id='word_1_366' title='bbox 2521 2573 2594 2635; x_wconf 76' lang='grc' dir='ltr'>εἰ,</span> <span class='ocrx_word' id='word_1_367' title='bbox 2625 2570 2770 2625; x_wconf 88' lang='grc' dir='ltr'>κατά</span> <span class='ocrx_word' id='word_1_368' title='bbox 2797 2569 2923 2634; x_wconf 81' lang='grc' dir='ltr'>τοὺς</span> <span class='ocrx_word' id='word_1_369' title='bbox 2950 2569 3224 2639; x_wconf 81' lang='grc' dir='ltr'>Πατέρας,</span> <span class='ocrx_word' id='word_1_370' title='bbox 3272 2569 3306 2639; x_wconf 78' lang='grc' dir='ltr'>ὴ</span> <span class='ocrx_word' id='word_1_371' title='bbox 3329 2567 3431 2637; x_wconf 82' lang='grc' dir='ltr'>τῆς</span> <span class='ocrx_word' id='word_1_372' title='bbox 3454 2567 3669 2636; x_wconf 84' lang='grc' dir='ltr'>φύσεως</span> 
     </span>
    </p>
   </div>
   <div class='ocr_carea' id='block_1_54' title="bbox 2084 2657 3667 2738">
    <p class='ocr_par' dir='ltr' id='par_1_54' title="bbox 2084 2657 3667 2738">
     <span class='ocr_line' id='line_1_54' title="bbox 2084 2657 3667 2738; baseline -0.009 -16"><span class='ocrx_word' id='word_1_373' title='bbox 2084 2667 2322 2738; x_wconf 85' lang='grc' dir='ltr'>διαφορὰ</span> <span class='ocrx_word' id='word_1_374' title='bbox 2355 2665 2436 2736; x_wconf 82' lang='grc' dir='ltr'>τῷ</span> <span class='ocrx_word' id='word_1_375' title='bbox 2465 2665 2548 2718; x_wconf 76' lang='grc' dir='ltr'><strong>ἑνὶ</strong></span> <span class='ocrx_word' id='word_1_376' title='bbox 2570 2663 2839 2734; x_wconf 83' lang='grc' dir='ltr'><strong>θελήματι</strong></span> <span class='ocrx_word' id='word_1_377' title='bbox 2867 2661 2927 2712; x_wconf 80' lang='grc' dir='ltr'>οὐ</span> <span class='ocrx_word' id='word_1_378' title='bbox 2968 2659 3332 2728; x_wconf 82' lang='grc' dir='ltr'><strong>διαφαίνεται,</strong></span> <span class='ocrx_word' id='word_1_379' title='bbox 3359 2658 3594 2729; x_wconf 80' lang='grc' dir='ltr'><strong>ἀνάγκη,</strong></span> <span class='ocrx_word' id='word_1_380' title='bbox 3633 2657 3667 2728; x_wconf 77' lang='grc' dir='ltr'>ἢ</span> 
     </span>
    </p>
   </div>
   <div class='ocr_carea' id='block_1_55' title="bbox 2085 2747 3670 2830">
    <p class='ocr_par' dir='ltr' id='par_1_55' title="bbox 2085 2747 3670 2830">
     <span class='ocr_line' id='line_1_55' title="bbox 2085 2747 3670 2830; baseline -0.009 -14"><span class='ocrx_word' id='word_1_381' title='bbox 2085 2763 2146 2817; x_wconf 76' lang='grc' dir='ltr'>ἓν</span> <span class='ocrx_word' id='word_1_382' title='bbox 2178 2761 2394 2830; x_wconf 79' lang='grc' dir='ltr'>θέλημα</span> <span class='ocrx_word' id='word_1_383' title='bbox 2420 2757 2681 2826; x_wconf 77' lang='grc' dir='ltr'>λέγοντας</span> <span class='ocrx_word' id='word_1_384' title='bbox 2706 2749 2946 2822; x_wconf 79' lang='grc' dir='ltr'>φυσικὴν</span> <span class='ocrx_word' id='word_1_385' title='bbox 2990 2751 3048 2806; x_wconf 70' lang='grc' dir='ltr'>ἐν</span> <span class='ocrx_word' id='word_1_386' title='bbox 3090 2747 3315 2822; x_wconf 83' lang='grc' dir='ltr'>Χριστῷ</span> <span class='ocrx_word' id='word_1_387' title='bbox 3362 2750 3438 2819; x_wconf 79' lang='grc' dir='ltr'><strong>μὴ</strong></span> <span class='ocrx_word' id='word_1_388' title='bbox 3490 2749 3670 2818; x_wconf 81' lang='grc' dir='ltr'>λέγειν</span> 
     </span>
    </p>
   </div>
   <div class='ocr_carea' id='block_1_56' title="bbox 2084 2836 3671 2919">
    <p class='ocr_par' dir='ltr' id='par_1_56' title="bbox 2084 2836 3671 2919">
     <span class='ocr_line' id='line_1_56' title="bbox 2084 2836 3671 2919; baseline -0.01 -16"><span class='ocrx_word' id='word_1_389' title='bbox 2084 2847 2370 2919; x_wconf 83' lang='grc' dir='ltr'>διαφορὰν,</span> <span class='ocrx_word' id='word_1_390' title='bbox 2398 2845 2432 2916; x_wconf 79' lang='grc' dir='ltr'>ἢ</span> <span class='ocrx_word' id='word_1_391' title='bbox 2465 2842 2702 2916; x_wconf 76' lang='grc' dir='ltr'>φυσικὴν</span> <span class='ocrx_word' id='word_1_392' title='bbox 2723 2840 2986 2908; x_wconf 81' lang='grc' dir='ltr'>λέγοντας</span> <span class='ocrx_word' id='word_1_393' title='bbox 3031 2837 3320 2910; x_wconf 73' lang='grc' dir='ltr'>διαφορὰν,</span> <span class='ocrx_word' id='word_1_394' title='bbox 3353 2836 3410 2890; x_wconf 86' lang='grc' dir='ltr'>ἒν</span> <span class='ocrx_word' id='word_1_395' title='bbox 3458 2836 3671 2908; x_wconf 80' lang='grc' dir='ltr'>θέλημα</span> 
     </span>
    </p>
   </div>
   <div class='ocr_carea' id='block_1_57' title="bbox 2089 2939 3342 3013">
    <p class='ocr_par' dir='ltr' id='par_1_57' title="bbox 2089 2939 3342 3013">
     <span class='ocr_line' id='line_1_57' title="bbox 2089 2939 3342 3013; baseline -0.006 -21"><span class='ocrx_word' id='word_1_396' title='bbox 2089 2940 2165 3012; x_wconf 79' lang='grc' dir='ltr'>μὴ</span> <span class='ocrx_word' id='word_1_397' title='bbox 2190 2939 2397 3007; x_wconf 81' lang='grc' dir='ltr'>λέγειν.</span> <span class='ocrx_word' id='word_1_398' title='bbox 2530 2948 2568 2985; x_wconf 70' lang='grc' dir='ltr'>ρ</span> <span class='ocrx_word' id='word_1_399' title='bbox 3317 2967 3342 3013; x_wconf 25' lang='grc' dir='ltr'>ι.</span> 
     </span>
    </p>
   </div>
   <div class='ocr_carea' id='block_1_58' title="bbox 2158 3019 3666 3102">
    <p class='ocr_par' dir='ltr' id='par_1_58' title="bbox 2158 3019 3666 3102">
     <span class='ocr_line' id='line_1_58' title="bbox 2158 3019 3666 3102; baseline -0.007 -17"><span class='ocrx_word' id='word_1_400' title='bbox 2158 3033 2268 3086; x_wconf 78' lang='grc' dir='ltr'><strong>Καὶ</strong></span> <span class='ocrx_word' id='word_1_401' title='bbox 2293 3025 2450 3093; x_wconf 81' lang='grc' dir='ltr'>αὖθις</span> <span class='ocrx_word' id='word_1_402' title='bbox 2472 3045 2486 3059; x_wconf 78' lang='grc'><strong><em>⁸</em></strong></span> <span class='ocrx_word' id='word_1_403' title='bbox 2521 3028 2572 3081; x_wconf 82' lang='grc' dir='ltr'>εἰ</span> <span class='ocrx_word' id='word_1_404' title='bbox 2597 3023 2784 3088; x_wconf 83' lang='grc' dir='ltr'>καθώς</span> <span class='ocrx_word' id='word_1_405' title='bbox 2823 3039 2975 3102; x_wconf 75' lang='grc' dir='ltr'>φησι</span> <span class='ocrx_word' id='word_1_406' title='bbox 3009 3022 3072 3075; x_wconf 84' lang='grc' dir='ltr'>τὸ</span> <span class='ocrx_word' id='word_1_407' title='bbox 3117 3020 3259 3075; x_wconf 80' lang='grc' dir='ltr'>θεῖον</span> <span class='ocrx_word' id='word_1_408' title='bbox 3313 3019 3666 3088; x_wconf 81' lang='grc' dir='ltr'>Εὑαγγέλιον,</span> 
     </span>
    </p>
   </div>
   <div class='ocr_carea' id='block_1_59' title="bbox 2084 3101 3669 3192">
    <p class='ocr_par' dir='ltr' id='par_1_59' title="bbox 2084 3101 3669 3192">
     <span class='ocr_line' id='line_1_59' title="bbox 2084 3101 3669 3192; baseline -0.008 -14"><span class='ocrx_word' id='word_1_409' title='bbox 2084 3123 2256 3178; x_wconf 84' lang='grc' dir='ltr'>ἐλθὼν</span> <span class='ocrx_word' id='word_1_410' title='bbox 2276 3124 2304 3175; x_wconf 81' lang='grc' dir='ltr'><strong>ὁ</strong></span> <span class='ocrx_word' id='word_1_411' title='bbox 2336 3120 2541 3192; x_wconf 82' lang='grc' dir='ltr'>Κύριος</span> <span class='ocrx_word' id='word_1_412' title='bbox 2568 3119 2647 3179; x_wconf 76' lang='grc' dir='ltr'>εἰς</span> <span class='ocrx_word' id='word_1_413' title='bbox 2681 3117 2750 3171; x_wconf 84' lang='grc' dir='ltr'>τὰ</span> <span class='ocrx_word' id='word_1_414' title='bbox 2781 3116 2924 3186; x_wconf 84' lang='grc' dir='ltr'>μέρη</span> <span class='ocrx_word' id='word_1_415' title='bbox 2947 3101 3126 3184; x_wconf 80' lang='grc' dir='ltr'>Τύρου</span> <span class='ocrx_word' id='word_1_416' title='bbox 3155 3113 3250 3167; x_wconf 81' lang='grc' dir='ltr'><strong>καὶ</strong></span> <span class='ocrx_word' id='word_1_417' title='bbox 3286 3111 3537 3177; x_wconf 81' lang='grc' dir='ltr'><strong>Σιδῶνος,</strong></span> <span class='ocrx_word' id='word_1_418' title='bbox 3568 3112 3669 3166; x_wconf 75' lang='grc' dir='ltr'>καὶ</span> 
     </span>
    </p>
   </div>
   <div class='ocr_carea' id='block_1_60' title="bbox 395 3201 1982 3301">
    <p class='ocr_par' dir='ltr' id='par_1_60' title="bbox 395 3208 1977 3278">
     <span class='ocr_line' id='line_1_60' title="bbox 395 3208 1977 3278; baseline 0.006 -17"><span class='ocrx_word' id='word_1_419' title='bbox 395 3209 664 3276; x_wconf 77' lang='lat' dir='ltr'><strong>ingressus</strong></span> <span class='ocrx_word' id='word_1_420' title='bbox 681 3208 920 3272; x_wconf 80' lang='lat' dir='ltr'><strong>domum,</strong></span> <span class='ocrx_word' id='word_1_421' title='bbox 955 3211 1212 3265; x_wconf 79' lang='lat' dir='ltr'><strong>neminem</strong></span> <span class='ocrx_word' id='word_1_422' title='bbox 1235 3211 1373 3265; x_wconf 79' lang='lat' dir='ltr'><strong>scire</strong></span> <span class='ocrx_word' id='word_1_423' title='bbox 1421 3211 1608 3278; x_wconf 81' lang='lat' dir='ltr'><strong>voluit,</strong></span> <span class='ocrx_word' id='word_1_424' title='bbox 1664 3229 1755 3268; x_wconf 85' lang='lat' dir='ltr'><strong>nec</strong></span> <span class='ocrx_word' id='word_1_425' title='bbox 1805 3224 1977 3270; x_wconf 83' lang='lat' dir='ltr'><strong>tamen</strong></span> 
     </span>
    </p>
   </div>
   <div class='ocr_carea' id='block_1_61' title="bbox 2089 3201 3667 3301">
    <p class='ocr_par' dir='ltr' id='par_1_61' title="bbox 2089 3201 3667 3288">
     <span class='ocr_line' id='line_1_61' title="bbox 2089 3201 3667 3288; baseline -0.008 -17"><span class='ocrx_word' id='word_1_426' title='bbox 2089 3215 2376 3271; x_wconf 74' lang='grc' dir='ltr'>εισελθὼν</span> <span class='ocrx_word' id='word_1_427' title='bbox 2405 3215 2494 3280; x_wconf 83' lang='grc' dir='ltr'><strong>εις</strong></span> <span class='ocrx_word' id='word_1_428' title='bbox 2522 3207 2716 3274; x_wconf 79' lang='grc' dir='ltr'>οἷκον,</span> <span class='ocrx_word' id='word_1_429' title='bbox 2745 3207 2966 3288; x_wconf 79' lang='grc' dir='ltr'><strong>οὐδένα</strong></span> <span class='ocrx_word' id='word_1_430' title='bbox 2991 3207 3257 3275; x_wconf 72' lang='grc' dir='ltr'>ἠθέλησε</span> <span class='ocrx_word' id='word_1_431' title='bbox 3280 3201 3521 3275; x_wconf 77' lang='grc' dir='ltr'>γνῶναι,</span> <span class='ocrx_word' id='word_1_432' title='bbox 3568 3205 3667 3259; x_wconf 76' lang='grc' dir='ltr'>και</span> 
     </span>
    </p>
   </div>
   <div class='ocr_carea' id='block_1_62' title="bbox 395 3295 1982 3374">
    <p class='ocr_par' dir='ltr' id='par_1_62' title="bbox 395 3299 1981 3373">
     <span class='ocr_line' id='line_1_62' title="bbox 395 3299 1981 3373; baseline 0.006 -21"><span class='ocrx_word' id='word_1_433' title='bbox 395 3299 559 3353; x_wconf 83' lang='lat' dir='ltr'><strong>latere</strong></span> <span class='ocrx_word' id='word_1_434' title='bbox 578 3300 753 3367; x_wconf 85' lang='lat' dir='ltr'><strong>potuit</strong></span> <span class='ocrx_word' id='word_1_435' title='bbox 787 3299 832 3364; x_wconf 83' lang='lat'><strong>‘,</strong></span> <span class='ocrx_word' id='word_1_436' title='bbox 865 3300 1114 3369; x_wconf 78' lang='lat' dir='ltr'><strong>profecto</strong></span> <span class='ocrx_word' id='word_1_437' title='bbox 1148 3316 1273 3355; x_wconf 89' lang='lat' dir='ltr'><strong>cum</strong></span> <span class='ocrx_word' id='word_1_438' title='bbox 1307 3301 1492 3356; x_wconf 87' lang='lat' dir='ltr'><strong>divina</strong></span> <span class='ocrx_word' id='word_1_439' title='bbox 1519 3302 1693 3373; x_wconf 87' lang='lat' dir='ltr'><strong>ipsius</strong></span> <span class='ocrx_word' id='word_1_440' title='bbox 1723 3305 1981 3362; x_wconf 79' lang='lat' dir='ltr'><strong>voluntas</strong></span> 
     </span>
    </p>
   </div>
   <div class='ocr_carea' id='block_1_63' title="bbox 2089 3295 3668 3374">
    <p class='ocr_par' dir='ltr' id='par_1_63' title="bbox 2089 3295 3668 3374">
     <span class='ocr_line' id='line_1_63' title="bbox 2089 3295 3668 3374; baseline -0.011 -12"><span class='ocrx_word' id='word_1_441' title='bbox 2089 3308 2195 3362; x_wconf 84' lang='grc' dir='ltr'><strong>οὐκ</strong></span> <span class='ocrx_word' id='word_1_442' title='bbox 2216 3303 2489 3374; x_wconf 72' lang='grc' dir='ltr'>ἠδυνήθη</span> <span class='ocrx_word' id='word_1_443' title='bbox 2511 3299 2721 3356; x_wconf 73' lang='grc' dir='ltr'>λαθεῖν</span> <span class='ocrx_word' id='word_1_444' title='bbox 2736 3314 2749 3328; x_wconf 89' lang='grc'><strong>·</strong></span> <span class='ocrx_word' id='word_1_445' title='bbox 2777 3298 2826 3351; x_wconf 74' lang='grc' dir='ltr'>εἰ</span> <span class='ocrx_word' id='word_1_446' title='bbox 2852 3299 2913 3351; x_wconf 83' lang='grc' dir='ltr'>τὸ</span> <span class='ocrx_word' id='word_1_447' title='bbox 2937 3296 3081 3351; x_wconf 88' lang='grc' dir='ltr'>θεῖον</span> <span class='ocrx_word' id='word_1_448' title='bbox 3105 3295 3271 3349; x_wconf 82' lang='grc' dir='ltr'>αὑτοῦ</span> <span class='ocrx_word' id='word_1_449' title='bbox 3295 3295 3507 3366; x_wconf 86' lang='grc' dir='ltr'>θέλημα</span> <span class='ocrx_word' id='word_1_450' title='bbox 3533 3311 3668 3346; x_wconf 86' lang='grc' dir='ltr'>παν-</span> 
     </span>
    </p>
   </div>
   <div class='ocr_carea' id='block_1_64' title="bbox 396 3389 1980 3466">
    <p class='ocr_par' dir='ltr' id='par_1_64' title="bbox 396 3389 1980 3466">
     <span class='ocr_line' id='line_1_64' title="bbox 396 3389 1980 3466; baseline 0.006 -24"><span class='ocrx_word' id='word_1_451' title='bbox 396 3392 582 3444; x_wconf 87' lang='lat' dir='ltr'><strong>omnia</strong></span> <span class='ocrx_word' id='word_1_452' title='bbox 649 3389 860 3460; x_wconf 84' lang='lat' dir='ltr'><strong>possit,</strong></span> <span class='ocrx_word' id='word_1_453' title='bbox 909 3392 1102 3447; x_wconf 81' lang='lat' dir='ltr'><strong>volens</strong></span> <span class='ocrx_word' id='word_1_454' title='bbox 1139 3408 1272 3448; x_wconf 88' lang='lat' dir='ltr'><strong>vero</strong></span> <span class='ocrx_word' id='word_1_455' title='bbox 1326 3394 1499 3449; x_wconf 83' lang='lat' dir='ltr'><strong>latere</strong></span> <span class='ocrx_word' id='word_1_456' title='bbox 1549 3410 1658 3450; x_wconf 87' lang='lat' dir='ltr'><strong>non</strong></span> <span class='ocrx_word' id='word_1_457' title='bbox 1718 3398 1980 3466; x_wconf 91' lang='lat' dir='ltr'><strong>potuerit,</strong></span> 
     </span>
    </p>
   </div>
   <div class='ocr_carea' id='block_1_65' title="bbox 2079 3377 3676 3469">
    <p class='ocr_par' dir='ltr' id='par_1_65' title="bbox 2079 3377 3676 3469">
     <span class='ocr_line' id='line_1_65' title="bbox 2079 3377 3676 3469; baseline -0.009 -18"><span class='ocrx_word' id='word_1_458' title='bbox 2079 3395 2402 3469; x_wconf 82' lang='grc' dir='ltr'>τοδύναμον,</span> <span class='ocrx_word' id='word_1_459' title='bbox 2433 3392 2665 3462; x_wconf 87' lang='grc' dir='ltr'>θελήσας</span> <span class='ocrx_word' id='word_1_460' title='bbox 2691 3388 2750 3444; x_wconf 59' lang='grc' dir='ltr'>δὲ</span> <span class='ocrx_word' id='word_1_461' title='bbox 2777 3388 2961 3442; x_wconf 84' lang='grc' dir='ltr'>λαθεῖν</span> <span class='ocrx_word' id='word_1_462' title='bbox 2981 3388 3044 3469; x_wconf 73' lang='grc' dir='ltr'>οὐ</span> <span class='ocrx_word' id='word_1_463' title='bbox 3071 3385 3374 3456; x_wconf 75' lang='grc' dir='ltr'><strong>δεδύνηται⁸</strong></span> <span class='ocrx_word' id='word_1_464' title='bbox 3398 3377 3508 3455; x_wconf 83' lang='grc' dir='ltr'>ἄρα</span> <span class='ocrx_word' id='word_1_465' title='bbox 3533 3377 3676 3469; x_wconf 80' lang='grc' dir='ltr'>καθὸ</span> 
     </span>
    </p>
   </div>
   <div class='ocr_carea' id='block_1_66' title="bbox 396 3467 1982 3557">
    <p class='ocr_par' dir='ltr' id='par_1_66' title="bbox 396 3477 1982 3556">
     <span class='ocr_line' id='line_1_66' title="bbox 396 3477 1982 3556; baseline 0.006 -25"><span class='ocrx_word' id='word_1_466' title='bbox 396 3477 668 3546; x_wconf 84' lang='lat' dir='ltr'><strong>sequitur,</strong></span> <span class='ocrx_word' id='word_1_467' title='bbox 701 3483 762 3530; x_wconf 85' lang='lat' dir='ltr'><strong>ut</strong></span> <span class='ocrx_word' id='word_1_468' title='bbox 815 3485 1096 3546; x_wconf 88' lang='lat' dir='ltr'><strong>quatenus</strong></span> <span class='ocrx_word' id='word_1_469' title='bbox 1127 3479 1291 3535; x_wconf 89' lang='lat' dir='ltr'><strong>homo</strong></span> <span class='ocrx_word' id='word_1_470' title='bbox 1337 3480 1390 3535; x_wconf 90' lang='lat' dir='ltr'><strong>id</strong></span> <span class='ocrx_word' id='word_1_471' title='bbox 1437 3482 1696 3548; x_wconf 88' lang='lat' dir='ltr'><strong>voluerit,</strong></span> <span class='ocrx_word' id='word_1_472' title='bbox 1732 3499 1833 3540; x_wconf 91' lang='lat' dir='ltr'><strong>nec</strong></span> <span class='ocrx_word' id='word_1_473' title='bbox 1883 3499 1982 3556; x_wconf 79' lang='lat' dir='ltr'><strong>po-</strong></span> 
     </span>
    </p>
   </div>
   <div class='ocr_carea' id='block_1_67' title="bbox 2089 3467 3669 3557">
    <p class='ocr_par' dir='ltr' id='par_1_67' title="bbox 2089 3467 3669 3557">
     <span class='ocr_line' id='line_1_67' title="bbox 2089 3467 3669 3557; baseline -0.01 -16"><span class='ocrx_word' id='word_1_474' title='bbox 2089 3467 2370 3557; x_wconf 59' lang='grc' dir='ltr'>Ξξνθρωπος</span> <span class='ocrx_word' id='word_1_475' title='bbox 2429 3478 2666 3552; x_wconf 77' lang='grc' dir='ltr'>θελήσας</span> <span class='ocrx_word' id='word_1_476' title='bbox 2719 3479 2822 3534; x_wconf 83' lang='grc' dir='ltr'><strong>οὐκ</strong></span> <span class='ocrx_word' id='word_1_477' title='bbox 2867 3467 3135 3550; x_wconf 72' lang='grc' dir='ltr'>ἡδυνὴθη,</span> <span class='ocrx_word' id='word_1_478' title='bbox 3169 3469 3265 3529; x_wconf 75' lang='grc' dir='ltr'>καὶ</span> <span class='ocrx_word' id='word_1_479' title='bbox 3293 3470 3579 3545; x_wconf 78' lang='grc' dir='ltr'>θελητικὸς</span> <span class='ocrx_word' id='word_1_480' title='bbox 3600 3468 3669 3543; x_wconf 80' lang='grc' dir='ltr'>ἦν</span> 
     </span>
    </p>
   </div>
   <div class='ocr_carea' id='block_1_68' title="bbox 397 3565 1985 3638">
    <p class='ocr_par' dir='ltr' id='par_1_68' title="bbox 397 3565 1985 3638">
     <span class='ocr_line' id='line_1_68' title="bbox 397 3565 1985 3638; baseline 0.009 -21"><span class='ocrx_word' id='word_1_481' title='bbox 397 3565 579 3629; x_wconf 89' lang='lat' dir='ltr'><strong>tuerit,</strong></span> <span class='ocrx_word' id='word_1_482' title='bbox 613 3571 777 3634; x_wconf 89' lang='lat' dir='ltr'><strong>atque</strong></span> <span class='ocrx_word' id='word_1_483' title='bbox 803 3565 962 3632; x_wconf 84' lang='lat' dir='ltr'><strong>adeo,</strong></span> <span class='ocrx_word' id='word_1_484' title='bbox 992 3573 1050 3620; x_wconf 91' lang='lat' dir='ltr'><strong>ut</strong></span> <span class='ocrx_word' id='word_1_485' title='bbox 1071 3577 1345 3638; x_wconf 87' lang='lat' dir='ltr'><strong>quatenus</strong></span> <span class='ocrx_word' id='word_1_486' title='bbox 1373 3569 1536 3624; x_wconf 93' lang='lat' dir='ltr'><strong>homo</strong></span> <span class='ocrx_word' id='word_1_487' title='bbox 1565 3570 1780 3626; x_wconf 88' lang='lat' dir='ltr'><strong>valendi</strong></span> <span class='ocrx_word' id='word_1_488' title='bbox 1807 3572 1985 3630; x_wconf 80' lang='lat' dir='ltr'><strong>facul-</strong></span> 
     </span>
    </p>
   </div>
   <div class='ocr_carea' id='block_1_69' title="bbox 397 3656 873 3711">
    <p class='ocr_par' dir='ltr' id='par_1_69' title="bbox 397 3656 873 3711">
     <span class='ocr_line' id='line_1_69' title="bbox 397 3656 873 3711; baseline 0.006 -3"><span class='ocrx_word' id='word_1_489' title='bbox 397 3662 562 3710; x_wconf 86' lang='lat' dir='ltr'><strong>tatem</strong></span> <span class='ocrx_word' id='word_1_490' title='bbox 595 3656 873 3711; x_wconf 87' lang='lat' dir='ltr'><strong>habuerit.</strong></span> 
     </span>
    </p>
   </div>
   <div class='ocr_carea' id='block_1_70' title="bbox 652 3746 1976 3823">
    <p class='ocr_par' dir='ltr' id='par_1_70' title="bbox 652 3746 1976 3823">
     <span class='ocr_line' id='line_1_70' title="bbox 652 3746 1976 3823; baseline 0.008 -25"><span class='ocrx_word' id='word_1_491' title='bbox 652 3747 730 3800; x_wconf 87' lang='lat' dir='ltr'><strong>Ac</strong></span> <span class='ocrx_word' id='word_1_492' title='bbox 754 3761 946 3801; x_wconf 82' lang='lat' dir='ltr'><strong>rursus</strong></span> <span class='ocrx_word' id='word_1_493' title='bbox 977 3785 992 3810; x_wconf 92' lang='lat'><strong>,</strong></span> <span class='ocrx_word' id='word_1_494' title='bbox 1046 3746 1176 3802; x_wconf 88' lang='lat' dir='ltr'><strong>Cum</strong></span> <span class='ocrx_word' id='word_1_495' title='bbox 1209 3759 1449 3819; x_wconf 76' lang='lat' dir='ltr'><strong>venisset,</strong></span> <span class='ocrx_word' id='word_1_496' title='bbox 1475 3752 1670 3823; x_wconf 90' lang='lat' dir='ltr'><strong>inquit,</strong></span> <span class='ocrx_word' id='word_1_497' title='bbox 1687 3755 1755 3806; x_wconf 86' lang='lat' dir='ltr'><strong>ad</strong></span> <span class='ocrx_word' id='word_1_498' title='bbox 1785 3753 1976 3819; x_wconf 84' lang='lat' dir='ltr'><strong>locum,</strong></span> 
     </span>
    </p>
   </div>
   <div class='ocr_carea' id='block_1_71' title="bbox 396 3831 1985 3916">
    <p class='ocr_par' dir='ltr' id='par_1_71' title="bbox 396 3831 1985 3916">
     <span class='ocr_line' id='line_1_71' title="bbox 396 3831 1985 3916; baseline 0.008 -31"><span class='ocrx_word' id='word_1_499' title='bbox 396 3831 531 3887; x_wconf 69' lang='lat' dir='ltr'><strong>dixit</strong></span> <span class='ocrx_word' id='word_1_500' title='bbox 547 3847 565 3886; x_wconf 89' lang='lat'><strong><em>:</em></strong></span> <span class='ocrx_word' id='word_1_501' title='bbox 583 3833 740 3890; x_wconf 80' lang='lat' dir='ltr'><strong>Sitio.</strong></span> <span class='ocrx_word' id='word_1_502' title='bbox 761 3835 829 3889; x_wconf 85' lang='lat' dir='ltr'><strong>Et</strong></span> <span class='ocrx_word' id='word_1_503' title='bbox 849 3839 1165 3891; x_wconf 81' lang='lat' dir='ltr'><strong>dederuntei</strong></span> <span class='ocrx_word' id='word_1_504' title='bbox 1186 3839 1359 3893; x_wconf 73' lang='lat' dir='ltr'><strong>vinum</strong></span> <span class='ocrx_word' id='word_1_505' title='bbox 1376 3841 1499 3910; x_wconf 75' lang='lat' dir='ltr'><strong>felle</strong></span> <span class='ocrx_word' id='word_1_506' title='bbox 1521 3844 1736 3896; x_wconf 66' lang='lat' dir='ltr'><strong>mixtum</strong></span> <span class='ocrx_word' id='word_1_507' title='bbox 1755 3855 1776 3897; x_wconf 88' lang='lat'><strong><em>:</em></strong></span> <span class='ocrx_word' id='word_1_508' title='bbox 1798 3853 1985 3916; x_wconf 80' lang='lat' dir='ltr'><strong>etcum</strong></span> 
     </span>
    </p>
   </div>
   <div class='ocr_carea' id='block_1_72' title="bbox 394 3925 1982 4005">
    <p class='ocr_par' dir='ltr' id='par_1_72' title="bbox 394 3925 1982 4005">
     <span class='ocr_line' id='line_1_72' title="bbox 394 3925 1982 4005; baseline 0.007 -26"><span class='ocrx_word' id='word_1_509' title='bbox 394 3933 678 3996; x_wconf 74' lang='lat' dir='ltr'><strong>gustasset,</strong></span> <span class='ocrx_word' id='word_1_510' title='bbox 714 3927 884 3981; x_wconf 82' lang='lat' dir='ltr'><strong>noluit</strong></span> <span class='ocrx_word' id='word_1_511' title='bbox 911 3928 1083 3984; x_wconf 72' lang='lat' dir='ltr'><strong>bibere</strong></span> <span class='ocrx_word' id='word_1_512' title='bbox 1132 3925 1177 3982; x_wconf 82' lang='lat'><strong>’.</strong></span> <span class='ocrx_word' id='word_1_513' title='bbox 1209 3927 1381 3988; x_wconf 88' lang='lat' dir='ltr'><strong>Porro</strong></span> <span class='ocrx_word' id='word_1_514' title='bbox 1410 3934 1482 4001; x_wconf 93' lang='lat' dir='ltr'><strong>si,</strong></span> <span class='ocrx_word' id='word_1_515' title='bbox 1505 3944 1781 4005; x_wconf 88' lang='lat' dir='ltr'><strong>quatenus</strong></span> <span class='ocrx_word' id='word_1_516' title='bbox 1813 3933 1982 4000; x_wconf 85' lang='lat' dir='ltr'><strong>Deus,</strong></span> 
     </span>
    </p>
   </div>
   <div class='ocr_carea' id='block_1_73' title="bbox 393 4025 1986 4098">
    <p class='ocr_par' dir='ltr' id='par_1_73' title="bbox 393 4025 1986 4098">
     <span class='ocr_line' id='line_1_73' title="bbox 393 4025 1986 4098; baseline -0.003 -14"><span class='ocrx_word' id='word_1_517' title='bbox 393 4027 488 4084; x_wconf 86' lang='lat' dir='ltr'><strong>siti</strong></span> <span class='ocrx_word' id='word_1_518' title='bbox 518 4035 816 4098; x_wconf 81' lang='lat' dir='ltr'><strong>correptus</strong></span> <span class='ocrx_word' id='word_1_519' title='bbox 839 4035 945 4094; x_wconf 88' lang='lat' dir='ltr'><strong>est,</strong></span> <span class='ocrx_word' id='word_1_520' title='bbox 974 4035 1177 4084; x_wconf 90' lang='lat' dir='ltr'><strong>etcum</strong></span> <span class='ocrx_word' id='word_1_521' title='bbox 1210 4034 1500 4097; x_wconf 77' lang='lat' dir='ltr'><strong>gustaSset,</strong></span> <span class='ocrx_word' id='word_1_522' title='bbox 1537 4026 1715 4082; x_wconf 90' lang='lat' dir='ltr'><strong>noluit</strong></span> <span class='ocrx_word' id='word_1_523' title='bbox 1739 4025 1929 4081; x_wconf 88' lang='lat' dir='ltr'><strong>bibere</strong></span> <span class='ocrx_word' id='word_1_524' title='bbox 1956 4041 1986 4090; x_wconf 81' lang='lat'><strong>:-</strong></span> 
     </span>
    </p>
   </div>
   <div class='ocr_carea' id='block_1_74' title="bbox 397 4114 1980 4191">
    <p class='ocr_par' dir='ltr' id='par_1_74' title="bbox 397 4114 1980 4191">
     <span class='ocr_line' id='line_1_74' title="bbox 397 4114 1980 4191; baseline -0.004 -18"><span class='ocrx_word' id='word_1_525' title='bbox 397 4135 531 4191; x_wconf 74' lang='lat' dir='ltr'><strong>ergo</strong></span> <span class='ocrx_word' id='word_1_526' title='bbox 552 4119 718 4176; x_wconf 88' lang='lat' dir='ltr'><strong>etiam</strong></span> <span class='ocrx_word' id='word_1_527' title='bbox 759 4129 1033 4189; x_wconf 84' lang='lat' dir='ltr'><strong>quatenus</strong></span> <span class='ocrx_word' id='word_1_528' title='bbox 1095 4119 1241 4173; x_wconf 87' lang='lat' dir='ltr'><strong>Deus</strong></span> <span class='ocrx_word' id='word_1_529' title='bbox 1289 4117 1634 4188; x_wconf 86' lang='lat' dir='ltr'><strong>passianibus</strong></span> <span class='ocrx_word' id='word_1_530' title='bbox 1696 4114 1980 4170; x_wconf 86' lang='lat' dir='ltr'><strong>obnoxius</strong></span> 
     </span>
    </p>
   </div>
   <div class='ocr_carea' id='block_1_75' title="bbox 403 4208 1978 4280">
    <p class='ocr_par' dir='ltr' id='par_1_75' title="bbox 403 4208 1978 4280">
     <span class='ocr_line' id='line_1_75' title="bbox 403 4208 1978 4280; baseline -0.004 -13"><span class='ocrx_word' id='word_1_531' title='bbox 403 4221 566 4267; x_wconf 87' lang='lat' dir='ltr'><strong>erat:</strong></span> <span class='ocrx_word' id='word_1_532' title='bbox 595 4221 724 4268; x_wconf 82' lang='lat' dir='ltr'><strong>sunt</strong></span> <span class='ocrx_word' id='word_1_533' title='bbox 745 4212 918 4276; x_wconf 90' lang='lat' dir='ltr'><strong>enim,</strong></span> <span class='ocrx_word' id='word_1_534' title='bbox 949 4221 1062 4266; x_wconf 89' lang='lat' dir='ltr'><strong>tum</strong></span> <span class='ocrx_word' id='word_1_535' title='bbox 1090 4212 1234 4276; x_wconf 86' lang='lat' dir='ltr'><strong>sitis,</strong></span> <span class='ocrx_word' id='word_1_536' title='bbox 1271 4222 1384 4266; x_wconf 91' lang='lat' dir='ltr'><strong>tum</strong></span> <span class='ocrx_word' id='word_1_537' title='bbox 1441 4209 1703 4280; x_wconf 79' lang='lat' dir='ltr'><strong>gustatio,</strong></span> <span class='ocrx_word' id='word_1_538' title='bbox 1758 4208 1978 4278; x_wconf 79' lang='lat' dir='ltr'><strong>passio-</strong></span> 
     </span>
    </p>
   </div>
   <div class='ocr_carea' id='block_1_76' title="bbox 397 4299 1969 4372">
    <p class='ocr_par' dir='ltr' id='par_1_76' title="bbox 397 4299 1969 4372">
     <span class='ocr_line' id='line_1_76' title="bbox 397 4299 1969 4372; baseline -0.003 -14"><span class='ocrx_word' id='word_1_539' title='bbox 397 4317 521 4358; x_wconf 85' lang='lat' dir='ltr'><strong>nes.</strong></span> <span class='ocrx_word' id='word_1_540' title='bbox 585 4301 683 4358; x_wconf 89' lang='lat' dir='ltr'><strong>Sin</strong></span> <span class='ocrx_word' id='word_1_541' title='bbox 731 4313 914 4358; x_wconf 86' lang='lat' dir='ltr'><strong>autem</strong></span> <span class='ocrx_word' id='word_1_542' title='bbox 969 4311 1244 4372; x_wconf 87' lang='lat' dir='ltr'><strong>quatenus</strong></span> <span class='ocrx_word' id='word_1_543' title='bbox 1295 4303 1463 4356; x_wconf 86' lang='lat' dir='ltr'><strong>homo</strong></span> <span class='ocrx_word' id='word_1_544' title='bbox 1521 4300 1718 4364; x_wconf 88' lang='lat' dir='ltr'><strong>sitivit,</strong></span> <span class='ocrx_word' id='word_1_545' title='bbox 1773 4299 1969 4369; x_wconf 84' lang='lat' dir='ltr'><strong>utique</strong></span> 
     </span>
    </p>
   </div>
   <div class='ocr_carea' id='block_1_77' title="bbox 396 4391 1683 4464">
    <p class='ocr_par' dir='ltr' id='par_1_77' title="bbox 396 4391 1683 4464">
     <span class='ocr_line' id='line_1_77' title="bbox 396 4391 1683 4464; baseline -0.001 -16"><span class='ocrx_word' id='word_1_546' title='bbox 396 4403 673 4464; x_wconf 87' lang='lat' dir='ltr'><strong>quatenus</strong></span> <span class='ocrx_word' id='word_1_547' title='bbox 700 4394 864 4449; x_wconf 94' lang='lat' dir='ltr'><strong>homo</strong></span> <span class='ocrx_word' id='word_1_548' title='bbox 898 4395 1180 4448; x_wconf 84' lang='lat' dir='ltr'><strong>voluntate</strong></span> <span class='ocrx_word' id='word_1_549' title='bbox 1211 4391 1516 4447; x_wconf 90' lang='lat' dir='ltr'><strong>instructus</strong></span> <span class='ocrx_word' id='word_1_550' title='bbox 1545 4399 1683 4447; x_wconf 83' lang='lat' dir='ltr'><strong>erat.</strong></span> 
     </span>
    </p>
   </div>
   <div class='ocr_carea' id='block_1_78' title="bbox 463 4479 1965 4542">
    <p class='ocr_par' dir='ltr' id='par_1_78' title="bbox 463 4479 1965 4542">
     <span class='ocr_line' id='line_1_78' title="bbox 463 4479 1965 4542; baseline -0.003 -2"><span class='ocrx_word' id='word_1_551' title='bbox 463 4485 536 4540; x_wconf 83' lang='lat' dir='ltr'><strong>At</strong></span> <span class='ocrx_word' id='word_1_552' title='bbox 570 4500 702 4542; x_wconf 90' lang='lat' dir='ltr'><strong>vero</strong></span> <span class='ocrx_word' id='word_1_553' title='bbox 741 4485 1078 4541; x_wconf 89' lang='lat' dir='ltr'><strong>sententiam</strong></span> <span class='ocrx_word' id='word_1_554' title='bbox 1127 4491 1184 4540; x_wconf 91' lang='lat' dir='ltr'><strong>et</strong></span> <span class='ocrx_word' id='word_1_555' title='bbox 1236 4485 1564 4540; x_wconf 89' lang='lat' dir='ltr'><strong>electionem</strong></span> <span class='ocrx_word' id='word_1_556' title='bbox 1614 4482 1670 4536; x_wconf 85' lang='lat' dir='ltr'><strong>in</strong></span> <span class='ocrx_word' id='word_1_557' title='bbox 1729 4479 1965 4538; x_wconf 90' lang='lat' dir='ltr'><strong>Domino</strong></span> 
     </span>
    </p>
   </div>
   <div class='ocr_carea' id='block_1_79' title="bbox 2083 3575 2684 3647">
    <p class='ocr_par' dir='ltr' id='par_1_79' title="bbox 2083 3575 2684 3647">
     <span class='ocr_line' id='line_1_79' title="bbox 2083 3575 2684 3647; baseline -0.012 -13"><span class='ocrx_word' id='word_1_558' title='bbox 2083 3579 2179 3634; x_wconf 76' lang='grc' dir='ltr'><strong>καὶ</strong></span> <span class='ocrx_word' id='word_1_559' title='bbox 2209 3576 2345 3632; x_wconf 85' lang='grc' dir='ltr'>καθὸ</span> <span class='ocrx_word' id='word_1_560' title='bbox 2375 3575 2684 3647; x_wconf 78' lang='grc' dir='ltr'>ἄνθρωπος.</span> 
     </span>
    </p>
   </div>
   <div class='ocr_carea' id='block_1_80' title="bbox 2159 3732 3665 3814">
    <p class='ocr_par' dir='ltr' id='par_1_80' title="bbox 2159 3732 3665 3814">
     <span class='ocr_line' id='line_1_80' title="bbox 2159 3732 3665 3814; baseline -0.011 -10"><span class='ocrx_word' id='word_1_561' title='bbox 2159 3749 2270 3804; x_wconf 77' lang='grc' dir='ltr'><strong>Καὶ</strong></span> <span class='ocrx_word' id='word_1_562' title='bbox 2302 3748 2466 3801; x_wconf 84' lang='grc' dir='ltr'>πάλιν</span> <span class='ocrx_word' id='word_1_563' title='bbox 2487 3762 2500 3775; x_wconf 73' lang='grc'><strong>⁸</strong></span> <span class='ocrx_word' id='word_1_564' title='bbox 2541 3737 2786 3810; x_wconf 72' lang='grc' dir='ltr'>Ἐλθὼν,</span> <span class='ocrx_word' id='word_1_565' title='bbox 2821 3735 3007 3814; x_wconf 65' lang='grc' dir='ltr'>φησὶν,</span> <span class='ocrx_word' id='word_1_566' title='bbox 3027 3737 3109 3808; x_wconf 76' lang='grc' dir='ltr'>εἰς</span> <span class='ocrx_word' id='word_1_567' title='bbox 3146 3738 3493 3802; x_wconf 70' lang='grc' dir='ltr'>τὸν-τόπον,</span> <span class='ocrx_word' id='word_1_568' title='bbox 3512 3732 3665 3790; x_wconf 69' lang='grc' dir='ltr'>εἶπεο</span> 
     </span>
    </p>
   </div>
   <div class='ocr_carea' id='block_1_81' title="bbox 2090 3828 3668 3910">
    <p class='ocr_par' dir='ltr' id='par_1_81' title="bbox 2090 3828 3668 3910">
     <span class='ocr_line' id='line_1_81' title="bbox 2090 3828 3668 3910; baseline -0.01 -14"><span class='ocrx_word' id='word_1_569' title='bbox 2090 3841 2273 3910; x_wconf 75' lang='grc' dir='ltr'><strong>Διψῶ.</strong></span> <span class='ocrx_word' id='word_1_570' title='bbox 2311 3839 2420 3895; x_wconf 75' lang='lat' dir='ltr'><strong>Kal</strong></span> <span class='ocrx_word' id='word_1_571' title='bbox 2452 3839 2685 3894; x_wconf 77' lang='grc' dir='ltr'><strong>ἔδωκαν</strong></span> <span class='ocrx_word' id='word_1_572' title='bbox 2709 3837 2871 3904; x_wconf 83' lang='grc' dir='ltr'>αὐτῷ</span> <span class='ocrx_word' id='word_1_573' title='bbox 2900 3831 3068 3890; x_wconf 74' lang='grc' dir='ltr'>οἷν-ον</span> <span class='ocrx_word' id='word_1_574' title='bbox 3088 3833 3241 3903; x_wconf 78' lang='grc' dir='ltr'>μετὰ</span> <span class='ocrx_word' id='word_1_575' title='bbox 3271 3828 3464 3902; x_wconf 74' lang='grc' dir='ltr'>χολῆς</span> <span class='ocrx_word' id='word_1_576' title='bbox 3496 3845 3668 3904; x_wconf 70' lang='grc' dir='ltr'>μεμι-</span> 
     </span>
    </p>
   </div>
   <div class='ocr_carea' id='block_1_82' title="bbox 2085 3917 3668 4004">
    <p class='ocr_par' dir='ltr' id='par_1_82' title="bbox 2085 3917 3668 4004">
     <span class='ocr_line' id='line_1_82' title="bbox 2085 3917 3668 4004; baseline -0.016 -10"><span class='ocrx_word' id='word_1_577' title='bbox 2085 3932 2331 4004; x_wconf 72' lang='grc' dir='ltr'><strong>γμένον,</strong></span> <span class='ocrx_word' id='word_1_578' title='bbox 2374 3929 2472 3983; x_wconf 78' lang='grc' dir='ltr'>καὶ</span> <span class='ocrx_word' id='word_1_579' title='bbox 2500 3928 2871 4000; x_wconf 77' lang='grc' dir='ltr'>γευσάμενος</span> <span class='ocrx_word' id='word_1_580' title='bbox 2903 3930 3015 3982; x_wconf 86' lang='grc' dir='ltr'><strong>οὐκ</strong></span> <span class='ocrx_word' id='word_1_581' title='bbox 3041 3925 3223 3994; x_wconf 69' lang='grc' dir='ltr'>ἤθελε</span> <span class='ocrx_word' id='word_1_582' title='bbox 3264 3923 3443 3977; x_wconf 80' lang='grc' dir='ltr'>πιεῖν.</span> <span class='ocrx_word' id='word_1_583' title='bbox 3477 3921 3539 3974; x_wconf 81' lang='lat' dir='ltr'><strong>El</strong></span> <span class='ocrx_word' id='word_1_584' title='bbox 3569 3917 3668 3988; x_wconf 82' lang='grc' dir='ltr'><strong>μὲν</strong></span> 
     </span>
    </p>
   </div>
   <div class='ocr_carea' id='block_1_83' title="bbox 2089 4011 3678 4092">
    <p class='ocr_par' dir='ltr' id='par_1_83' title="bbox 2089 4011 3678 4092">
     <span class='ocr_line' id='line_1_83' title="bbox 2089 4011 3678 4092; baseline -0.003 -15"><span class='ocrx_word' id='word_1_585' title='bbox 2089 4019 2186 4077; x_wconf 77' lang='grc' dir='ltr'>οὖν</span> <span class='ocrx_word' id='word_1_586' title='bbox 2216 4021 2351 4079; x_wconf 86' lang='grc' dir='ltr'>καθὸ</span> <span class='ocrx_word' id='word_1_587' title='bbox 2386 4023 2519 4087; x_wconf 82' lang='grc' dir='ltr'>Θεὸς</span> <span class='ocrx_word' id='word_1_588' title='bbox 2551 4021 2799 4092; x_wconf 70' lang='grc' dir='ltr'>ἐδίψησε,</span> <span class='ocrx_word' id='word_1_589' title='bbox 2853 4020 2950 4074; x_wconf 73' lang='grc' dir='ltr'><strong>καὶ</strong></span> <span class='ocrx_word' id='word_1_590' title='bbox 2981 4019 3326 4089; x_wconf 79' lang='grc' dir='ltr'>γευσάμενος</span> <span class='ocrx_word' id='word_1_591' title='bbox 3377 4018 3479 4072; x_wconf 77' lang='grc' dir='ltr'>οὐκ</span> <span class='ocrx_word' id='word_1_592' title='bbox 3510 4011 3678 4089; x_wconf 43' lang='grc' dir='ltr'>ἤθελε,</span> 
     </span>
    </p>
   </div>
   <div class='ocr_carea' id='block_1_84' title="bbox 2088 4100 3674 4183">
    <p class='ocr_par' dir='ltr' id='par_1_84' title="bbox 2088 4100 3674 4183">
     <span class='ocr_line' id='line_1_84' title="bbox 2088 4100 3674 4183; baseline -0.002 -14"><span class='ocrx_word' id='word_1_593' title='bbox 2088 4117 2256 4178; x_wconf 81' lang='grc' dir='ltr'>πιεῖν,</span> <span class='ocrx_word' id='word_1_594' title='bbox 2286 4107 2540 4182; x_wconf 75' lang='grc' dir='ltr'>ἐμπαθὴς</span> <span class='ocrx_word' id='word_1_595' title='bbox 2570 4115 2677 4183; x_wconf 76' lang='grc' dir='ltr'>ἄρα</span> <span class='ocrx_word' id='word_1_596' title='bbox 2712 4103 2814 4166; x_wconf 58' lang='grc' dir='ltr'>καῖ</span> <span class='ocrx_word' id='word_1_597' title='bbox 2838 4108 2974 4167; x_wconf 87' lang='grc' dir='ltr'>καθὸ</span> <span class='ocrx_word' id='word_1_598' title='bbox 3018 4111 3173 4176; x_wconf 62' lang='grc' dir='ltr'>Θεόςδ</span> <span class='ocrx_word' id='word_1_599' title='bbox 3226 4100 3398 4176; x_wconf 75' lang='grc' dir='ltr'>πάθος</span> <span class='ocrx_word' id='word_1_600' title='bbox 3444 4100 3579 4180; x_wconf 79' lang='grc' dir='ltr'>γὰρ,</span> 
     </span>
    </p>
   </div>
   <div class='ocr_carea' id='block_1_85' title="bbox 2088 4193 3678 4274">
    <p class='ocr_par' dir='ltr' id='par_1_85' title="bbox 2088 4193 3678 4274">
     <span class='ocr_line' id='line_1_85' title="bbox 2088 4193 3678 4274; baseline -0.002 -16"><span class='ocrx_word' id='word_1_601' title='bbox 2088 4197 2147 4258; x_wconf 74' lang='grc' dir='ltr'><strong>τε</strong></span> <span class='ocrx_word' id='word_1_602' title='bbox 2176 4199 2326 4272; x_wconf 77' lang='grc' dir='ltr'>δίψα,</span> <span class='ocrx_word' id='word_1_603' title='bbox 2358 4205 2506 4274; x_wconf 67' lang='grc' dir='ltr'><strong>καὶὴ</strong></span> <span class='ocrx_word' id='word_1_604' title='bbox 2545 4203 2743 4272; x_wconf 74' lang='grc' dir='ltr'>ίεῦσις.</span> <span class='ocrx_word' id='word_1_605' title='bbox 2769 4199 2833 4257; x_wconf 81' lang='grc' dir='ltr'>Εἰ</span> <span class='ocrx_word' id='word_1_606' title='bbox 2860 4201 2916 4256; x_wconf 68' lang='grc' dir='ltr'>δὲ</span> <span class='ocrx_word' id='word_1_607' title='bbox 2941 4203 3003 4256; x_wconf 76' lang='grc' dir='ltr'>οὐ</span> <span class='ocrx_word' id='word_1_608' title='bbox 3053 4203 3186 4256; x_wconf 89' lang='grc' dir='ltr'>καθὸ</span> <span class='ocrx_word' id='word_1_609' title='bbox 3212 4193 3369 4267; x_wconf 84' lang='grc' dir='ltr'>Θεὸς,</span> <span class='ocrx_word' id='word_1_610' title='bbox 3441 4197 3678 4269; x_wconf 71' lang='grc' dir='ltr'>πάντως</span> 
     </span>
    </p>
   </div>
   <div class='ocr_carea' id='block_1_86' title="bbox 2095 4286 3676 4368">
    <p class='ocr_par' dir='ltr' id='par_1_86' title="bbox 2095 4286 3676 4368">
     <span class='ocr_line' id='line_1_86' title="bbox 2095 4286 3676 4368; baseline -0.003 -17"><span class='ocrx_word' id='word_1_611' title='bbox 2095 4298 2230 4351; x_wconf 89' lang='grc' dir='ltr'>καθὸ</span> <span class='ocrx_word' id='word_1_612' title='bbox 2259 4297 2354 4352; x_wconf 83' lang='grc' dir='ltr'><strong>ἄνθ</strong></span> <span class='ocrx_word' id='word_1_613' title='bbox 2368 4287 2548 4368; x_wconf 58' lang='lat' dir='ltr'><strong>petito;</strong></span> <span class='ocrx_word' id='word_1_614' title='bbox 2578 4286 2824 4368; x_wconf 75' lang='grc' dir='ltr'>ἐδίψησε,</span> <span class='ocrx_word' id='word_1_615' title='bbox 2867 4292 3280 4368; x_wconf 63' lang='grc' dir='ltr'>καὶθελητιδέὸς</span> <span class='ocrx_word' id='word_1_616' title='bbox 3312 4289 3381 4366; x_wconf 80' lang='grc' dir='ltr'>ἦν</span> <span class='ocrx_word' id='word_1_617' title='bbox 3410 4293 3506 4348; x_wconf 73' lang='grc' dir='ltr'><strong>καὶ</strong></span> <span class='ocrx_word' id='word_1_618' title='bbox 3536 4287 3676 4347; x_wconf 81' lang='grc' dir='ltr'>καθὸ</span> 
     </span>
    </p>
   </div>
   <div class='ocr_carea' id='block_1_87' title="bbox 2095 4390 3278 4460">
    <p class='ocr_par' dir='ltr' id='par_1_87' title="bbox 2095 4390 3278 4460">
     <span class='ocr_line' id='line_1_87' title="bbox 2095 4390 3278 4460; baseline 0.008 -16"><span class='ocrx_word' id='word_1_619' title='bbox 2095 4390 2405 4460; x_wconf 79' lang='grc' dir='ltr'>ἄνθρωπος.</span> <span class='ocrx_word' id='word_1_620' title='bbox 3275 4452 3278 4454; x_wconf 30' lang='grc' dir='ltr'><strong>ν</strong></span> 
     </span>
    </p>
   </div>
   <div class='ocr_carea' id='block_1_88' title="bbox 2160 4473 3672 4562">
    <p class='ocr_par' dir='ltr' id='par_1_88' title="bbox 2160 4473 3672 4562">
     <span class='ocr_line' id='line_1_88' title="bbox 2160 4473 3672 4562; baseline -0.005 -27"><span class='ocrx_word' id='word_1_621' title='bbox 2160 4481 2394 4554; x_wconf 83' lang='grc' dir='ltr'>Γνώμην</span> <span class='ocrx_word' id='word_1_622' title='bbox 2423 4479 2596 4562; x_wconf 62' lang='grc' dir='ltr'>δὲκαὶ</span> <span class='ocrx_word' id='word_1_623' title='bbox 2627 4474 2957 4553; x_wconf 74' lang='grc' dir='ltr'>προαίρεσιν</span> <span class='ocrx_word' id='word_1_624' title='bbox 2991 4480 3085 4534; x_wconf 67' lang='grc' dir='ltr'><strong>ἐπὶ</strong></span> <span class='ocrx_word' id='word_1_625' title='bbox 3114 4477 3209 4534; x_wconf 78' lang='grc' dir='ltr'><strong>τοῦ</strong></span> <span class='ocrx_word' id='word_1_626' title='bbox 3235 4473 3448 4550; x_wconf 69' lang='grc' dir='ltr'>Κυρίου</span> <span class='ocrx_word' id='word_1_627' title='bbox 3482 4474 3672 4545; x_wconf 78' lang='grc' dir='ltr'>λέγειν</span> 
     </span>
    </p>
   </div>
   <div class='ocr_carea' id='block_1_89' title="bbox 395 4567 1982 4671">
    <p class='ocr_par' dir='ltr' id='par_1_89' title="bbox 395 4573 1976 4648">
     <span class='ocr_line' id='line_1_89' title="bbox 395 4573 1976 4648; baseline -0.001 -18"><span class='ocrx_word' id='word_1_628' title='bbox 395 4573 583 4632; x_wconf 89' lang='lat' dir='ltr'><strong>dicere</strong></span> <span class='ocrx_word' id='word_1_629' title='bbox 609 4591 719 4632; x_wconf 89' lang='lat' dir='ltr'><strong>non</strong></span> <span class='ocrx_word' id='word_1_630' title='bbox 749 4592 1064 4648; x_wconf 85' lang='lat' dir='ltr'><strong>possumus,</strong></span> <span class='ocrx_word' id='word_1_631' title='bbox 1101 4576 1146 4634; x_wconf 92' lang='lat' dir='ltr'><strong>si</strong></span> <span class='ocrx_word' id='word_1_632' title='bbox 1178 4576 1401 4648; x_wconf 89' lang='lat' dir='ltr'><strong>quidem</strong></span> <span class='ocrx_word' id='word_1_633' title='bbox 1434 4575 1655 4646; x_wconf 89' lang='lat' dir='ltr'><strong>proprie</strong></span> <span class='ocrx_word' id='word_1_634' title='bbox 1675 4576 1823 4647; x_wconf 91' lang='lat' dir='ltr'><strong>loqui</strong></span> <span class='ocrx_word' id='word_1_635' title='bbox 1861 4585 1976 4630; x_wconf 90' lang='lat' dir='ltr'><strong>stu-</strong></span> 
     </span>
    </p>
   </div>
   <div class='ocr_carea' id='block_1_90' title="bbox 2089 4567 3680 4671">
    <p class='ocr_par' dir='ltr' id='par_1_90' title="bbox 2089 4567 3680 4671">
     <span class='ocr_line' id='line_1_90' title="bbox 2089 4567 3680 4671; baseline -0.007 -40"><span class='ocrx_word' id='word_1_636' title='bbox 2089 4576 2373 4641; x_wconf 81' lang='grc' dir='ltr'>ἀδύνατον,</span> <span class='ocrx_word' id='word_1_637' title='bbox 2420 4576 2579 4646; x_wconf 80' lang='grc' dir='ltr'>εἴπερ</span> <span class='ocrx_word' id='word_1_638' title='bbox 2614 4574 2992 4645; x_wconf 76' lang='grc' dir='ltr'>κυριολεκτεϊν</span> <span class='ocrx_word' id='word_1_639' title='bbox 3027 4571 3378 4643; x_wconf 79' lang='grc' dir='ltr'>βουλοίμεθα.</span> <span class='ocrx_word' id='word_1_640' title='bbox 3425 4571 3493 4623; x_wconf 86' lang='grc' dir='ltr'><em>Ἢ</em></span> <span class='ocrx_word' id='word_1_641' title='bbox 3538 4567 3680 4671; x_wconf 51' lang='grc' dir='ltr'><strong>γνώῖ</strong></span> 
     </span>
    </p>
   </div>
   <div class='ocr_carea' id='block_1_91' title="bbox 396 4665 1976 4740">
    <p class='ocr_par' dir='ltr' id='par_1_91' title="bbox 396 4665 1976 4740">
     <span class='ocr_line' id='line_1_91' title="bbox 396 4665 1976 4740; baseline -0.002 -17"><span class='ocrx_word' id='word_1_642' title='bbox 396 4668 649 4726; x_wconf 88' lang='lat' dir='ltr'><strong>deamus.</strong></span> <span class='ocrx_word' id='word_1_643' title='bbox 684 4670 970 4726; x_wconf 86' lang='lat' dir='ltr'><strong>Sententia</strong></span> <span class='ocrx_word' id='word_1_644' title='bbox 991 4669 1138 4725; x_wconf 90' lang='lat' dir='ltr'><strong>enim</strong></span> <span class='ocrx_word' id='word_1_645' title='bbox 1177 4677 1303 4740; x_wconf 91' lang='lat' dir='ltr'><strong>post</strong></span> <span class='ocrx_word' id='word_1_646' title='bbox 1332 4667 1532 4738; x_wconf 75' lang='lat' dir='ltr'><strong>ignota:</strong></span> <span class='ocrx_word' id='word_1_647' title='bbox 1558 4667 1637 4723; x_wconf 89' lang='lat' dir='ltr'><strong>rei</strong></span> <span class='ocrx_word' id='word_1_648' title='bbox 1671 4665 1976 4736; x_wconf 77' lang='lat' dir='ltr'><strong>investiga-</strong></span> 
     </span>
    </p>
   </div>
   <div class='ocr_carea' id='block_1_92' title="bbox 396 4758 1982 4831">
    <p class='ocr_par' dir='ltr' id='par_1_92' title="bbox 396 4758 1982 4831">
     <span class='ocr_line' id='line_1_92' title="bbox 396 4758 1982 4831; baseline -0.003 -15"><span class='ocrx_word' id='word_1_649' title='bbox 396 4760 601 4817; x_wconf 89' lang='lat' dir='ltr'><strong>tionem</strong></span> <span class='ocrx_word' id='word_1_650' title='bbox 627 4771 684 4817; x_wconf 88' lang='lat' dir='ltr'><strong>et</strong></span> <span class='ocrx_word' id='word_1_651' title='bbox 716 4761 1192 4825; x_wconf 88' lang='lat' dir='ltr'><strong>deliberationem,</strong></span> <span class='ocrx_word' id='word_1_652' title='bbox 1229 4760 1591 4816; x_wconf 70' lang='lat' dir='ltr'><strong>consiliumVe</strong></span> <span class='ocrx_word' id='word_1_653' title='bbox 1609 4770 1663 4814; x_wconf 89' lang='lat' dir='ltr'><strong>et</strong></span> <span class='ocrx_word' id='word_1_654' title='bbox 1683 4758 1982 4831; x_wconf 86' lang='lat' dir='ltr'><strong>judicium,</strong></span> 
     </span>
    </p>
   </div>
   <div class='ocr_carea' id='block_1_93' title="bbox 395 4842 1981 4920">
    <p class='ocr_par' dir='ltr' id='par_1_93' title="bbox 395 4842 1981 4920">
     <span class='ocr_line' id='line_1_93' title="bbox 395 4842 1981 4920; baseline -0.001 -15"><span class='ocrx_word' id='word_1_655' title='bbox 395 4850 617 4906; x_wconf 78' lang='lat' dir='ltr'><strong>aﬂectio</strong></span> <span class='ocrx_word' id='word_1_656' title='bbox 645 4861 700 4905; x_wconf 89' lang='lat' dir='ltr'><strong>et</strong></span> <span class='ocrx_word' id='word_1_657' title='bbox 730 4851 1017 4920; x_wconf 90' lang='lat' dir='ltr'><strong>dispositio</strong></span> <span class='ocrx_word' id='word_1_658' title='bbox 1053 4859 1137 4905; x_wconf 90' lang='lat' dir='ltr'><strong>est</strong></span> <span class='ocrx_word' id='word_1_659' title='bbox 1163 4849 1217 4904; x_wconf 92' lang='lat' dir='ltr'><strong>in</strong></span> <span class='ocrx_word' id='word_1_660' title='bbox 1245 4849 1301 4905; x_wconf 89' lang='lat' dir='ltr'><strong>id</strong></span> <span class='ocrx_word' id='word_1_661' title='bbox 1345 4851 1491 4918; x_wconf 89' lang='lat' dir='ltr'><strong>quod</strong></span> <span class='ocrx_word' id='word_1_662' title='bbox 1533 4842 1815 4904; x_wconf 79' lang='lat' dir='ltr'><strong>decretum</strong></span> <span class='ocrx_word' id='word_1_663' title='bbox 1857 4847 1981 4903; x_wconf 77' lang='lat' dir='ltr'><strong>fuit.</strong></span> 
     </span>
    </p>
   </div>
   <div class='ocr_carea' id='block_1_94' title="bbox 397 4940 1984 5011">
    <p class='ocr_par' dir='ltr' id='par_1_94' title="bbox 397 4940 1984 5011">
     <span class='ocr_line' id='line_1_94' title="bbox 397 4940 1984 5011; baseline 0.001 -16"><span class='ocrx_word' id='word_1_664' title='bbox 397 4943 568 5007; x_wconf 88' lang='lat' dir='ltr'><strong>Quam</strong></span> <span class='ocrx_word' id='word_1_665' title='bbox 601 4941 825 5011; x_wconf 89' lang='lat' dir='ltr'><strong>quidem</strong></span> <span class='ocrx_word' id='word_1_666' title='bbox 860 4943 1208 4999; x_wconf 80' lang='lat' dir='ltr'><strong>allectionem</strong></span> <span class='ocrx_word' id='word_1_667' title='bbox 1272 4947 1526 5010; x_wconf 82' lang='lat' dir='ltr'><strong>sequitur</strong></span> <span class='ocrx_word' id='word_1_668' title='bbox 1557 4940 1756 4997; x_wconf 89' lang='lat' dir='ltr'><strong>electio</strong></span> <span class='ocrx_word' id='word_1_669' title='bbox 1780 4980 1796 5007; x_wconf 95' lang='lat'><strong>,</strong></span> <span class='ocrx_word' id='word_1_670' title='bbox 1859 4955 1984 5008; x_wconf 70' lang='lat' dir='ltr'><strong>qute</strong></span> 
     </span>
    </p>
   </div>
   <div class='ocr_carea' id='block_1_95' title="bbox 397 5031 1985 5104">
    <p class='ocr_par' dir='ltr' id='par_1_95' title="bbox 397 5031 1985 5104">
     <span class='ocr_line' id='line_1_95' title="bbox 397 5031 1985 5104; baseline -0.001 -15"><span class='ocrx_word' id='word_1_671' title='bbox 397 5034 645 5089; x_wconf 86' lang='lat' dir='ltr'><strong>alterum</strong></span> <span class='ocrx_word' id='word_1_672' title='bbox 673 5047 784 5101; x_wconf 66' lang='lat' dir='ltr'><strong>pra:</strong></span> <span class='ocrx_word' id='word_1_673' title='bbox 807 5033 1162 5104; x_wconf 73' lang='lat' dir='ltr'><strong>altero-eligit</strong></span> <span class='ocrx_word' id='word_1_674' title='bbox 1187 5045 1243 5092; x_wconf 89' lang='lat' dir='ltr'><strong>et</strong></span> <span class='ocrx_word' id='word_1_675' title='bbox 1271 5033 1645 5104; x_wconf 89' lang='lat' dir='ltr'><strong>amplectitur.</strong></span> <span class='ocrx_word' id='word_1_676' title='bbox 1681 5031 1847 5103; x_wconf 88' lang='lat' dir='ltr'><strong>Atqui</strong></span> <span class='ocrx_word' id='word_1_677' title='bbox 1878 5032 1985 5088; x_wconf 81' lang='lat' dir='ltr'><strong>Do-</strong></span> 
     </span>
    </p>
   </div>
   <div class='ocr_carea' id='block_1_96' title="bbox 398 5124 1981 5194">
    <p class='ocr_par' dir='ltr' id='par_1_96' title="bbox 398 5124 1981 5194">
     <span class='ocr_line' id='line_1_96' title="bbox 398 5124 1981 5194; baseline 0 -14"><span class='ocrx_word' id='word_1_678' title='bbox 398 5127 604 5191; x_wconf 86' lang='lat' dir='ltr'><strong>minus,</strong></span> <span class='ocrx_word' id='word_1_679' title='bbox 629 5139 752 5179; x_wconf 90' lang='lat' dir='ltr'><strong>cum</strong></span> <span class='ocrx_word' id='word_1_680' title='bbox 790 5140 960 5194; x_wconf 88' lang='lat' dir='ltr'><strong>purus</strong></span> <span class='ocrx_word' id='word_1_681' title='bbox 988 5124 1154 5181; x_wconf 91' lang='lat' dir='ltr'><strong>homo</strong></span> <span class='ocrx_word' id='word_1_682' title='bbox 1176 5141 1287 5181; x_wconf 88' lang='lat' dir='ltr'><strong>non</strong></span> <span class='ocrx_word' id='word_1_683' title='bbox 1335 5135 1502 5191; x_wconf 89' lang='lat' dir='ltr'><strong>esset,</strong></span> <span class='ocrx_word' id='word_1_684' title='bbox 1569 5141 1760 5180; x_wconf 89' lang='lat' dir='ltr'><strong>verum</strong></span> <span class='ocrx_word' id='word_1_685' title='bbox 1813 5125 1981 5180; x_wconf 88' lang='lat' dir='ltr'><strong>etiam</strong></span> 
     </span>
    </p>
   </div>
   <div class='ocr_carea' id='block_1_97' title="bbox 399 5215 1981 5287">
    <p class='ocr_par' dir='ltr' id='par_1_97' title="bbox 399 5215 1981 5287">
     <span class='ocr_line' id='line_1_97' title="bbox 399 5215 1981 5287; baseline -0.003 -13"><span class='ocrx_word' id='word_1_686' title='bbox 399 5217 567 5284; x_wconf 87' lang='lat' dir='ltr'><strong>Deus,</strong></span> <span class='ocrx_word' id='word_1_687' title='bbox 595 5217 892 5286; x_wconf 87' lang='lat' dir='ltr'><strong>omniaque</strong></span> <span class='ocrx_word' id='word_1_688' title='bbox 913 5226 1200 5287; x_wconf 87' lang='lat' dir='ltr'><strong>perspecta</strong></span> <span class='ocrx_word' id='word_1_689' title='bbox 1228 5218 1482 5284; x_wconf 84' lang='lat' dir='ltr'><strong>haberet,</strong></span> <span class='ocrx_word' id='word_1_690' title='bbox 1522 5230 1628 5272; x_wconf 80' lang='lat' dir='ltr'><strong>nec</strong></span> <span class='ocrx_word' id='word_1_691' title='bbox 1654 5215 1981 5272; x_wconf 85' lang='lat' dir='ltr'><strong>considera-</strong></span> 
     </span>
    </p>
   </div>
   <div class='ocr_carea' id='block_1_98' title="bbox 400 5308 1983 5380">
    <p class='ocr_par' dir='ltr' id='par_1_98' title="bbox 400 5308 1983 5380">
     <span class='ocr_line' id='line_1_98' title="bbox 400 5308 1983 5380; baseline -0.001 -14"><span class='ocrx_word' id='word_1_692' title='bbox 400 5312 573 5376; x_wconf 86' lang='lat' dir='ltr'><strong>tione,</strong></span> <span class='ocrx_word' id='word_1_693' title='bbox 612 5325 716 5367; x_wconf 89' lang='lat' dir='ltr'><strong>nec</strong></span> <span class='ocrx_word' id='word_1_694' title='bbox 750 5309 1129 5379; x_wconf 85' lang='lat' dir='ltr'><strong>inquisitione,</strong></span> <span class='ocrx_word' id='word_1_695' title='bbox 1165 5324 1270 5366; x_wconf 88' lang='lat' dir='ltr'><strong>nec</strong></span> <span class='ocrx_word' id='word_1_696' title='bbox 1306 5309 1708 5367; x_wconf 87' lang='lat' dir='ltr'><strong>deliberatione</strong></span> <span class='ocrx_word' id='word_1_697' title='bbox 1765 5308 1983 5380; x_wconf 82' lang='lat' dir='ltr'><strong>egebat,</strong></span> 
     </span>
    </p>
   </div>
   <div class='ocr_carea' id='block_1_99' title="bbox 398 5401 1979 5474">
    <p class='ocr_par' dir='ltr' id='par_1_99' title="bbox 398 5401 1979 5474">
     <span class='ocr_line' id='line_1_99' title="bbox 398 5401 1979 5474; baseline -0.002 -16"><span class='ocrx_word' id='word_1_698' title='bbox 398 5417 579 5471; x_wconf 64' lang='lat' dir='ltr'><strong>neque</strong></span> <span class='ocrx_word' id='word_1_699' title='bbox 609 5402 776 5458; x_wconf 85' lang='lat' dir='ltr'><strong>etiam</strong></span> <span class='ocrx_word' id='word_1_700' title='bbox 801 5401 1015 5474; x_wconf 87' lang='lat' dir='ltr'><strong>judicia</strong></span> <span class='ocrx_word' id='word_1_701' title='bbox 1042 5417 1059 5468; x_wconf 87' lang='lat'><strong>;</strong></span> <span class='ocrx_word' id='word_1_702' title='bbox 1085 5402 1448 5471; x_wconf 87' lang='lat' dir='ltr'><strong>quamobrem</strong></span> <span class='ocrx_word' id='word_1_703' title='bbox 1484 5411 1681 5454; x_wconf 84' lang='lat' dir='ltr'><strong>natura</strong></span> <span class='ocrx_word' id='word_1_704' title='bbox 1751 5416 1979 5469; x_wconf 74' lang='lat' dir='ltr'><strong>compa-</strong></span> 
     </span>
    </p>
   </div>
   <div class='ocr_carea' id='block_1_100' title="bbox 400 5489 1984 5562">
    <p class='ocr_par' dir='ltr' id='par_1_100' title="bbox 400 5489 1984 5562">
     <span class='ocr_line' id='line_1_100' title="bbox 400 5489 1984 5562; baseline 0 -14"><span class='ocrx_word' id='word_1_705' title='bbox 400 5506 554 5549; x_wconf 88' lang='lat' dir='ltr'><strong>ratus</strong></span> <span class='ocrx_word' id='word_1_706' title='bbox 583 5504 723 5559; x_wconf 88' lang='lat' dir='ltr'><strong>erat,</strong></span> <span class='ocrx_word' id='word_1_707' title='bbox 751 5505 812 5548; x_wconf 91' lang='lat' dir='ltr'><strong>ut</strong></span> <span class='ocrx_word' id='word_1_708' title='bbox 842 5493 1255 5550; x_wconf 83' lang='lat' dir='ltr'><strong>necessitudine</strong></span> <span class='ocrx_word' id='word_1_709' title='bbox 1302 5492 1541 5562; x_wconf 83' lang='lat' dir='ltr'><strong>quadam</strong></span> <span class='ocrx_word' id='word_1_710' title='bbox 1601 5489 1746 5549; x_wconf 82' lang='lat' dir='ltr'><strong>bona</strong></span> <span class='ocrx_word' id='word_1_711' title='bbox 1799 5494 1984 5549; x_wconf 81' lang='lat' dir='ltr'><strong>adhae-</strong></span> 
     </span>
    </p>
   </div>
   <div class='ocr_carea' id='block_1_101' title="bbox 401 5584 1985 5650">
    <p class='ocr_par' dir='ltr' id='par_1_101' title="bbox 401 5584 1985 5650">
     <span class='ocr_line' id='line_1_101' title="bbox 401 5584 1985 5650; baseline 0.003 -12"><span class='ocrx_word' id='word_1_712' title='bbox 401 5594 571 5650; x_wconf 82' lang='lat' dir='ltr'><strong>reret,</strong></span> <span class='ocrx_word' id='word_1_713' title='bbox 609 5601 675 5644; x_wconf 89' lang='lat' dir='ltr'><strong>ac</strong></span> <span class='ocrx_word' id='word_1_714' title='bbox 704 5603 900 5644; x_wconf 85' lang='lat' dir='ltr'><strong>rursus</strong></span> <span class='ocrx_word' id='word_1_715' title='bbox 929 5603 959 5642; x_wconf 89' lang='lat' dir='ltr'><strong>a</strong></span> <span class='ocrx_word' id='word_1_716' title='bbox 987 5588 1131 5642; x_wconf 87' lang='lat' dir='ltr'><strong>malo</strong></span> <span class='ocrx_word' id='word_1_717' title='bbox 1179 5595 1544 5642; x_wconf 86' lang='lat' dir='ltr'><strong>averteretur.</strong></span> <span class='ocrx_word' id='word_1_718' title='bbox 1578 5584 1669 5642; x_wconf 90' lang='lat' dir='ltr'><strong>Sic</strong></span> <span class='ocrx_word' id='word_1_719' title='bbox 1723 5587 1873 5643; x_wconf 89' lang='lat' dir='ltr'><strong>enim</strong></span> <span class='ocrx_word' id='word_1_720' title='bbox 1927 5597 1985 5643; x_wconf 90' lang='lat' dir='ltr'><strong>et</strong></span> 
     </span>
    </p>
   </div>
   <div class='ocr_carea' id='block_1_102' title="bbox 399 5675 1985 5752">
    <p class='ocr_par' dir='ltr' id='par_1_102' title="bbox 399 5675 1985 5752">
     <span class='ocr_line' id='line_1_102' title="bbox 399 5675 1985 5752; baseline 0.002 -22"><span class='ocrx_word' id='word_1_721' title='bbox 399 5675 565 5733; x_wconf 79' lang='lat' dir='ltr'><strong>lsaias</strong></span> <span class='ocrx_word' id='word_1_722' title='bbox 586 5681 856 5749; x_wconf 79' lang='lat' dir='ltr'><strong>propheta</strong></span> <span class='ocrx_word' id='word_1_723' title='bbox 877 5679 1004 5736; x_wconf 80' lang='lat' dir='ltr'><strong>ait:</strong></span> <span class='ocrx_word' id='word_1_724' title='bbox 1041 5679 1342 5752; x_wconf 79' lang='lat' dir='ltr'><strong>Antequam</strong></span> <span class='ocrx_word' id='word_1_725' title='bbox 1399 5680 1535 5735; x_wconf 79' lang='lat' dir='ltr'><strong>sciat</strong></span> <span class='ocrx_word' id='word_1_726' title='bbox 1589 5695 1720 5750; x_wconf 83' lang='lat' dir='ltr'><strong>puer</strong></span> <span class='ocrx_word' id='word_1_727' title='bbox 1771 5677 1985 5749; x_wconf 78' lang='lat' dir='ltr'><strong>prweli-</strong></span> 
     </span>
    </p>
   </div>
   <div class='ocr_carea' id='block_1_103' title="bbox 474 5869 932 5940">
    <p class='ocr_par' dir='ltr' id='par_1_103' title="bbox 474 5869 932 5940">
     <span class='ocr_line' id='line_1_103' title="bbox 474 5869 932 5940; baseline 0.004 -15"><span class='ocrx_word' id='word_1_728' title='bbox 474 5869 492 5902; x_wconf 80' lang='grc'><strong>⁸</strong></span> <span class='ocrx_word' id='word_1_729' title='bbox 521 5869 686 5928; x_wconf 79' lang='lat' dir='ltr'><strong>Marc.</strong></span> <span class='ocrx_word' id='word_1_730' title='bbox 717 5887 814 5940; x_wconf 83' lang='lat' dir='ltr'><strong>vn,</strong></span> <span class='ocrx_word' id='word_1_731' title='bbox 841 5875 932 5927; x_wconf 65' lang='lat'><strong>‘24.</strong></span> 
     </span>
    </p>
   </div>
   <div class='ocr_carea' id='block_1_104' title="bbox 1037 5869 2047 5934">
    <p class='ocr_par' dir='ltr' id='par_1_104' title="bbox 1037 5869 2047 5934">
     <span class='ocr_line' id='line_1_104' title="bbox 1037 5869 2047 5934; baseline -0.007 -2"><span class='ocrx_word' id='word_1_732' title='bbox 1037 5875 1058 5906; x_wconf 82' lang='lat'><strong>’</strong></span> <span class='ocrx_word' id='word_1_733' title='bbox 1095 5873 1244 5932; x_wconf 83' lang='lat' dir='ltr'><strong>Ioan.</strong></span> <span class='ocrx_word' id='word_1_734' title='bbox 1276 5889 1366 5928; x_wconf 68' lang='lat' dir='ltr'><strong>xix</strong></span> <span class='ocrx_word' id='word_1_735' title='bbox 1393 5873 1497 5934; x_wconf 60' lang='lat'><strong>“28&#39;.</strong></span> <span class='ocrx_word' id='word_1_736' title='bbox 1525 5873 1715 5930; x_wconf 77' lang='lat' dir='ltr'><strong>Matth.</strong></span> <span class='ocrx_word' id='word_1_737' title='bbox 1757 5886 1922 5927; x_wconf 73' lang='lat' dir='ltr'><strong>xxvu.</strong></span> <span class='ocrx_word' id='word_1_738' title='bbox 1958 5869 2047 5926; x_wconf 75' lang='lat' dir='ltr'><strong>5i.</strong></span> 
     </span>
    </p>
   </div>
   <div class='ocr_carea' id='block_1_105' title="bbox 2097 4657 3679 4741">
    <p class='ocr_par' dir='ltr' id='par_1_105' title="bbox 2097 4657 3679 4741">
     <span class='ocr_line' id='line_1_105' title="bbox 2097 4657 3679 4741; baseline -0.005 -18"><span class='ocrx_word' id='word_1_739' title='bbox 2097 4685 2174 4741; x_wconf 83' lang='grc' dir='ltr'>μη</span> <span class='ocrx_word' id='word_1_740' title='bbox 2198 4669 2310 4741; x_wconf 83' lang='grc' dir='ltr'><strong>γὰρ</strong></span> <span class='ocrx_word' id='word_1_741' title='bbox 2348 4669 2488 4739; x_wconf 86' lang='grc' dir='ltr'>μετά</span> <span class='ocrx_word' id='word_1_742' title='bbox 2508 4668 2606 4737; x_wconf 74' lang='grc' dir='ltr'>τὴν</span> <span class='ocrx_word' id='word_1_743' title='bbox 2629 4668 2758 4738; x_wconf 75' lang='grc' dir='ltr'>περὶ</span> <span class='ocrx_word' id='word_1_744' title='bbox 2784 4666 2878 4721; x_wconf 79' lang='grc' dir='ltr'>τοῦ</span> <span class='ocrx_word' id='word_1_745' title='bbox 2919 4668 3287 4736; x_wconf 77' lang='grc' dir='ltr'>ἀγνοουμένου</span> <span class='ocrx_word' id='word_1_746' title='bbox 3317 4665 3550 4734; x_wconf 82' lang='grc' dir='ltr'>ζήτησιν</span> <span class='ocrx_word' id='word_1_747' title='bbox 3577 4657 3679 4716; x_wconf 68' lang='grc' dir='ltr'>καὶ</span> 
     </span>
    </p>
   </div>
   <div class='ocr_carea' id='block_1_106' title="bbox 2093 4751 3673 4833">
    <p class='ocr_par' dir='ltr' id='par_1_106' title="bbox 2093 4751 3673 4833">
     <span class='ocr_line' id='line_1_106' title="bbox 2093 4751 3673 4833; baseline -0.007 -17"><span class='ocrx_word' id='word_1_748' title='bbox 2093 4761 2404 4833; x_wconf 78' lang='grc' dir='ltr'>βούλευσιν,</span> <span class='ocrx_word' id='word_1_749' title='bbox 2433 4761 2556 4829; x_wconf 77' lang='grc' dir='ltr'>ἦτοι</span> <span class='ocrx_word' id='word_1_750' title='bbox 2591 4751 2788 4828; x_wconf 81' lang='grc' dir='ltr'>βουλὴν</span> <span class='ocrx_word' id='word_1_751' title='bbox 2817 4760 2912 4812; x_wconf 77' lang='grc' dir='ltr'><strong>καὶ</strong></span> <span class='ocrx_word' id='word_1_752' title='bbox 2941 4758 3155 4829; x_wconf 76' lang='grc' dir='ltr'>κρίσιν,</span> <span class='ocrx_word' id='word_1_753' title='bbox 3200 4756 3339 4824; x_wconf 85' lang='grc' dir='ltr'>πρὸς</span> <span class='ocrx_word' id='word_1_754' title='bbox 3391 4755 3453 4808; x_wconf 88' lang='grc' dir='ltr'>τὸ</span> <span class='ocrx_word' id='word_1_755' title='bbox 3480 4752 3673 4823; x_wconf 68' lang='grc' dir='ltr'>κριθὲν</span> 
     </span>
    </p>
   </div>
   <div class='ocr_carea' id='block_1_107' title="bbox 2092 4835 3673 4922">
    <p class='ocr_par' dir='ltr' id='par_1_107' title="bbox 2092 4835 3673 4922">
     <span class='ocr_line' id='line_1_107' title="bbox 2092 4835 3673 4922; baseline -0.006 -14"><span class='ocrx_word' id='word_1_756' title='bbox 2092 4856 2210 4908; x_wconf 74' lang='grc' dir='ltr'>ἐστι</span> <span class='ocrx_word' id='word_1_757' title='bbox 2249 4835 2510 4914; x_wconf 78' lang='grc' dir='ltr'>διάθεσις.</span> <span class='ocrx_word' id='word_1_758' title='bbox 2553 4839 2690 4905; x_wconf 59' lang='lat' dir='ltr'><strong>Mali&quot;</strong></span> <span class='ocrx_word' id='word_1_759' title='bbox 2739 4845 2805 4922; x_wconf 71' lang='grc' dir='ltr'>ἢν</span> <span class='ocrx_word' id='word_1_760' title='bbox 2850 4851 2884 4921; x_wconf 83' lang='grc' dir='ltr'>ἠ</span> <span class='ocrx_word' id='word_1_761' title='bbox 2913 4849 3271 4920; x_wconf 70' lang='grc' dir='ltr'>προαίρεσις,</span> <span class='ocrx_word' id='word_1_762' title='bbox 3309 4843 3673 4917; x_wconf 69' lang='grc' dir='ltr'>ἐκλεγομένη,</span> 
     </span>
    </p>
   </div>
   <div class='ocr_carea' id='block_1_108' title="bbox 2094 4935 3675 5014">
    <p class='ocr_par' dir='ltr' id='par_1_108' title="bbox 2094 4935 3675 5014">
     <span class='ocr_line' id='line_1_108' title="bbox 2094 4935 3675 5014; baseline -0.007 -15"><span class='ocrx_word' id='word_1_763' title='bbox 2094 4945 2194 5000; x_wconf 71' lang='grc' dir='ltr'>καὶ</span> <span class='ocrx_word' id='word_1_764' title='bbox 2233 4943 2552 5014; x_wconf 38' lang='grc' dir='ltr'>αἱρουμένη,</span> <span class='ocrx_word' id='word_1_765' title='bbox 2597 4942 2704 5013; x_wconf 84' lang='grc' dir='ltr'><strong>πρὸ</strong></span> <span class='ocrx_word' id='word_1_766' title='bbox 2752 4941 2848 5010; x_wconf 78' lang='grc' dir='ltr'>τοῦ</span> <span class='ocrx_word' id='word_1_767' title='bbox 2901 4943 3092 5010; x_wconf 82' lang='grc' dir='ltr'>ἑτέρου</span> <span class='ocrx_word' id='word_1_768' title='bbox 3147 4941 3208 4994; x_wconf 79' lang='grc' dir='ltr'>τὸ</span> <span class='ocrx_word' id='word_1_769' title='bbox 3247 4939 3460 5010; x_wconf 74' lang='grc' dir='ltr'>ἕτερον.</span> <span class='ocrx_word' id='word_1_770' title='bbox 3522 4936 3588 4990; x_wconf 85' lang='grc' dir='ltr'>Ὀ</span> <span class='ocrx_word' id='word_1_771' title='bbox 3615 4935 3675 4989; x_wconf 72' lang='grc' dir='ltr'>δὶ</span> 
     </span>
    </p>
   </div>
   <div class='ocr_carea' id='block_1_109' title="bbox 2091 5024 3678 5108">
    <p class='ocr_par' dir='ltr' id='par_1_109' title="bbox 2091 5024 3678 5108">
     <span class='ocr_line' id='line_1_109' title="bbox 2091 5024 3678 5108; baseline -0.007 -17"><span class='ocrx_word' id='word_1_772' title='bbox 2091 5034 2300 5108; x_wconf 81' lang='grc' dir='ltr'>Κύριος</span> <span class='ocrx_word' id='word_1_773' title='bbox 2325 5035 2385 5088; x_wconf 80' lang='grc' dir='ltr'>οὐ</span> <span class='ocrx_word' id='word_1_774' title='bbox 2425 5024 2580 5106; x_wconf 73' lang='grc' dir='ltr'>ψιλὸς</span> <span class='ocrx_word' id='word_1_775' title='bbox 2615 5033 2691 5088; x_wconf 85' lang='grc' dir='ltr'>ὢν</span> <span class='ocrx_word' id='word_1_776' title='bbox 2729 5033 3040 5105; x_wconf 77' lang='grc' dir='ltr'>ἄνθρωπος,</span> <span class='ocrx_word' id='word_1_777' title='bbox 3095 5029 3232 5086; x_wconf 78' lang='grc' dir='ltr'>ἄλλά</span> <span class='ocrx_word' id='word_1_778' title='bbox 3261 5031 3357 5086; x_wconf 76' lang='grc' dir='ltr'><strong>καὶ</strong></span> <span class='ocrx_word' id='word_1_779' title='bbox 3385 5030 3540 5095; x_wconf 84' lang='grc' dir='ltr'>Θεὸς,</span> <span class='ocrx_word' id='word_1_780' title='bbox 3574 5029 3678 5081; x_wconf 73' lang='grc' dir='ltr'><strong>καὶ</strong></span> 
     </span>
    </p>
   </div>
   <div class='ocr_carea' id='block_1_110' title="bbox 2092 5118 3679 5202">
    <p class='ocr_par' dir='ltr' id='par_1_110' title="bbox 2092 5118 3679 5202">
     <span class='ocr_line' id='line_1_110' title="bbox 2092 5118 3679 5202; baseline -0.006 -20"><span class='ocrx_word' id='word_1_781' title='bbox 2092 5127 2274 5183; x_wconf 78' lang='grc' dir='ltr'>πάντα</span> <span class='ocrx_word' id='word_1_782' title='bbox 2297 5127 2480 5192; x_wconf 78' lang='grc' dir='ltr'>εἰδὼς,</span> <span class='ocrx_word' id='word_1_783' title='bbox 2518 5119 2775 5196; x_wconf 80' lang='grc' dir='ltr'>ἀνενδεὴς</span> <span class='ocrx_word' id='word_1_784' title='bbox 2812 5123 3083 5196; x_wconf 76' lang='grc' dir='ltr'>σκέψεως,</span> <span class='ocrx_word' id='word_1_785' title='bbox 3111 5124 3211 5177; x_wconf 71' lang='grc' dir='ltr'>καὶ</span> <span class='ocrx_word' id='word_1_786' title='bbox 3236 5123 3556 5202; x_wconf 79' lang='grc' dir='ltr'>ζητήσεως,</span> <span class='ocrx_word' id='word_1_787' title='bbox 3580 5118 3679 5202; x_wconf 54' lang='grc' dir='ltr'>κα).</span> 
     </span>
    </p>
   </div>
   <div class='ocr_carea' id='block_1_111' title="bbox 2093 5199 3677 5292">
    <p class='ocr_par' dir='ltr' id='par_1_111' title="bbox 2093 5199 3677 5292">
     <span class='ocr_line' id='line_1_111' title="bbox 2093 5199 3677 5292; baseline -0.01 -16"><span class='ocrx_word' id='word_1_788' title='bbox 2093 5214 2295 5292; x_wconf 80' lang='grc' dir='ltr'>βουλῆς</span> <span class='ocrx_word' id='word_1_789' title='bbox 2323 5219 2562 5290; x_wconf 76' lang='grc' dir='ltr'>ὑπῆρχε,</span> <span class='ocrx_word' id='word_1_790' title='bbox 2611 5217 2708 5271; x_wconf 75' lang='grc' dir='ltr'>καὶ</span> <span class='ocrx_word' id='word_1_791' title='bbox 2760 5217 3021 5288; x_wconf 78' lang='grc' dir='ltr'>κρίσεως,</span> <span class='ocrx_word' id='word_1_792' title='bbox 3080 5216 3176 5270; x_wconf 75' lang='grc' dir='ltr'><strong>καὶ</strong></span> <span class='ocrx_word' id='word_1_793' title='bbox 3207 5199 3455 5278; x_wconf 82' lang='grc' dir='ltr'>φυσικῶς</span> <span class='ocrx_word' id='word_1_794' title='bbox 3481 5200 3580 5279; x_wconf 81' lang='grc' dir='ltr'>τήν</span> <span class='ocrx_word' id='word_1_795' title='bbox 3615 5199 3677 5261; x_wconf 73' lang='grc' dir='ltr'>τὲ</span> 
     </span>
    </p>
   </div>
   <div class='ocr_carea' id='block_1_112' title="bbox 2094 5303 3681 5382">
    <p class='ocr_par' dir='ltr' id='par_1_112' title="bbox 2094 5303 3681 5382">
     <span class='ocr_line' id='line_1_112' title="bbox 2094 5303 3681 5382; baseline -0.008 -16"><span class='ocrx_word' id='word_1_796' title='bbox 2094 5311 2234 5382; x_wconf 86' lang='grc' dir='ltr'>πρὸς</span> <span class='ocrx_word' id='word_1_797' title='bbox 2261 5311 2323 5365; x_wconf 83' lang='grc' dir='ltr'>τὸ</span> <span class='ocrx_word' id='word_1_798' title='bbox 2346 5311 2512 5366; x_wconf 78' lang='grc' dir='ltr'>καλὸν</span> <span class='ocrx_word' id='word_1_799' title='bbox 2538 5305 2688 5380; x_wconf 78' lang='grc' dir='ltr'>εἶχεν</span> <span class='ocrx_word' id='word_1_800' title='bbox 2717 5307 3022 5372; x_wconf 79' lang='grc' dir='ltr'>οἰκειωσιν,</span> <span class='ocrx_word' id='word_1_801' title='bbox 3057 5307 3150 5359; x_wconf 72' lang='grc' dir='ltr'>καὶ</span> <span class='ocrx_word' id='word_1_802' title='bbox 3179 5305 3283 5374; x_wconf 75' lang='grc' dir='ltr'>τὴν</span> <span class='ocrx_word' id='word_1_803' title='bbox 3316 5304 3453 5375; x_wconf 81' lang='grc' dir='ltr'>πρὸς</span> <span class='ocrx_word' id='word_1_804' title='bbox 3495 5303 3556 5355; x_wconf 87' lang='grc' dir='ltr'>τὸ</span> <span class='ocrx_word' id='word_1_805' title='bbox 3578 5315 3681 5355; x_wconf 84' lang='grc' dir='ltr'><strong>κα-</strong></span> 
     </span>
    </p>
   </div>
   <div class='ocr_carea' id='block_1_113' title="bbox 2101 5392 3678 5471">
    <p class='ocr_par' dir='ltr' id='par_1_113' title="bbox 2101 5392 3678 5471">
     <span class='ocr_line' id='line_1_113' title="bbox 2101 5392 3678 5471; baseline -0.01 -16"><span class='ocrx_word' id='word_1_806' title='bbox 2101 5402 2197 5455; x_wconf 89' lang='grc' dir='ltr'>κὸν</span> <span class='ocrx_word' id='word_1_807' title='bbox 2233 5401 2615 5471; x_wconf 81' lang='grc' dir='ltr'>ἀλλοτρίωσιν.</span> <span class='ocrx_word' id='word_1_808' title='bbox 2657 5396 2818 5452; x_wconf 71' lang='grc' dir='ltr'><strong>Οὕτω</strong></span> <span class='ocrx_word' id='word_1_809' title='bbox 2847 5393 2955 5468; x_wconf 74' lang='grc' dir='ltr'>γὰρ</span> <span class='ocrx_word' id='word_1_810' title='bbox 2981 5396 3076 5448; x_wconf 68' lang='grc' dir='ltr'>καὶ</span> <span class='ocrx_word' id='word_1_811' title='bbox 3113 5393 3349 5457; x_wconf 73' lang='grc' dir='ltr'>Ἠσαίας</span> <span class='ocrx_word' id='word_1_812' title='bbox 3384 5392 3678 5463; x_wconf 77' lang='grc' dir='ltr'>προφήτης</span> 
     </span>
    </p>
   </div>
   <div class='ocr_carea' id='block_1_114' title="bbox 2093 5480 3681 5561">
    <p class='ocr_par' dir='ltr' id='par_1_114' title="bbox 2093 5480 3681 5561">
     <span class='ocr_line' id='line_1_114' title="bbox 2093 5480 3681 5561; baseline -0.007 -16"><span class='ocrx_word' id='word_1_813' title='bbox 2093 5493 2280 5561; x_wconf 76' lang='grc' dir='ltr'>φησὶν,</span> <span class='ocrx_word' id='word_1_814' title='bbox 2322 5491 2415 5545; x_wconf 82' lang='grc' dir='ltr'>ὅτι</span> <span class='ocrx_word' id='word_1_815' title='bbox 2467 5491 2619 5560; x_wconf 73' lang='grc' dir='ltr'><em>Πρὶν</em></span> <span class='ocrx_word' id='word_1_816' title='bbox 2672 5489 2712 5558; x_wconf 77' lang='grc' dir='ltr'><strong><em>ἦ</em></strong></span> <span class='ocrx_word' id='word_1_817' title='bbox 2751 5484 2978 5559; x_wconf 58' lang='lat' dir='ltr'><strong>piam</strong></span> <span class='ocrx_word' id='word_1_818' title='bbox 3029 5487 3095 5542; x_wconf 71' lang='grc' dir='ltr'>τὸ</span> <span class='ocrx_word' id='word_1_819' title='bbox 3130 5485 3378 5540; x_wconf 75' lang='grc' dir='ltr'>παιδίον</span> <span class='ocrx_word' id='word_1_820' title='bbox 3428 5480 3681 5552; x_wconf 78' lang='grc' dir='ltr'>προελέ-</span> 
     </span>
    </p>
   </div>
   <div class='ocr_carea' id='block_1_115' title="bbox 2091 5573 3681 5654">
    <p class='ocr_par' dir='ltr' id='par_1_115' title="bbox 2091 5573 3681 5654">
     <span class='ocr_line' id='line_1_115' title="bbox 2091 5573 3681 5654; baseline -0.01 -12"><span class='ocrx_word' id='word_1_821' title='bbox 2091 5589 2234 5642; x_wconf 85' lang='grc' dir='ltr'>σθαι</span> <span class='ocrx_word' id='word_1_822' title='bbox 2266 5585 2519 5654; x_wconf 76' lang='grc' dir='ltr'>πονηρὰ,</span> <span class='ocrx_word' id='word_1_823' title='bbox 2572 5583 2884 5647; x_wconf 73' lang='grc' dir='ltr'><strong>ἐκλέξεται</strong></span> <span class='ocrx_word' id='word_1_824' title='bbox 2948 5582 3015 5635; x_wconf 83' lang='grc' dir='ltr'><strong>τὸ</strong></span> <span class='ocrx_word' id='word_1_825' title='bbox 3051 5581 3300 5650; x_wconf 75' lang='grc' dir='ltr'>ἀγαθόν’</span> <span class='ocrx_word' id='word_1_826' title='bbox 3356 5577 3504 5630; x_wconf 77' lang='grc' dir='ltr'>διότι</span> <span class='ocrx_word' id='word_1_827' title='bbox 3537 5573 3681 5643; x_wconf 72' lang='grc' dir='ltr'>πρὶν</span> 
     </span>
    </p>
   </div>
   <div class='ocr_carea' id='block_1_116' title="bbox 2089 5667 3682 5752">
    <p class='ocr_par' dir='ltr' id='par_1_116' title="bbox 2089 5667 3682 5752">
     <span class='ocr_line' id='line_1_116' title="bbox 2089 5667 3682 5752; baseline -0.009 -19"><span class='ocrx_word' id='word_1_828' title='bbox 2089 5677 2310 5752; x_wconf 76' lang='grc' dir='ltr'>γνῶναι</span> <span class='ocrx_word' id='word_1_829' title='bbox 2347 5676 2409 5732; x_wconf 70' lang='grc' dir='ltr'><strong>τε)</strong></span> <span class='ocrx_word' id='word_1_830' title='bbox 2451 5676 2693 5732; x_wconf 78' lang='grc' dir='ltr'>παιδίον</span> <span class='ocrx_word' id='word_1_831' title='bbox 2715 5673 2944 5746; x_wconf 75' lang='grc' dir='ltr'>ἀγαθὸν</span> <span class='ocrx_word' id='word_1_832' title='bbox 2976 5674 3013 5743; x_wconf 80' lang='grc' dir='ltr'><em>ἢ</em></span> <span class='ocrx_word' id='word_1_833' title='bbox 3065 5673 3280 5739; x_wconf 71' lang='grc' dir='ltr'>κακὸν,</span> <span class='ocrx_word' id='word_1_834' title='bbox 3311 5667 3545 5729; x_wconf 77' lang='grc' dir='ltr'>ἀπειθεῖ</span> <span class='ocrx_word' id='word_1_835' title='bbox 3570 5679 3682 5720; x_wconf 77' lang='grc' dir='ltr'>πο-</span> 
     </span>
    </p>
   </div>
  </div>
