4082 6466
418 321 556 385 1155

1631 317 2011 380 EUTIIYMIl
2055 292 2439 382 ZlGABENl

3563 321 3694 385 “56

415 443 526 484 non
569 437 746 485 mutat
780 429 935 500 igniti
958 438 1210 483 naturam
1245 429 1407 497 ignis,
1446 429 1538 483 sed
1570 431 1810 485 ostendit
1837 441 1890 485 et
1915 431 1990 498 id,

2115 434 2193 486 Ξύο
2229 434 2568 503 θελημάτων.
2597 435 2808 504 Ὠσπερ
2828 435 2935 505 γὰρ
2955 435 2985 497 ἡ
3015 436 3257 500 πύρωσις
3281 434 3340 487 οὐ
3368 451 3487 503 μετ.
3508 434 3694 487 ϐάλλει

417 523 562 590 quod
594 522 822 591 ignitum
845 530 950 584 cst,
980 530 1036 574 ct
1072 520 1123 572 id
1149 520 1294 588 quod
1328 521 1542 585 iqnivit,
1575 532 1624 573 et
1657 537 1766 574 non
1800 539 1993 588 unum,

419 614 514 666 sed
551 615 664 668 duo
691 613 1053 674 demonstrat,
1075 613 1152 666 sic
1187 613 1351 666 etiam
1386 613 1665 667 deiﬁcatio
1694 630 1798 668 non
1831 631 1994 668 unam

417 706 587 760 edicit
636 715 886 759 naturam
919 705 1320 774 compositam,
1359 706 1449 758 sed
1477 706 1615 760 duas
1661 708 1885 769 indicat.
1943 717 1998 762 ct

419 799 864 867 conjunctionem
902 798 954 849 in
991 812 1242 865 persona.
1279 797 1548 860 Quorum,
1579 798 1759 867 inquit
1790 799 1998 870 Grego-

420 889 535 942 rius
585 888 676 940 ille
728 887 1064 956 'I‘heulogns,
1107 903 1274 940 unum
1309 888 1493 941 effecit
1541 888 1809 951 divinum,
1862 892 1997 943 alte~

419 991 540 1030 rum
575 977 1118 1040 divinum,ell‘ectum
1143 987 1246 1034 est.
1275 979 1348 1032 Ex
1374 979 1484 1033 illis
1509 980 1714 1034 verbis.
1735 981 1995 1046 Quorum,

418 1077 467 1122 et
495 1084 654 1121 unum
677 1107 693 1130 ,
717 1077 766 1121 et
798 1068 1027 1123 alterum
1050 1109 1066 1132 ,
1100 1069 1208 1123 duo
1241 1085 1364 1124 esse
1399 1069 1819 1128 demonstravit.

870 1159 1123 1230 Ejusdem
1157 1175 1222 1213 ea:
1246 1162 1420 1232 capite
1442 1161 1531 1216 82.

504 1259 761 1312 Voluntas
783 1259 1018 1311 humana
1053 1255 1258 1312 Christi
1304 1258 1498 1310 divina:
1528 1258 1762 1312 subdita.
1799 1289 1869 1300 —
1905 1259 2002 1317 At-

418 1354 513 1423 qui
538 1351 630 1405 ille
657 1349 880 1420 quidem
908 1349 1258 1411 naturaliter,
1282 1357 1337 1403 et
1363 1357 1422 1402 ut
1450 1349 1614 1412 Deus,
1637 1358 1691 1404 et
1723 1360 1784 1403 ut
1813 1352 1998 1419 homo,

420 1445 665 1501 bahebat
697 1451 756 1497 ut
792 1443 992 1498 vellet:
1021 1450 1279 1496 caeterum
1315 1441 1558 1496 divinam
1595 1443 1773 1511 ipsius
1805 1445 2000 1498 volun-

424 1545 593 1591 tatem
630 1536 872 1589 humana
908 1533 1265 1604 sequebatur,
1299 1534 1463 1602 eique
1490 1534 1711 1588 subdita
1752 1544 1892 1598 erat,
1940 1541 2003 1590 ut

423 1646 546 1698 qum
580 1629 802 1698 propria
827 1627 1103 1683 sententia
1151 1642 1256 1680 non
1297 1633 1632 1688 moveretur,
1686 1642 1875 1680 verum
1935 1640 2000 1682 ea

424 1721 648 1774 demum
700 1720 884 1778 vellet.
923 1733 1048 1787 quae
1100 1718 1289 1773 divina
1341 1717 1463 1786 ejus
1508 1716 1766 1772 voluntas
1824 1718 1999 1787 ipsam

425 1811 642 1866 volebat
665 1811 821 1864 velle.
847 1807 1201 1864 Permittente
1258 1807 1533 1877 siquidem
1585 1807 1767 1860 divina
1801 1807 2000 1862 volun-

424 1913 536 1957 tate
573 1945 588 1968 ,
622 1901 951 1956 naturaliter
980 1915 1044 1955 ea
1071 1914 1192 1970 quae
1220 1899 1324 1954 sibi
1370 1899 1591 1968 propria
1647 1907 1807 1953 erant
1833 1899 2003 1968 patie-

426 1997 611 2052 batur.
724 1993 940 2048 Etenim
997 2007 1123 2046 cum
1183 2000 1416 2046 mortem
1473 1991 1830 2054 detrectaret,
1861 1991 2002 2045 hanc

425 2087 615 2150 divina
653 2085 827 2154 ipsius
851 2084 1138 2138 voluntate
1175 2082 1248 2136 ita
1287 2081 1496 2136 ferente
1522 2090 1576 2135 et
1635 2081 1998 2146 concedente;

425 2176 753 2230 naturaliter
806 2173 1170 2236 detrectabat,
1236 2182 1400 2241 atque
1465 2173 1518 2226 in
1567 2174 1762 2227 mortis
1806 2171 2001 2242 agonia

425 2276 566 2322 erat.
613 2268 828 2322 Rursus
861 2268 1047 2322 divina
1084 2266 1258 2334 ipsius
1325 2266 1610 2319 voluntate
1651 2266 1886 2328 volema,
1940 2271 2002 2320 ut

430 2360 669 2412 humana
705 2360 965 2413 voluntas
997 2366 1228 2413 mortem
1269 2357 1714 2426 amplcaeretur,
1745 2359 2003 2410 volunta-

421 2452 503 2503 ria
540 2451 646 2520 ipsi
680 2451 866 2520 passio
902 2450 1026 2504 fuit.
1070 2449 1186 2504 Non
1217 2450 1364 2504 enim
1401 2464 1510 2518 qua
1539 2447 1684 2503 Deus
1734 2449 2002 2504 duntaxat

424 2542 584 2600 morti
619 2556 678 2596 se
705 2549 902 2610 sponte
924 2540 1176 2605 tradidit,
1206 2540 1300 2595 sed
1326 2540 1490 2594 etiam
1521 2547 1795 2608 quatenus
1817 2540 1998 2593 homo.

433 2631 588 2689 Unde
619 2634 782 2690 nobis
804 2635 971 2689 etiam
1011 2633 1182 2690 animi
1227 2633 1514 2686 audaciam
1557 2632 1823 2686 adversus
1851 2646 2005 2685 mor-

428 2730 539 2776 tem
575 2723 940 2791 comparavit.
968 2721 1047 2775 ita
1076 2724 1280 2790 quippe
1314 2731 1444 2775 ante
1496 2719 1841 2775 salutiferam
1890 2734 2016 2787 pas-

427 2820 645 2876 sionem
681 2830 838 2870 suam
875 2815 1157 2884 loquitur:
1184 2812 1367 2877 Pater,
1389 2814 1438 2867 si
1458 2812 1576 2881 ﬁeri
1609 2819 1800 2881 potest,
1836 2821 2014 2865 trans-

428 2921 516 2964 eat
555 2926 588 2962 a
619 2923 702 2961 me
730 2906 876 2961 calix
902 2907 1002 2961 iste
1045 2905 1084 2960 ‘.
1114 2903 1252 2959 lllud
1278 2919 1445 2974 porro
1476 2911 1714 2966 constat,
1746 2902 1891 2972 quod
1955 2909 2014 2956 ut

435 3003 600 3055 homo
641 2999 868 3054 calicem
895 2997 1174 3054 bibiturus
1207 3004 1360 3050 erat:
1394 3011 1502 3049 non
1541 2996 1689 3049 enim
1728 3003 1789 3048 ut
1847 2993 2011 3048 Deus.

431 3093 616 3159 Quare
641 3099 906 3161 tanquam
947 3088 1112 3144 homo
1149 3088 1376 3143 calicem
1411 3087 1648 3142 transire
1687 3088 1821 3142 vult.
1886 3085 2010 3142 Haec

2120 3086 2234 3148 σιός
2263 3088 2401 3156 εἰμι,
2438 3087 2574 3140 ἀλλὰ
2599 3090 2659 3140 τὸ
2686 3087 2797 3152 σὸν,
2831 3089 2952 3158 ἦτοι
2984 3087 3045 3139 τὸ
3089 3087 3220 3158 ἐμὸν
3253 3087 3348 3139 καὶ
3371 3086 3460 3140 σὸν
3485 3121 3500 3146 .

433 3195 618 3238 autem
649 3183 815 3238 verba
851 3197 881 3236 a
907 3179 1147 3234 naturali
1184 3187 1359 3246 metu,
1389 3188 1445 3234 et
1471 3179 1852 3234 imbecillitate
1889 3193 2015 3248 pro-

436 3273 576 3328 iecta
617 3280 767 3328 sunt.
809 3271 1207 3336 Verumtamen,
1242 3269 1446 3338 inquit,
1501 3285 1606 3323 non
1623 3286 1738 3324 mea
1768 3269 2014 3324 voluntas

434 3363 532 3432 ﬁat
561 3367 614 3428 ²,
651 3369 756 3418 hoc
793 3372 902 3428 est,
940 3376 1048 3431 qua
1086 3362 1301 3416 ratione
1326 3361 1560 3416 diversae
1591 3375 1619 3414 a
1647 3368 1702 3416 te
1730 3376 1852 3415 sum
1885 3362 2016 3416 sub-

422 3456 694 3522 stantiae;
747 3454 838 3509 sed
891 3464 1006 3519 tua,
1036 3455 1140 3509 hoc
1190 3461 1275 3508 est
1323 3467 1466 3517 mea,
1500 3461 1774 3522 quatenus
1822 3452 2016 3509 eadem

432 3549 566 3603 mihi
602 3562 666 3602 ac
699 3547 798 3603 tibi
823 3547 1133 3603 substantia
1152 3555 1257 3602 est.
1281 3545 1413 3612 Quae
1433 3546 1654 3616 quidem
1679 3546 1874 3600 iterum
1897 3545 2015 3644 lo;-

435 3640 504 3695 lis
532 3641 700 3694 animi
740 3641 903 3696 verba
953 3651 1105 3696 sunt.
1305 3639 1522 3694 Etenim
1553 3638 1738 3692 anima
1772 3638 2015 3707 Domini,

433 3725 526 3794 qui
560 3723 795 3795 benigna
826 3740 926 3779 sua
968 3725 1256 3778 voluntate
1293 3722 1459 3777 homo
1493 3737 1622 3778 vere
1657 3723 1835 3777 factus
1867 3730 2016 3788 erat,

430 3832 558 3872 cum
611 3817 914 3872 naturalem
963 3816 1340 3871 inﬁrmitatem
1382 3823 1513 3870 ante
1562 3824 1789 3884 experta
1845 3823 2024 3882 esset,

431 3917 697 3979 percepto
727 3909 944 3965 doloris
1013 3922 1180 3963 sensu
1215 3923 1280 3962 ex
1317 3907 1568 3976 corporis
1613 3906 2016 3975 disiunctione,

431 4001 618 4056 divina
675 4017 901 4057 rursum
947 4001 1248 4058 voluntate.
1289 3998 1688 4062 corroborata,
1753 3998 2020 4054 adversus

431 4101 666 4147 mortem
695 4093 986 4146 audaciam
1019 4091 1288 4162 concipit.
1357 4088 1494 4144 Nam
1550 4089 1681 4159 quia
1743 4096 1800 4142 et
1865 4096 2018 4144 totus

435 4179 584 4237 Deus
617 4191 739 4236 erat
767 4196 893 4236 cum
919 4196 1017 4236 sua
1047 4180 1418 4241 humanitate.
1450 4186 1504 4232 et
1524 4185 1674 4232 totus
1702 4177 1868 4232 homo
1890 4193 2018 4233 cum

439 4287 539 4330 sua
575 4273 888 4338 divinitate,
924 4273 1042 4341 ipse
1069 4281 1331 4340 tanquam
1365 4268 1533 4322 homo
1567 4268 1621 4321 in
1651 4283 1712 4322 se
1741 4278 1799 4322 et
1831 4284 1930 4338 per
1953 4285 2020 4325 se

2101 524 2206 592 τὴν
2238 523 2334 576 τοῦ
2365 525 2712 592 πυρωθέντος
2745 528 2906 594 φύσιν
2939 527 3019 588 εἰς
3047 525 3147 594 τὴν
3188 525 3282 578 τοῦ
3332 527 3523 593 πυρὸς,
3554 526 3692 579 ἀλλὰ

2105 615 2258 682 δηλοῖ
2299 617 2360 668 τό
2387 634 2446 669 τε
2478 617 2732 687 πυρωθὲν
2765 620 2858 670 καὶ
2889 618 2949 669 τὸ
2981 617 3264 686 πυρῶσαν,
3297 619 3392 670 καὶ
3422 618 3520 688 οὐχ
3549 618 3690 681 ἐνὸς,

2105 707 2241 760 ἀλλὰ
2257 707 2533 761 δυοῖνὲστι
2565 708 3039 779 δηλωτικὸν,οὐτω
3068 709 3162 762 καὶ
3195 708 3442 778 ἡθέωσις
3468 711 3530 761 οὐ
3559 710 3691 779 μίαν

2109 800 2271 868 φύσιν
2333 802 2590 854 ἀποτελεῖ
2621 802 2876 856 σύνθετον
2897 845 2912 869 ,
2950 802 3086 856 ἀλλὰ
3113 803 3210 865 τὰς
3239 801 3333 854 δύο
3377 802 3548 870 δηλοῖ,
3597 804 3694 855 καὶ

2106 893 2204 962 τὴν
2262 893 2386 946 καθ’
2439 895 2739 946 ὑπόστασιν
2785 895 3000 948 ἕνωσιν.
3048 895 3187 965 Φησὶ
3213 895 3343 962 γοῦν
3376 897 3404 948 ὸ
3437 895 3696 961 θεολόγος

2107 987 2426 1056 Γρηγὸριος,
2455 980 2531 1040 ὧν
2566 988 2625 1039 τὸ
2651 990 2750 1057 μὲν
2775 988 2998 1050 ὲθέωσε,
3030 987 3090 1041 τὸ
3112 987 3167 1040 δὲ
3200 986 3431 1057 tamen.
3454 983 3556 1041 Ὧν
3579 989 3696 1060 γὰρ

2106 1079 2276 1132 εἰπὼν
2316 1079 2410 1131 καὶ
2458 1079 2520 1131 τὸ
2552 1079 2672 1146 μὲν,
2703 1080 2795 1134 καὶ
2832 1079 2891 1132 τὸ
2920 1079 2999 1140 δὲ,
3039 1079 3133 1132 δύο
3164 1078 3385 1144 ἔδειξεν.

2342 1167 2451 1222 Τοῦ
2485 1169 2672 1223 αὐτοῦ
2705 1169 2774 1223 ἐκ
2803 1168 2913 1223 τοῦ
2949 1169 3051 1234 πβ¹
3085 1171 3450 1240 Κεφαλαίου.

2167 1254 2296 1328 Εἶχε
2323 1259 2422 1328 μὲν
2453 1256 2546 1312 οὖν
2583 1261 2848 1327 φυσικῶς,
2879 1263 2970 1314 καὶ
2995 1262 3067 1324 ὡς
3086 1262 3239 1324 Θεὸς,
3267 1263 3360 1314 καὶ
3383 1262 3458 1323 ὡς
3482 1259 3688 1329 ἄνθρω-

2100 1365 2220 1413 πος,
2262 1349 2323 1403 τὸ
2368 1350 2544 1404 θέλειν
2566 1365 2580 1379 ⁸
2613 1352 2798 1404 εἵπετο
2823 1353 2878 1405 δὲ
2915 1354 3006 1406 καὶ
3039 1352 3382 1406 ὐπετάσσετο
3412 1351 3486 1422 τῷ
3517 1348 3687 1403 αὑτοῦ

2101 1435 2371 1508 θελήματι
2397 1441 2457 1493 τὸ
2481 1442 2843 1513 ἀνθρώπινον,
2874 1445 2949 1514 μὴ
2979 1444 3302 1514 κινούμενον
3331 1441 3524 1512 γνώμῃ
3557 1441 3688 1511 ἰδίᾳ,

2102 1531 2236 1584 ἀλλὰ
2266 1533 2438 1586 ταῦτα
2469 1532 2658 1600 θέλων,
2693 1535 2728 1588 ἀ
2773 1537 2834 1589 τὸ
2883 1537 3022 1589 θεῖον
3053 1535 3222 1589 αὐτοῦ
3255 1535 3415 1606 ἤθελε
3447 1533 3686 1602 θέλημα.

2104 1623 2549 1697 Παραχωρούσης
2577 1627 2684 1696 γὰρ
2717 1627 2817 1696 τῆς
2854 1629 3004 1691 Θείας
3049 1628 3345 1698 θελήσεως,
3380 1626 3588 1694 ἔπασχε
3617 1623 3690 1677 τὰ

2106 1715 2212 1768 ῐδια
2255 1718 2522 1784 φυσικῶς.
2558 1719 2688 1773 Ὅτε
2715 1723 2812 1788 μὲν
2844 1719 2950 1792 γὰρ
2981 1723 3278 1792 παρῃτεῖτο
3299 1719 3388 1771 τὸν
3429 1718 3686 1774 θάνατον.

2105 1808 2351 1878 φυσικῶς
2374 1811 2473 1880 τῆς
2504 1811 2654 1874 θείας
2693 1811 2859 1864 αὐτοῦ
2911 1811 3220 1882 θελησὰσης
3273 1811 3548 1880 θελήσεως
3593 1807 3691 1861 κοιλ¹

2105 1902 2608 1972 παραχωρησάσης,
2635 1903 2993 1973 παρῃτήσατο
3012 1903 3101 1955 τὸν
3126 1903 3374 1968 θάνατον,
3410 1899 3688 1970 ἠγωνίασὲ

2102 2003 2164 2041 τε
2191 1989 2284 2041 καὶ
2316 1989 2577 2044 ὲδειλίασε
2600 2009 2613 2020 ·
2649 1994 2742 2045 καὶ
2774 1995 2862 2046 ὅτε
2892 1993 3082 2062 ἤθελεν
3119 1995 3151 2060 ἡ
3188 1992 3308 2044 θεία
3332 1991 3498 2044 αὐτοῦ
3529 1990 3694 2058 θέλη-

2108 2093 2192 2140 σις
2217 2078 2491 2149 αἱρεῖσθαι
2522 2079 2618 2150 τὴν
2648 2080 3000 2151 ἀνθρωπίνην
3025 2079 3192 2132 αὐτοῦ
3224 2079 3441 2149 θέλησιν
3474 2079 3566 2131 τὸν
3595 2077 3694 2130 θά-

2107 2188 2284 2235 νατον,
2319 2172 2565 2225 ἑκούσιον
2603 2172 2740 2243 αὐτῇ
2909 2171 2968 2224 τὸ
2999 2170 3170 2232 πάθος
3202 2170 3445 2238 ἐγένετο·
3483 2169 3543 2221 οὐ
3578 2167 3693 2236 γὰρ

2107 2261 2245 2316 καθὸ
2282 2261 2412 2326 Θεὸς
2446 2263 2604 2333 μόνον
2628 2263 2893 2326 ἑκουσίως
2916 2263 3109 2316 ἑαυτὸν
3143 2262 3456 2331 παρέδωκεν
3488 2260 3569 2322 είς
3598 2259 3694 2312 θά-

2108 2372 2288 2416 νατον,
2330 2355 2463 2408 ἀλλὰ
2489 2357 2582 2408 καὶ
2612 2356 2749 2409 καθὸ
2765 2357 3072 2426 ἄνθρωπος.
3104 2355 3268 2408 Ὅθεν
3294 2355 3434 2407 κατὰ
3462 2352 3696 2405 θανάτου

2109 2448 2314 2516 τόλμαν
2341 2447 2435 2498 καὶ
2461 2450 2596 2517 ἡμῖν
2631 2449 2947 2518 ἐχαρίσατο,
2978 2446 3122 2501 οὕτω
3160 2445 3292 2514 γοῦν
3332 2445 3438 2514 πρὸ
3467 2443 3559 2497 τοῦ
3587 2463 3697 2496 σω-

2111 2538 2301 2605 τηρίου
2334 2539 2539 2600 πάθους
2571 2538 2735 2608 φησί·
2769 2540 2980 2607 Πάτερ,
3017 2541 3069 2592 εὶ
3101 2537 3366 2592 δυνατὸν
3411 2535 3703 2604 παρελθέ-

2112 2644 2192 2680 τω
2216 2627 2315 2682 ἀπ’
2338 2629 2483 2697 ἐμοῦ
2508 2631 2573 2684 τὸ
2595 2630 2886 2698 ποτήριον
2908 2629 3086 2684 τοῦτο
3106 2646 3118 2658 ·
3147 2629 3386 2699 δηλονότι
3409 2627 3481 2689 ὡς
3503 2625 3709 2694 ἄνθρω-

2117 2734 2218 2783 πος
2248 2719 2306 2772 τὸ
2337 2721 2598 2791 ποτήριον
2656 2722 2833 2776 πίνειν
2863 2722 3120 2794 ἔμελλεν·
3157 2724 3215 2777 οὐ
3262 2723 3371 2794 γὰρ
3425 2721 3502 2788 ὡς
3547 2723 3706 2788 Θεὸς.

2127 2810 2213 2873 Ὠς
2247 2809 2535 2881 ἄνθρωπος
2577 2812 2760 2866 τοίνυν
2799 2813 2942 2867 θέλει
2975 2815 3036 2867 τὸ
3072 2818 3330 2884 ποτήριον
3369 2815 3663 2885 παρελθεῖν
3689 2829 3708 2847 ο

2115 2900 2289 2953 ταῦτα
2321 2902 2416 2971 τῆς
2471 2905 2709 2974 φυσικῆς
2755 2904 2956 2966 δειλίας
3001 2905 3070 2957 τὰ
3127 2907 3377 2976 ῥήματα·
3422 2906 3595 2973 Πλὴν
3616 2906 3707 2975 μὴ

2115 2993 2182 3046 τὸ
2216 2991 2364 3062 ἐμὸν
2393 2994 2656 3064 γενέσθω
2695 2995 2945 3064 θέλημα,
2968 2996 3086 3066 ἦτοι
3135 2996 3254 3050 καθ’
3279 2997 3307 3048 ὃ
3340 2993 3432 3049 σοῦ
3457 2997 3709 3067 ὲτεροού-

3582 3071 3713 3138 καθ’

2115 3177 2144 3231 ὃ
2185 3179 2268 3232 σοὶ
2297 3175 2520 3249 πέφυκα
2555 3179 2843 3252 ὀμοούσιος
2861 3195 2875 3210 °
2909 3179 3085 3233 ταῦτα
3113 3179 3214 3248 τῆς
3237 3179 3525 3249 εὐτολμίας
3544 3177 3710 3231 πάλιν

2120 3269 2345 3340 ῥήματα
2369 3285 2381 3298 ·
2419 3270 2684 3341 πρότερον
2714 3270 2824 3340 γὰρ
2857 3269 2958 3339 τῆς
3008 3268 3247 3339 φυσικῆς
3273 3268 3559 3330 ἀσθενείας
3583 3285 3710 3320 πει-

2123 3360 2371 3429 ραθεῖσα,
2405 3363 2527 3414 κατ’
2563 3361 2816 3431 αἴσθησιν
2838 3359 2939 3429 τὴν
2973 3361 3068 3413 ἐπὶ
3095 3359 3173 3430 τῷ
3203 3358 3473 3430 χωρισμῷ
3501 3360 3594 3412 καὶ
3613 3357 3710 3411 τοῦ

2120 3450 2376 3521 σώματος
2425 3451 2518 3504 καὶ
2565 3451 2801 3522 φυσικὴν
2853 3448 3201 3521 συμπάθειαν
3246 3449 3496 3502 παθοῦσα
3550 3448 3713 3520 ήτοῦ

2120 3543 2334 3614 Κυρίου
2365 3543 2537 3614 ψυχὴ,
2575 3541 2652 3606 ὡς
2681 3540 2901 3612 ἀληθῶς
2939 3541 3233 3614 ἀνθρώπου
3261 3541 3556 3611 γενομένου
3588 3540 3715 3594 κατ’

2119 3635 2375 3689 εὐδοκίαν
2401 3635 2569 3689 αὐτοῦ
2592 3652 2604 3664 ·
2626 3631 2789 3698 αὖθις
2806 3635 2888 3706 τῷ
2911 3635 3042 3706 θείῳ
3069 3635 3401 3708 νευρωθεῖσα
3421 3633 3712 3705 θελήματι,

2118 3729 2213 3784 τοῦ
2247 3729 2483 3783 θανάτου
2529 3729 3031 3801 καταθαρῤὐνεται.
3077 3727 3297 3798 Ἐπειδὴ
3334 3727 3443 3798 γὰρ
3483 3730 3510 3780 ὁ
3549 3725 3715 3788 αὐτὸς

2119 3823 2240 3886 ὅλος
2268 3817 2337 3894 ἦν
2366 3822 2499 3884 Θεὸς
2519 3821 2659 3892 μετά
2675 3822 2773 3892 τῆς
2794 3820 3222 3892 ἀνθρωπότητος
3251 3819 3440 3884 αὐτοῦ,
3471 3819 3567 3870 καὶ
3591 3816 3715 3879 ὅλος

2121 3913 2412 3984 ἄνθρωπος
2444 3914 2585 3983 μετά
2614 3913 2714 3983 τῆς
2764 3910 2931 3964 αὐτοῦ
2981 3910 3268 3977 θεότητος,
3315 3907 3478 3970 αὐτὸς
3507 3906 3584 3968 ὡς
3615 3904 3714 3958 ἇν-

2123 4003 2342 4074 θρωπος
2375 4006 2432 4057 ἐν
2467 4002 2648 4072 ἐαυτῷ
2679 4003 2777 4055 καὶ
2804 4001 2871 4055 δι’
2903 3999 3100 4055 ἑαυτοῦ
3136 3999 3369 4064 ὑπέταξε
3402 3998 3464 4051 τὸ
3501 3996 3716 4067 ἀνθρώ-

2122 4113 2280 4148 πινον
2302 4097 2380 4166 τῷ
2403 4095 2523 4165 Θεῷ
2552 4096 2644 4149 καὶ
2681 4093 2882 4164 Πατρὶ,
2905 4094 3078 4146 τύπον
3111 4092 3243 4162 ἡμῖν
3275 4091 3468 4144 ἑαυτὸν
3491 4091 3716 4160 ἄριστον

2125 4186 2217 4238 καὶ
2252 4187 2621 4256 ὑπόγραμμον
2647 4186 2843 4251 διδοὺς,
2881 4185 2978 4238 καὶ
3013 4185 3256 4255 ὑπήκοος
3291 4183 3369 4253 τῷ
3405 4181 3581 4253 Πατρὶ
3617 4179 3715 4249 γέ-

2122 4289 2300 4344 γονεν.

439 4363 489 4420 id
520 4362 669 4432 quod
703 4366 1007 4417 humanum
1037 4369 1176 4426 erat,
1213 4360 1326 4416 Deo
1357 4368 1412 4416 et
1445 4358 1597 4412 Patri
1653 4359 1915 4430 subjecit,
1949 4372 2006 4417 et
2046 4365 2196 4423 Patri
2224 4368 2413 4425 factus
2471 4369 2759 4437 obediens,
2801 4366 3318 4439 prmstantissimam
3371 4379 3496 4420 sese
3559 4364 3720 4419 nobis

341 4469 345 4474 ·
409 4447 664 4510 ’ΐοτηιδιιι
696 4463 750 4508 et
777 4456 1086 4522 exemplum
1125 4453 1376 4523 praebuit.

506 4544 739 4602 Frustra
792 4548 932 4601 ratio
961 4548 1014 4600 iu
1047 4547 1280 4608 homine,
1307 4547 1353 4600 si
1383 4544 1518 4599 desit
1554 4545 1638 4600 illi
1683 4545 1925 4602 libertas.
1949 4575 2010 4588 --

2197 4548 2581 4614 Αὐτεξουσίως
2637 4547 2694 4601 δὲ
2739 4546 2898 4618 ἤθελε
2941 4546 3022 4616 τῷ
3079 4545 3209 4615 θείῳ
3255 4544 3350 4597 καὶ
3391 4544 3721 4619 ἀνθρωπίνῳ

435 4639 638 4697 Libere
672 4656 835 4710 porro
897 4640 1118 4694 volebat
1159 4647 1276 4692 tum
1311 4637 1532 4704 divinae,
1591 4649 1705 4692 tum
1766 4639 2024 4694 humanae

437 4735 742 4789 voluntatis
773 4732 1008 4788 ratione.
1042 4731 1205 4788 Omni
1254 4732 1460 4801 quippe
1510 4740 1722 4786 natura
1766 4732 2022 4787 rationali

438 4824 608 4881 libera
637 4826 897 4880 voluntas
929 4840 958 4878 a
992 4835 1187 4879 natura
1221 4824 1387 4878 insita
1413 4829 1522 4877 eat.
1559 4823 1838 4889 Quorsum
1871 4824 2019 4878 enim

437 4916 641 4985 alioqui
671 4924 879 4987 partem
918 4917 1250 4971 rationalem
1294 4915 1542 4978 habebit,
1594 4916 1641 4970 si
1699 4931 1810 4969 non
1852 4915 2026 4969 libere

437 5005 849 5061 ratiocinatur?
897 5005 1033 5059 Nam
1079 5008 1388 5060 naturalem
1429 5007 1651 5075 quidem
1708 5007 2018 5075 appetitum

437 5111 690 5153 summus
722 5096 924 5166 Opilex
969 5098 1151 5152 brutis
1185 5096 1354 5150 etiam
1393 5096 1611 5160 indidit,
1646 5111 1759 5163 quo
1809 5095 1876 5148 ad
1911 5111 2026 5150 sum

445 5198 660 5245 natura:
691 5189 1174 5243 conservationem
1205 5191 1534 5244 necessitate
1559 5187 1860 5241 ducuntur.
1883 5187 2019 5243 Cum

436 5281 587 5334 enim
622 5279 836 5333 ratione
863 5286 1108 5339 careant,
1151 5278 1355 5332 ducere
1394 5295 1502 5332 non
1547 5285 1798 5348 possunt,
1830 5295 2019 5332 verum

437 5370 679 5426 naturali
708 5369 992 5424 ducuntur
1019 5369 1284 5438 appetitu.
1346 5369 1422 5421 Ex
1484 5384 1594 5438 quo
1631 5370 1708 5431 lit,
1767 5377 1824 5424 ut
1859 5369 2024 5424 simul

439 5466 609 5529 atque
649 5459 922 5529 appetitus
957 5457 1154 5522 oritur,
1189 5459 1375 5512 statim
1411 5458 1477 5510 ad
1523 5460 1793 5528 agendum
1837 5460 2020 5530 prosi-

439 5547 599 5604 liant.
633 5551 821 5621 Neque
845 5553 993 5606 enim
1021 5551 1238 5605 ratione
1266 5559 1361 5604 aut
1395 5551 1653 5614 consilio,
1679 5560 1777 5604 aut
1837 5552 2026 5606 consi-

438 5636 748 5705 derationc.
799 5653 893 5699 aut
939 5643 1153 5710 judicio
1211 5651 1461 5698 utuntur.
1521 5643 1602 5698 Ac
1647 5643 1880 5714 proinde
1923 5660 2026 5700 nec

527 5741 542 5769 ¹
574 5742 763 5798 Matth.
795 5759 938 5814 Χινι,
967 5744 1035 5799 59
1068 5761 1082 5804 ;
1115 5743 1248 5799 an.
1281 5761 1413 5806 xxu,
1443 5744 1530 5797 42.

2125 4637 2413 4710 θελήματι.
2444 4639 2604 4711 Πάσῃ
2627 4639 2736 4710 γὰρ
2772 4638 2966 4708 λογικῇ
2997 4635 3158 4707 φύσει
3187 4635 3405 4700 πάντως
3427 4637 3718 4707 ἐμπέφυκε

2122 4731 2185 4783 τὸ
2217 4731 2569 4797 αὐτεξούσιον
2618 4732 2851 4804 θέλημα.
2886 4735 3068 4800 Είςαί
3093 4735 3203 4808 γὰρ
3239 4735 3351 4800 ἕξει
3380 4738 3442 4790 τὸ
3475 4737 3718 4806 λογικὸν,

2128 4821 2203 4892 μὴ
2241 4821 2610 4887 αὐτεξουσίως
2661 4822 3019 4896 λογιζομένη;
3075 4827 3175 4897 τὴν
3206 4827 3304 4898 μὲν
3340 4829 3449 4900 γὰρ
3482 4829 3718 4899 φυσικὴν

2121 4909 2303 4982 ὄρεξιν
2322 4911 2416 4964 καὶ
2442 4915 2557 4978 τοῖς
2583 4913 2802 4983 ἀλόγοις
2833 4916 2992 4982 ζώοις
3010 4920 3036 4972 ὸ
3059 4919 3400 4990 Δημιουργὸς
3434 4921 3718 4993 ὲνέσπειρε

2123 5001 2263 5070 πρὸς
2316 5002 2578 5056 σύστασιν
2623 5005 2726 5076 τῆς
2782 5006 2990 5070 οἰκείας
3027 5007 3244 5076 φύσεως
3285 5007 3721 5078 ἠναγκασμέναις

2121 5095 2260 5148 αὐτά
2289 5094 2550 5164 ἄγουσαν.
2588 5098 2766 5166 Λόγου
2808 5099 2918 5170 γὰρ
2952 5099 3294 5170 ἀμοιροῦντα
3328 5110 3350 5139 ε
3393 5102 3454 5154 οὐ
3496 5099 3722 5154 δύναται

2126 5186 2303 5256 ἄγειν,
2353 5188 2469 5241 ἀλλ’
2499 5188 2694 5257 ἄγεται
2727 5189 2832 5242 ὑπὸ
2861 5191 2959 5260 τῆς
2993 5193 3232 5262 φυσικῆς
3255 5190 3510 5260 ὀρέξεως.
3555 5190 3723 5244 ’Ὀθεν

2131 5278 2246 5348 ἅμα
2285 5282 2318 5350 ἡ
2355 5279 2535 5348 ὄρεξις
2565 5281 2814 5351 γένηται,
2845 5283 3049 5345 εὐθέως
3080 5283 3176 5336 καὶ
3219 5285 3252 5353 ἡ
3285 5284 3422 5354 πρὸς
3451 5283 3550 5354 τὴν
3581 5285 3723 5353 πρᾶ⁴

2133 5370 2212 5434 ξιν
2235 5372 2379 5442 ὁρμή
2403 5387 2416 5402 ο
2449 5373 2510 5423 οὐ
2545 5372 2655 5442 γὰρ
2684 5371 2849 5442 λόγῳ,
2879 5371 2912 5442 ἢ
2943 5373 3128 5443 βουλῇ,
3161 5373 3194 5443 ἣ
3233 5372 3446 5440 σκέψει,
3478 5374 3510 5443 ἦ
3541 5372 3720 5443 κρίσει

2132 5462 2419 5533 κέχρηται.
2453 5462 2616 5514 Ὅθεν
2637 5461 2761 5515 οὕτε
2791 5465 2868 5526 ὡς
2889 5462 3088 5532 ἀρετὴν
3113 5464 3366 5533 μετιόντα
3395 5465 3718 5526 ἐπαινεῖται,

2125 5556 2222 5606 καὶ
2255 5553 2646 5622 μακαρίζεται,
2701 5553 2828 5607 οὐτε
2872 5555 2948 5616 ὡς
2980 5553 3177 5606 κακίαν
3210 5556 3517 5625 πράττοντα
3557 5555 3720 5606 κολά-

2125 5643 2300 5709 ζεται.
2336 5643 2397 5698 'll
2429 5645 2484 5696 δὲ
2513 5645 2708 5712 λογικὴ
2743 5645 2906 5710 φύσις
2933 5644 3049 5714 ἔχει
3084 5645 3181 5714 μὲν
3219 5647 3315 5716 τὴν
3347 5647 3582 5717 φυσικὴν
3606 5645 3720 5717 δρε-
