4082 6392
298 277 431 341 1157
1286 268 1660 331 PANOPLIA
1696 267 1936 328 DOGMA

2045 267 2237 333 (ΖΛ-
2271 266 2421 329 ἸῚΤ.
2455 267 2614 327 ΧΧῙ.
3436 269 3573 335 1158

296 395 381 460 ξιν
413 389 769 459 κινουμένην,
815 384 922 440 ὑπὸ
947 385 1004 440 δὲ
1041 384 1136 440 τοῦ
1166 384 1341 452 Λόγου
1382 382 1662 453 ἀγομένην
1701 399 1759 435 τε
1790 383 1885 433 καὶ
1920 391 1936 441 1

2045 381 2145 435 alut
2167 382 2354 437 virtuti
2389 384 2665 439 studentia
2701 383 3019 450 laudantur,
3049 401 3113 440 ae
3148 384 3306 440 beata
3337 400 3568 440 censen-

301 484 710 557 ρυθμιζομένην
738 480 832 532 ἐπὶ
873 479 982 531 τῶν
1013 476 1400 547 φυλασσόντων
1432 474 1493 527 τὸ
1524 473 1665 525 κατά
1687 472 1849 539 φύσιν
1870 486 1885 503 ο

2045 490 2121 542 ιι·;
2150 490 2252 531 nec
2281 488 2539 546 tanquam
2575 477 2779 532 malum
2804 479 3021 548 agentia
3084 480 3420 548 plectuntur.
3453 479 3577 533 Na-

303 578 399 631 τοῦ
436 577 546 647 γὰρ
580 574 754 643 Λόγου
799 571 1125 644 προτέρημα
1158 567 1313 623 τοῦτό
1342 570 1511 633 ἐστιν,
1548 568 1580 636 ή
1615 564 1877 630 αὐτεξού-

2045 584 2115 622 Ira
2156 584 2287 624 vero
2321 570 2608 625 rationalis
2639 569 2811 624 habet
2837 569 3060 640 quidem
3094 571 3402 623 naturalem
3470 585 3571 639 ap-

304 688 420 732 σιος
454 668 695 737 θέλησις,
721 670 918 737 ἥντινα
956 663 1195 734 φυσικὴν
1251 664 1306 715 ὲν
1337 660 1416 731 τῷ
1446 659 1657 729 λογικῷ
1702 676 1888 730 φαμεν

2045 664 2252 728 etitum,
2288 664 2380 734 qui
2415 673 2738 729 moveatur;
2776 662 3045 733 ejusmodi
3084 672 3287 728 tamen,
3330 674 3390 716 ut
3419 663 3473 716 in
3512 663 3580 717 iis

306 762 545 828 κίνησιν·
581 759 665 812 διὸ
697 758 790 810 καὶ
815 756 890 819 ὡς
917 755 1121 828 ἀρετὴν
1151 753 1414 825 μετιοῦσα
1456 754 1770 806 ἐπαινεῖται
1799 752 1892 806 καὶ

2045 770 2115 810 tae
2146 764 2355 809 naturae
2404 765 2830 810 consentaneam
2886 754 3275 809 rectitudinem
3334 764 3578 816 servant.

313 848 708 919 μακαρίζεται,
748 848 842 902 καὶ
874 847 950 911 ὡς
974 848 1174 899 κακίαν
1205 844 1470 917 μετιοῦσα
1510 843 1819 908 κολάζεται.

2059 847 2270 901 ratione
2289 847 2628 916 gubernetur
2654 861 2717 901 ac
2736 856 3119 916 componatur.
3152 846 3400 901 Rationis
3427 847 3579 901 enim

312 940 683 1009 pra‘celienlia
721 939 836 992 haec
871 949 975 1001 est,
1010 936 1197 992 liberte
1222 934 1516 1007 potestatis
1562 935 1821 989 voluntas
1858 954 1870 990 :
1912 951 2073 1005 quam
2109 936 2325 1006 quidem
2358 938 2659 992 naturalem
2712 948 2919 992 motuin
2950 938 3006 992 in
3066 938 3373 993 substantia
3404 938 3581 992 ratio-

319 1035 428 1087 nali
463 1033 721 1087 dicimus.
754 1031 941 1100 anue
980 1031 1047 1086 de
1074 1048 1238 1088 causa
1274 1042 1330 1087 et
1363 1046 1489 1086 cum
1524 1031 1791 1086 virtutem
1818 1031 1969 1094 colit,
1993 1030 2208 1087 laudent
2244 1031 2476 1099 obtinet,
2516 1047 2581 1087 ac
2634 1031 2791 1087 beata
2820 1033 3191 1102 praedicatur;
3222 1042 3278 1087 et
3338 1047 3463 1087 cum
3521 1046 3583 1088 se

314 1126 452 1180 vitio
488 1124 660 1188 dedit,
697 1124 947 1193 punitur.

387 1220 549 1272 Ὥστε
574 1217 733 1287 ἤθελε
762 1216 861 1286 μὲν
879 1215 1247 1280 αὐτεξουσίως
1274 1213 1571 1284 κινουμένη
1611 1216 1645 1284 ἡ
1674 1213 1765 1267 τοῦ
1788 1212 1898 1264 Κυα

322 1309 437 1380 ρίου
468 1306 772 1378 ψυχὴ,ἀλλ’
801 1307 983 1360 ἐκεῖνα
1003 1307 1368 1371 αὐτεξουσίως
1392 1306 1607 1376 ἤθελεν,
1641 1304 1677 1359 ἃ
1718 1308 1749 1373 ὴ
1783 1304 1905 1358 Θεία

320 1399 487 1454 αὑτοῦ
516 1400 734 1469 θέλησις
759 1398 916 1469 ἤθελε
958 1397 1133 1449 θέλειν
1179 1396 1374 1467 αὑτήν.
1411 1397 1485 1449 Ού
1520 1397 1631 1469 γὰρ
1673 1396 1903 1465 νεύματι

323 1492 417 1546 τοῦ
463 1490 640 1559 Λόγου
699 1492 732 1560 ή
767 1490 904 1557 σὰρξ
935 1490 1188 1541 ἐκινεῖτο·
1244 1491 1341 1540 καὶ
1400 1487 1638 1559 Μωῦσης
1672 1489 1779 1559 γὰρ
1810 1489 1905 1542 καὶ

325 1587 525 1647 πάντες
555 1585 604 1636 οί
635 1584 779 1650 ἅγιοι
798 1581 1028 1667 νεύματι
1056 1581 1187 1648 θείῳ
1220 1580 1520 1633 ἐκινοῦντο·
1554 1581 1668 1633 ἀλλ’
1690 1583 1718 1633 ὁ
1743 1580 1904 1643 αὐτὸς

2087 1212 2285 1266 Dii-inre
2341 1223 2389 1267 et
2412 1213 2661 1268 humanm
2708 1216 2996 1270 uoluntatis
3026 1216 3307 1270 discrimen
3345 1217 3401 1271 in
3431 1218 3589 1274 ειπερ

2008 1315 2110 1358 sto.
2144 1335 2205 1344 —-
2234 1306 2371 1375 Ergo
2407 1307 2623 1361 volebat
2652 1308 2877 1377 quidem
2910 1309 3127 1364 Domini
3170 1312 3351 1364 anima
3408 1311 3585 1366 libere

2010 1396 2267 1461 excitata,
2298 1398 2391 1452 sed
2424 1414 2487 1453 ea
2517 1399 2689 1453 libere
2712 1400 2933 1454 demum
2976 1401 3215 1466 volebat,
3251 1417 3374 1471 qua:
3398 1402 3585 1458 divina

2013 1488 2184 1558 ipsius
2214 1489 2466 1544 voluntas
2503 1490 2642 1545 velle
2678 1506 2795 1545 eam
2816 1492 3052 1546 volebat.
3089 1493 3207 1547 Non
3240 1493 3389 1548 enim
3421 1492 3590 1548 Verbi

2012 1586 2151 1629 nutu
2188 1593 2317 1632 caro
2348 1581 2860 1651 movebatur,juxta
2911 1597 2976 1637 ac
3043 1582 3224 1638 Moses
3293 1592 3349 1637 et
3403 1584 3587 1639 sancti

324 1671 401 1738 είς
423 1674 496 1728 ὢν
521 1675 654 1736 Θεός
685 1690 744 1725 τε
773 1675 867 1725 καὶ
892 1655 1002 1725 ’ἄνθ
1015 1686 1217 1742 ρωπος,
1243 1669 1387 1723 κατὰ
1416 1686 1475 1720 τε
1505 1670 1605 1738 τὴν
1634 1668 1787 1722 θείαν
1811 1669 1905 1720 καὶ
1933 1655 1936 1711 ί

2048 1682 2201 1722 mnes
2232 1668 2418 1723 divino
2448 1681 2587 1723 nutu
2618 1672 2980 1726 movebantur
3012 1689 3027 1726 :
3061 1688 3254 1727 verum
3288 1672 3431 1728 idem
3470 1675 3591 1744 ipse

327 1770 426 1838 τὴν
450 1765 807 1836 ἀνθρωπίνην
829 1763 987 1834 ἤθελε
1010 1762 1253 1815 θέλησιψ
1282 1761 1361 1815 διὸ
1400 1762 1460 1814 ού
1491 1761 1705 1832 γνώμῃ,
1743 1777 1905 1829 φυσι-

329 1863 400 1931 κῇ
432 1861 489 1913 δὲ
523 1858 725 1929 μᾶλλον
753 1856 1009 1924 δυνάμει,
1070 1856 1124 1919 αἱ
1164 1853 1257 1906 δύο
1286 1853 1381 1906 τοῦ
1417 1853 1623 1922 Κυρίου
1653 1852 1904 1923 θελήσεις

332 1954 581 2020 διέφερον
602 1947 873 2019 ἀλλήλων.
913 1947 977 1999 Ἥ
1027 1947 1123 2014 μὲν
1160 1945 1267 2015 γὰρ
1311 1944 1435 1997 θεία
1484 1944 1654 1999 αὐτοῦ
1687 1945 1904 2016 θέλησις

333 2044 569 2114 ἂναρχός
599 2059 657 2095 τε
693 2041 787 2094 κεῖ.)⁵
811 2040 1150 2108 παντουργὸς
1166 2034 1255 2107 ἦν,
1282 2036 1557 2107 ἑπομένην
1585 2037 1786 2107 ἔχουσα
1808 2038 1906 2108 τὴν

334 2137 592 2205 δύναμιν,
623 2137 718 2187 καὶ
756 2130 997 2199 ἀπαθής·
1020 2132 1053 2200 ἡ
1077 2129 1131 2182 δὲ
1146 2129 1464 2199 ἀνθρωπίνη
1487 2129 1653 2182 αὑτοῦ
1677 2130 1896 2200 θέλησις

338 2229 448 2282 ἀπὸ
474 2225 667 2297 χρόνου
706 2222 932 2293 ἤρξατο,
960 2222 1057 2274 καί
1095 2221 1236 2292 αὑτὴ
1259 2222 1327 2275 τὰ
1360 2221 1569 2289 φυσικὰ
1624 2224 1720 2278 καὶ
1759 2224 1911 2278 ἀδιά-

341 2319 515 2385 ὅλητα
539 2315 687 2385 πάθη
725 2314 1010 2384 ὑπέμεινε,
1045 2314 1139 2365 καὶ
1166 2313 1412 2387 φυσικῶς
1443 2314 1541 2382 μὲν
1561 2314 1619 2366 οὔ
1649 2313 1910 2368 παντοδύ-

340 2427 512 2480 ναμος
544 2405 633 2479 ἦν,
662 2407 739 2470 ὡς
770 2407 826 2460 δὲ
866 2406 960 2460 τοῦ
993 2403 1129 2457 Θεοῦ
1183 2406 1362 2473 Λόγου
1396 2406 1613 2477 ἀληθῶς
1648 2409 1740 2462 καὶ
1770 2407 1912 2462 κατὰ

342 2508 505 2573 φύσιν
534 2501 825 2570 γενομένη,
854 2498 950 2553 καὶ
980 2496 1406 2567 παντοδύναμος.

2012 1774 2138 1814 cum
2168 1770 2225 1815 et
2250 1761 2394 1815 Deus
2422 1771 2477 1815 et
2507 1762 2668 1816 homo
2696 1775 2861 1829 esset,
2888 1772 3002 1818 tum
3044 1765 3252 1830 divina,
3311 1774 3427 1820 tum
3482 1767 3590 1820 bu-

2013 1868 2172 1907 mana
2206 1854 2491 1908 voluntate
2520 1855 2758 1911 volebat.
2789 1855 2872 1911 Ob
2899 1871 3019 1910 eam
3050 1872 3275 1912 causam
3326 1872 3435 1911 non
3463 1872 3599 1913 con-

2014 1945 2137 2002 silio
2166 1960 2231 2001 ac
2258 1947 2553 2010 sententia,
2586 1948 2680 2003 sed
2743 1948 3016 2003 naturalis
3080 1950 3266 2017 potius
3315 1948 3597 2004 facultatis

2015 2038 2249 2107 ratione,
2281 2038 2401 2092 dum:
2456 2038 2674 2093 Domini
2698 2038 3010 2093 voluntates
3064 2038 3209 2093 inter
3242 2052 3301 2093 se
3361 2038 3599 2093 disside-

2015 2127 2170 2183 bant.
2210 2127 2425 2181 Etenim
2473 2127 2661 2182 divina
2713 2129 2834 2197 ejus
2886 2128 3139 2183 voluntas
3198 2127 3452 2197 principii
3493 2143 3597 2183 ex-

2017 2235 2144 2290 pers
2166 2221 2451 2290 omnisque
2478 2221 2555 2276 rei
2583 2220 2831 2276 eﬂ'ectrix
2867 2231 2986 2277 erat
3008 2234 3095 2289 ,ut
3156 2231 3287 2292 pote
3341 2223 3601 2277 comitem

2019 2312 2315 2384 potentiam
2351 2313 2582 2379 habens,
2614 2323 2670 2369 et
2697 2313 2805 2383 pati
2834 2307 3040 2369 nescia.
3069 2315 3136 2368 At
3169 2314 3408 2369 humana
3428 2313 3605 2382 ipsius

2020 2405 2295 2471 voluntas,
2332 2415 2445 2460 tum
2473 2406 2588 2477 ipsa
2618 2407 2674 2461 in
2715 2417 2960 2476 tempore
2992 2406 3212 2461 initium
3242 2406 3453 2470 habuit,
3482 2414 3599 2459 tum

2018 2513 2111 2553 eas
2137 2499 2420 2568 passiones
2451 2500 2729 2562 sustinuit,
2757 2515 2878 2569 quae
2917 2501 3194 2554 naturales
3234 2508 3289 2553 et
3351 2498 3607 2555 innocue

342 2603 518 2655 erant.
548 2594 627 2649 Ac
653 2602 844 2649 natura
875 2595 1096 2664 quidem
1118 2594 1469 2662 omnipotens
1492 2607 1602 2647 non
1638 2604 1789 2660 erat;
1824 2600 1885 2647 ut
1918 2604 2101 2648 autem
2137 2594 2231 2649 Dei
2271 2591 2435 2649 Verbi
2485 2607 2612 2647 vere
2664 2608 2730 2648 ac
2785 2592 3053 2649 naturalis
3097 2593 3241 2648 facta
3293 2602 3431 2659 erat,
3461 2590 3601 2646 nihii

345 2700 565 2758 quoque
600 2683 717 2755 ipsa
751 2699 856 2738 non
882 2692 1115 2754 poterat.

682 2908 815 2963 ’Τοῦ
843 2906 1039 2961 αὐτοῦ’
1062 2907 1406 2977 Κεφαλαίον
1432 2906 1549 2978 πγί.

2552 2911 2801 2983 Ejusdem
2827 2924 2982 2982 caput
3018 2914 3106 2969 83.

437 3001 498 3056 'O
534 3001 807 3070 μακάριος
863 2999 1141 3063 Διονύσιος
1196 3002 1395 3061 καινήν
1426 3017 1547 3052 τινα
1591 2998 1920 3070 θεανδρικὴν

2106 3001 2241 3056 Cum
2270 3002 2463 3058 beatus
2488 3003 2779 3075 Dionysius
2801 3006 3077 3060 Christum
3102 3022 3295 3061 novam
3316 3009 3610 3079 quamdam

358 3097 642 3164 ἐνέργειαν
681 3094 862 3162 φήσας
888 3094 981 3145 τόν
1012 3093 1249 3163 Χριστὸν
1273 3093 1405 3160 ἡμῖν
1438 3092 1923 3160 πεπολιτευμένον,

358 3188 458 3239 οὐκ
482 3184 725 3255 ἀναιρῶν
750 3184 850 3247 τὰς
884 3185 1119 3252 φυσικὰς
1138 3184 1444 3254 ἐνεργείας,
1476 3186 1604 3253 μίαν
1637 3183 1921 3252 ἐνέργειαν

357 3279 422 3330 ἐκ
447 3294 508 3329 τε
533 3278 629 3345 τῆς
653 3275 1005 3345 ἀνθρωπίνης
1028 3276 1124 3329 καὶ
1153 3274 1304 3338 θείας
1328 3277 1703 3346 γεγενημένην
1729 3274 1894 3344 φησίν
1915 3288 1931 3304 ⁸

358 3367 502 3420 οὓτω
537 3369 649 3435 γὰρ
681 3365 748 3419 ἂν
785 3366 880 3418 καὶ
918 3367 1051 3433 μίαν
1095 3365 1260 3433 φύσιν
1305 3365 1561 3433 εἴποιμεν
1617 3366 1838 3433 καινὴν,
1871 3366 1936 3415 ἐκ

361 3461 512 3525 θείας
557 3477 619 3514 τε
665 3461 762 3513 καὶ
810 3456 1157 3526 ἀνθρωπίνης
1214 3457 1592 3525 γεγενημένην
1620 3470 1634 3485 ·
1694 3450 1771 3509 ὧν
1829 3456 1937 3525 γὰρ

361 3552 614 3623 ἐνέργεια
652 3551 773 3621 μία,
800 3549 1009 3602 τούτων
1062 3548 1160 3601 καί
1199 3550 1231 3618 ή
1264 3547 1420 3601 οὐσία
1454 3548 1573 3616 μία,
1610 3548 1756 3601 κατὰ
1812 3548 1939 3610 τοὺς

363 3649 555 3717 ἁγίους
575 3657 598 3680 ⁶
620 3646 873 3716 Πατέρας
894 3657 909 3673 ⁶
939 3644 1076 3698 ἀλλὰ
1109 3643 1278 3696 θέλων
1308 3642 1479 3706 δεῖξαι
1507 3642 1600 3695 τὸν
1626 3641 1813 3696 καινὸν
1845 3641 1942 3694 καὶ

366 3741 681 3810 ἀπόρρητον
712 3738 919 3809 τρόπον
977 3740 1078 3805 τῆς
1122 3736 1229 3788 τῶν
1279 3734 1529 3802 φυσικῶν
1564 3733 1658 3786 τοῦ
1696 3730 1940 3802 Χριστοῦ

367 3832 663 3903 ἐνεργειῶν
689 3832 1028 3900 ὲκφάνσεως,
1058 3828 1135 3897 τῷ
1162 3828 1459 3899 ἀπορρήτῳ
1495 3828 1683 3895 τρόπῳ
1726 3825 1829 3894 τῆς
1861 3829 1944 3889 εἰς

368 3925 575 3995 ἄλληλα
586 3923 694 3977 τῶν
713 3921 808 3976 τοῦ
830 3922 1071 3992 Χριστοῦ
1090 3921 1306 3990 φύσεων
1329 3917 1756 3987 περιχωρήσεως
1779 3910 1948 3985 προσ-

371 4018 571 4088 φόρως,
599 4018 690 4069 καὶ
747 4014 849 4084 τὴν
901 4012 1043 4066 κατὰ
1101 4011 1391 4077 ἄνθρωπον
1440 4008 1607 4061 αὐτοῦ
1665 4007 1946 4061 πολιτείαν

374 4110 533 4180 ξένην
587 4110 685 4162 καὶ
742 4106 1065 4178 παράδοξον,
1129 4104 1227 4157 καὶ
1282 4105 1349 4174 τῇ
1418 4100 1580 4171 φύσει
1603 4100 1712 4153 τῶν
1774 4100 1947 4154 ὄντων

370 4204 673 4273 ἄγνωστον,
700 4203 792 4255 τόν
821 4217 878 4253 τε
919 4199 1121 4269 τρόπον
1170 4197 1270 4267 τῆς
1321 4195 1465 4248 κατὰ
1492 4194 1590 4264 τὴν
1625 4193 1947 4265 ἀπόρρητον

2040 3092 2438 3155 theandricam,
2471 3110 2565 3149 seu
2599 3097 2690 3149 Dei
2719 3097 2956 3150 simulet
3011 3096 3136 3164 viri,
3194 3097 3466 3152 actionem
3510 3115 3612 3152 no-

2041 3183 2251 3238 biscum
2284 3185 2485 3240 obiisse
2516 3186 2672 3249 dicit,
2739 3203 2843 3241 non
2912 3196 2971 3241 ut
3026 3190 3308 3243 naturales
3365 3191 3613 3245 actiones

2044 3274 2218 3338 tollat,
2279 3290 2440 3329 unam
2500 3291 2567 3331 ex
2618 3277 2855 3332 humana
2937 3287 2992 3334 et
3058 3280 3245 3334 divina
3339 3281 3611 3334 actionem

2043 3365 2331 3420 conﬂatam
2361 3368 2519 3423 docet
2551 3368 2636 3439 (ad
2677 3372 2823 3426 hunc
2849 3373 2996 3426 enim
3028 3373 3250 3426 modum
3278 3388 3441 3426 unam
3480 3388 3621 3441 quo-

2048 3474 2154 3527 que
2183 3474 2381 3513 novam
2417 3472 2669 3515 naturam
2692 3478 2757 3516 ex
2782 3464 2965 3517 divina
2997 3474 3053 3518 et
3087 3464 3325 3518 humana
3368 3464 3622 3518 eﬂ'ectatn

2046 3549 2389 3617 diceremus;
2446 3552 2572 3620 quia
2630 3567 2865 3620 quorum
2910 3555 3053 3608 actio
3102 3570 3208 3607 una
3261 3564 3365 3618 est,
3421 3554 3620 3607 horum

2049 3639 2237 3703 etiam,
2270 3648 2329 3693 ut
2356 3641 2604 3694 sentiunt
2632 3641 2843 3707 Patres,
2883 3657 2988 3695 una
3040 3650 3124 3697 est
3183 3643 3469 3711 essentia),
3528 3659 3624 3697 ve-

2051 3746 2173 3784 rum
2207 3732 2278 3783 ita
2322 3732 2587 3801 loquitur,
2622 3743 2680 3786 ut
2708 3746 2908 3786 novum
2942 3732 3075 3787 illud
3108 3742 3165 3787 et
3195 3747 3456 3787 arcanum
3508 3748 3628 3787 mo-

2051 3823 2203 3887 dum,
2230 3838 2339 3890 quo
2365 3823 2639 3878 naturales
2670 3823 2876 3878 Christi
2901 3824 3149 3879 actiones
3209 3838 3267 3877 se
3323 3824 3625 3892 explicant,

2052 3930 2255 3969 arcano
2279 3916 2355 3969 illi
2384 3927 2589 3971 mutuas
2647 3927 2972 3972 naturarum
3033 3918 3207 3988 ipsius
3256 3917 3629 3973 immeationis

2056 4011 2219 4063 modo
2258 4019 2672 4079 congruentem,
2724 4012 3022 4065 humanum
3084 4012 3212 4065 item
3264 4013 3386 4065 vitte
3456 4027 3628 4082 genus

2056 4117 2257 4156 novum
2288 4112 2341 4156 et
2382 4102 2725 4169 admirabile,
2781 4107 2947 4177 inque
2998 4122 3183 4161 rerum
3234 4117 3432 4161 natura
3482 4108 3633 4161 inco-

2058 4184 2315 4266 gnitum;
2381 4212 2441 4249 ac
2472 4194 2708 4264 denique
2758 4198 2981 4251 alternae
3047 4199 3196 4253 illius
3257 4201 3635 4253 communica-

361 4272 560 4352 ἕνωσιν
588 4300 909 4361 ἀντιδόσεως
931 4317 947 4331 ·
995 4300 1057 4351 οὐ
1098 4297 1207 4368 γὰρ
1255 4295 1597 4369 διηρημένας
1631 4295 1812 4365 φαμὲν
1849 4294 1936 4361 τὰς

2057 4289 2229 4345 tionis
2254 4328 2268 4354 ,
2298 4305 2421 4359 quae
2456 4305 2520 4344 ex
2554 4289 2823 4346 ineffabili
2860 4290 3110 4343 unitione
3136 4288 3338 4347 oritur,
3375 4284 3643 4339 rationem

363 4390 666 4460 ἐνεργείας,
705 4388 828 4442 οὐδὲ
854 4388 1198 4460 ὃιῃρημένως
1238 4386 1570 4456 ἐνεργούσας
1597 4386 1694 4448 τὰς
1734 4383 1946 4454 φύσεις,

364 4481 789 4551 ἀλλ’ἠνωμὲνως
830 4481 1069 4549 ἑκάστην
1106 4478 1243 4549 μετὰ
1270 4479 1367 4546 τῆς
1404 4477 1634 4545 θατέρου
1665 4476 1949 4537 κοινωνίας

364 4571 697 4642 ἐνεργοῦσαν
722 4571 871 4623 τοῦθ’
896 4572 1032 4641 ὅπερ
1083 4570 1215 4623 ἴδιον
1264 4570 1518 4637 ἔσχηκεν.
1570 4565 1710 4619 Ούτε
1748 4565 1859 4637 γὰρ
1882 4564 1951 4617 τὰ

367 4664 694 4735 ἀνθρώπινα
774 4662 1132 4733 ἀνθρωπίνως
1190 4660 1493 4732 ἐνήργησεν
1516 4671 1533 4686 ⁶
1573 4656 1633 4710 ού
1660 4658 1770 4727 γὰρ
1800 4656 1952 4725 ψιλὸς

369 4753 437 4828 ἦν
476 4758 800 4828 ἄνθρωπος’
844 4754 968 4808 οὔτε
1008 4753 1080 4806 τὰ
1126 4753 1248 4806 θεῖα
1288 4752 1431 4805 κατὰ
1472 4750 1606 4804 Θεὸν
1652 4750 1812 4820 μόνον
1837 4764 1850 4779 ·
1893 4747 1955 4800 οὐ

369 4849 479 4920 γὰρ
517 4845 587 4920 ἣν
620 4846 827 4917 γυμνὸς
888 4847 1043 4910 Θεὸς,
1083 4844 1219 4898 ἀλλὰ
1271 4843 1404 4907 Θεὸς
1440 4841 1579 4911 ὁμοῦ
1703 4837 1963 4908 ὑπάρχων

373 4941 469 4993 καὶ
504 4942 812 5010 ἄνθρωπος.
846 4940 1058 5008 Ὠσπερ
1114 4937 1224 5007 γὰρ
1261 4935 1370 4988 τῶν
1433 4934 1674 5003 φύσεων,
1722 4930 1819 4985 καὶ
1863 4928 1961 5000 τὴν

374 5035 591 5097 ἕνωσιν,
649 5033 744 5085 καὶ
802 5033 899 5102 τὴν
961 5030 1198 5100 φυσικὴν
1264 5028 1529 5098 διαφορὰν
1597 5022 1963 5093 ἐπιστάμεθα,

372 5126 519 5179 οὕτω
547 5126 639 5179 καὶ
709 5124 821 5179 τῶν
878 5122 1125 5191 φυσικῶν
1178 5120 1502 5191 θελημάτων
1552 5134 1637 5197 τε,
1666 5117 1763 5171 καὶ
1806 5116 1965 5187 ἔνερ-

377 5220 565 5289 γειῶν.

464 5312 663 5366 Ἰστέον
699 5308 1014 5381 τοιγαροῦν,
1047 5308 1123 5373 ὡς
1164 5308 1259 5360 ἐπὶ
1297 5303 1393 5358 τοῦ
1423 5302 1630 5374 Κυρίου
1661 5299 1818 5371 ἡμῶν
1867 5298 1969 5369 ’1η-

385 5406 477 5462 σοῦ
536 5404 799 5478 Χριστοῦ,
842 5404 974 5457 ποτὲ
1026 5402 1125 5473 μὲν
1175 5401 1249 5463 ὡς
1286 5398 1382 5452 ἐπὶ
1432 5396 1528 5450 δύο
1630 5394 1845 5463 φύσεων
1880 5391 1973 5445 τὸν

381 5501 541 5570 λόγον
569 5497 901 5567 ποιούμεθα,
944 5495 1075 5548 ποτὲ
1131 5492 1188 5547 δὲ
1218 5492 1292 5554 ὠς
1341 5492 1426 5559 ἐφ’
1476 5488 1595 5552 ἐνὸς
1649 5485 1973 5557 προσώπου,

386 5594 481 5646 καὶ
508 5592 667 5645 τοῦτο
692 5589 749 5642 δὲ
783 5589 1004 5641 κάκεῖνο
1028 5587 1106 5648 είς
1135 5582 1264 5655 μίαν
1289 5580 1623 5652 ἀναφέρεται
1655 5576 1889 5630 ἔννοιαν·
1921 5575 1979 5627 αἱ

386 5687 496 5753 γὰρ
521 5684 616 5739 δύο
648 5682 839 5753 φύσεις
868 5675 950 5745 εἷς
993 5681 1109 5733 ἐστι
1146 5674 1402 5745 Χριστὸς,
1435 5673 1533 5728 καὶ
1573 5672 1602 5726 ό
1634 5666 1715 5734 είς
1742 5666 1979 5741 Χριστὸς

2060 4380 2352 4434 indicaret.
2413 4378 2530 4434 Non
2574 4383 2719 4435 enim
2764 4391 2858 4433 aut
2892 4380 3174 4447 sejunctas
3211 4377 3497 4435 actiones,
3554 4379 3645 4425 aut

2062 4481 2292 4524 naturas
2325 4470 2545 4524 divisim
2589 4470 2806 4538 operari
2852 4470 3096 4523 dicimus
3122 4508 3137 4532 ,
3174 4467 3269 4519 sed
3306 4464 3647 4531 conjunctim

2063 4568 2358 4628 utramque
2404 4574 2529 4612 cum
2588 4560 2817 4612 alterius
2868 4561 3258 4611 communione
3311 4553 3444 4607 illud
3502 4550 3648 4621 quod

2065 4666 2301 4720 quaeque
2333 4651 2618 4721 preprium
2658 4651 2822 4704 habet
2853 4666 3043 4720 agerc.
3153 4647 3344 4717 Neque
3371 4646 3518 4699 enim
3551 4644 3648 4697 hu-

2069 4759 2232 4797 mana
2267 4744 2591 4798 humanitus
2624 4742 2933 4805 elliriehat,
2970 4757 3094 4794 eum
3129 4755 3306 4809 purus
3342 4739 3506 4791 homo
3543 4750 3650 4791 non

2069 4842 2259 4899 esset;
2315 4851 2416 4890 nec
2451 4849 2645 4889 rursus
2679 4836 2864 4889 divina
2898 4833 3086 4887 divino
3132 4832 3404 4885 duntaxat
3455 4828 3653 4893 modo,

2071 4926 2523 4998 quandoquidem
2556 4944 2664 4981 non
2699 4930 2877 4982 solum
2910 4924 3057 4979 Deus
3089 4932 3207 4977 erat
3229 4962 3243 4985 ,
3280 4923 3371 4977 sed
3396 4920 3549 4975 'Deus
3582 4924 3655 4975 si-

2073 5020 2187 5074 mul
2219 5027 2274 5074 et
2322 5019 2505 5073 homo.
2536 5017 2673 5071 Nam
2720 5019 2797 5071 uti
2836 5024 3161 5070 naturarum
3205 5024 3319 5069 tum
3361 5015 3658 5077 unionem,

2076 5119 2190 5165 tum
2232 5111 2535 5165 naturalem
2574 5109 2989 5164 distinctionem
3027 5107 3333 5173 habemus,
3380 5108 3453 5162 ita
3494 5107 3660 5160 etiam

2078 5206 2413 5259 naturalium
2445 5204 2794 5257 voluntatum
2828 5212 2882 5256 et
2916 5202 3318 5271 operationum.

2153 5297 2433 5349 Aelianum
2461 5293 2661 5349 Christi
2689 5295 2897 5348 alterna
2926 5291 3357 5348 communicatio.
3389 5319 3454 5332 —
3475 5288 3663 5358 itaque

2082 5390 2370 5444 sciendum
2401 5399 2485 5443 εει
2507 5427 2523 5451 ,
2557 5387 2878 5442 ἱιιῡοηιὶιιο
2915 5395 3109 5441 nostro
3143 5384 3270 5440 Jcsu
3308 5381 3535 5436 Christo
3567 5396 3666 5437 nos

2082 5470 2359 5536 interdum
2386 5520 2401 5544 ,
2445 5488 2710 5550 tanquam
2753 5479 2820 5534 de
2850 5478 3065 5532 duabus
3104 5476 3322 5530 naturis
3352 5488 3667 5527 sermonem

2081 5572 2325 5635 habere,
2366 5558 2647 5626 interdum
2684 5581 2946 5638 tanquam
2983 5567 3051 5621 de
3099 5583 3207 5620 una
3259 5581 3537 5636 persona:
3588 5570 3667 5615 at-

2084 5679 2191 5734 que
2220 5664 2329 5718 hoc
2354 5669 2409 5720 et
2436 5662 2575 5718 illud
2604 5661 2672 5715 ad
2700 5659 2957 5715 eumdem
2992 5672 3215 5713 sensum
3246 5656 3503 5710 refertur.
3534 5651 3670 5706 Nam
