4082 6438
469 282 609 349 1159

1745 278 2125 344 ΕΠΤΠΣΜΙΙ
2171 278 2561 343 ZiGABENL

3609 279 3749 344 1160

462 436 513 482 et
547 427 670 483 dum
703 435 918 482 natura:
945 443 1090 484 unus
1123 425 1384 482 Christus
1419 433 1544 493 est;
1587 434 1640 481 et
1692 442 1836 482 unus
1880 426 2045 482 Chri~

2159 439 2240 493 5ύο
2274 437 2467 507 φύσεις
2489 434 2637 488 ἐστί·
2671 433 2869 487 ταύτὸν
2916 427 3008 488 οῦν
3038 432 3185 486 ἐστιν
3227 434 3405 486 εἰπεῖν
3430 450 3442 463 ’
3476 433 3751 503 ἐνεργεῖὸ

463 528 619 583 stus,
655 521 778 576 duae
829 529 1059 575 naturae.
1112 519 1304 588 itaque
1352 519 1580 574 dicere:
1618 519 1743 589 A—git
1793 519 2049 575 Christus

464 613 770 667 secundum
826 621 1121 680 utramque
1177 618 1470 677 naturam;
1526 610 1757 681 perinde
1810 620 1931 676 est,
1985 626 2050 665 ac

464 717 589 756 cum
643 702 888 756 dicimus
925 719 939 755 :
974 702 1099 769 Agit
1160 710 1397 771 utraque
1450 709 1651 756 natura
1720 701 1773 755 in
1825 700 2052 756 Christo

464 807 591 845 cum
633 792 865 847 alterius
908 793 1320 847 communione.
1368 792 1554 859 Quare
1596 792 1787 847 divina
1826 791 2051 863 quidem

465 890 663 937 natura
693 898 759 937 eo
792 883 1016 937 nomine
1050 899 1176 936 cum
1222 899 1391 939 carne
1432 892 1698 953 operante
1742 884 2053 938 communi-

464 981 552 1026 cat
573 1011 589 1039 ,
621 973 767 1042 quod
799 990 932 1029 caro
961 975 1165 1030 divina:
1191 977 1495 1031 voluntatis
1529 977 1897 1046 beneplacito,
1932 990 2053 1047 qua:

465 1064 569 1136 ipsi
614 1066 840 1136 pmpria
881 1075 1050 1131 sunt,
1083 1068 1194 1138 pati
1230 1079 1280 1123 et
1316 1083 1482 1138 agere
1522 1068 1761 1134 sinatur,
1797 1069 2054 1139 quodque

463 1158 651 1214 carnis
682 1160 830 1213 actio
858 1175 1091 1228 prorsus
1124 1160 1415 1215 salutifera
1459 1160 1577 1224 sit;
1634 1160 1685 1213 id
1742 1163 1888 1230 quod
1944 1175 2051 1215 non

464 1252 760 1315 humanas,
803 1252 898 1306 sed
934 1252 1131 1306 divinae
1163 1253 1354 1323 potius
1391 1253 1637 1307 actionis
1670 1260 1775 1306 cst.
1820 1253 1888 1304 At
1921 1267 2054 1305 caro

462 1344 715 1400 vicissim
744 1360 871 1400 cum
907 1353 1175 1415 operante
1201 1344 1370 1399 Verhi
1407 1345 1703 1399 divinitate
1741 1344 2054 1397 communi-

463 1434 632 1487 cabat
654 1473 668 1497 ,
701 1442 815 1487 tum
850 1436 981 1503 quia
1016 1450 1114 1504 per
1145 1449 1354 1505 corpus
1384 1435 1557 1489 veluti
1586 1450 1681 1503 per
1717 1435 2057 1488 instrumen-

465 1531 582 1577 tum
617 1523 935 1593 quoddam,
995 1524 1214 1578 divinas
1263 1525 1512 1578 actiones
1570 1524 1885 1590 eliiciebat;
1939 1535 2053 1579 tum

466 1615 600 1683 quia
631 1631 778 1672 unus
809 1615 1067 1686 idemque
1096 1626 1254 1681 erat,
1288 1619 1384 1687 qui
1430 1626 1484 1671 et
1516 1617 1705 1671 divino
1750 1618 1953 1682 simul,
2000 1625 2055 1671 et

468 1705 715 1763 humano
748 1708 913 1763 modo
945 1709 1304 1778 operabatur.

540 1796 699 1853 Mens
719 1800 974 1861 humana,
1003 1812 1059 1853 ut
1089 1800 1256 1855 Verbo
1280 1804 1653 1859 communicet.
1677 1836 1745 1846 —
1769 1802 1927 1859 Scire
1959 1820 2055 1859 au-

468 1899 578 1941 tem
611 1888 846 1953 attinet,
882 1900 1136 1944 sanctam
1168 1905 1390 1961 quoque
1422 1892 1597 1962 ipsius
1818 1907 2052 1953 mentem

469 1980 760 2034 naturales
790 1995 920 2034 suas
951 1980 1205 2035 actiones
1255 1984 1507 2055 exsequi.
1554 1984 1691 2040 Nam
1743 1995 1798 2041 et
1851 2002 1910 2042 se
1962 1986 2061 2042 Dei

469 2080 711 2126 mentem
746 2086 911 2139 esse,
953 2080 1124 2143 atque
1165 2073 1236 2129 ab
1285 2076 1545 2130 omnibus
1601 2078 1768 2134 rebus
1818 2080 2057 2137 conditis

469 2160 697 2215 adorari
724 2164 938 2232 cogitat
961 2172 1015 2219 et
1037 2167 1322 2236 agnoscit,
1350 2182 1413 2221 ac
1440 2183 1634 2223 eorum
1669 2185 1791 2239 quae
1819 2172 1873 2225 in
1911 2181 2056 2227 terra

472 2253 644 2322 gessit
678 2264 739 2308 et.
775 2257 1037 2326 pertulit,
1073 2260 1420 2315 recordatur.
1454 2260 1727 2316 Caeterum
1759 2279 1885 2318 cum
1922 2280 2057 2337 ope-

473 2355 631 2401 rante
666 2346 829 2402 Verbi
864 2348 1105 2414 deitate,
1143 2366 1254 2422 qua
1294 2360 1513 2406 cuncta
1543 2365 1812 2423 reguntur
1852 2364 1905 2410 et
1957 2373 2060 2427 gu-

472 2435 808 2501 bernantur,
858 2442 1273 2504 communicat,
1328 2443 1516 2497 omnia
1570 2445 1925 2515 intelligens,
1962 2461 2060 2501 co-

472 2538 787 2595 gnoscens,
841 2534 899 2581 et
952 2528 1395 2597 administrans,
1447 2548 1558 2587 non
1616 2542 1675 2588 ut
1727 2536 1961 2605 simplex
2008 2544 2062 2591 et

472 2612 622 2668 nuda
639 2629 796 2671 mens
833 2616 1094 2682 hominis,
1124 2619 1221 2674 sed
1253 2629 1313 2674 ut
1342 2637 1465 2692 quae
1498 2621 1608 2677 Deo
1641 2625 1944 2679 secundum
1965 2626 2061 2698 hy-

475 2706 751 2775 postasim
783 2709 938 2763 unita
968 2711 1064 2777 sit,
1099 2710 1308 2780 Deique
1338 2729 1495 2769 mens
1526 2716 1776 2770 exsistat.

550 2796 884 2853 Theandrica
910 2799 1109 2854 Christi
1132 2802 1297 2856 actio.
1316 2803 1545 2857 --Nihil
1576 2806 1742 2875 igitur
1767 2807 1911 2860 aliud
1938 2806 2062 2863 the-

476 2889 710 2945 andrica
742 2893 891 2948 actio
921 2893 1208 2961 declarat,
1239 2912 1405 2966 quam
1437 2897 1584 2968 quod
1613 2898 1723 2953 Deo
1751 2898 1898 2954 laeto
1920 2901 2061 2966 viro,

478 2981 586 3035 hoc
621 2990 744 3046 est,
780 2983 1073 3040 incarnato
1096 3024 1111 3047 ,
1145 2987 1387 3043 humana
1420 3004 1653 3059 quaaque
1696 2991 1872 3060 ipsius
1915 2996 2063 3049 actio

2149 530 2385 602 Χριστὸς
2448 527 2572 581 καθ’
2638 526 2908 597 ἑκατέραν
2966 527 3079 580 τῶν
3132 526 3299 581 αὐτοῦ
3359 526 3592 595 φύσεων,
3652 524 3751 577 καὶ

2150 623 2365 693 ἐνεργεῖ
2397 619 2635 690 ἑκατέρα
2676 618 2839 688 φύσις
2870 620 2926 672 ἐν
2960 617 3037 689 τῷ
3084 617 3311 687 Χριστῷ
3355 617 3493 684 μετὰ
3521 619 3619 686 τῆς
3648 618 3750 669 θα-

2149 714 2312 785 τέρου
2341 711 2648 772 κοινωνίας.
2718 711 2987 763 Κοινωνεῖ
3033 708 3215 763 τοίνυν
3246 710 3278 776 ἡ
3316 709 3412 778 μὲν
3436 708 3554 759 Οεία
3584 706 3749 775 φύσις

2152 808 2217 877 τῇ
2250 803 2414 875 σαρκὶ
2444 801 2746 874 ἐνεργούσῃ
2775 801 2865 855 διὰ
2904 800 2966 854 τδ
2994 800 3215 871 εὐδοκία
3249 803 3346 869 τῆς
3400 799 3549 861 Θείας
3581 800 3750 867 θελή-

2154 912 2291 957 σεως
2324 890 2773 964 παραχωρεῖσθαι
2802 890 3034 960 πάσχειν
3070 889 3164 942 καὶ
3199 891 3463 960 πράττειν
3489 890 3559 943 τὰ
3605 888 3751 953 ἴδια,

2154 986 2249 1042 καλ
2275 985 2363 1038 διὰ
2391 985 2453 1037 τὸ
2478 985 2576 1054 τὴν
2604 983 2889 1054 ἐνέργειαν
2922 982 3019 1052 τῆς
3057 970 3263 1053 σαρκὸς
3304 981 3523 1044 πάντως
3605 977 3751 1034 εἶναι

2156 1078 2454 1146 σωτήριον·
2490 1075 2627 1144 ὅπερ
2657 1074 2717 1125 οὐ
2749 1074 2851 1142 τῆς
2874 1071 3225 1143 ἀνθρωπίνης
3256 1071 3541 1143 ἐνεργείας
3569 1073 3747 1139 ἐστὶν,

2155 1166 2293 1218 ἀλλὰ
2321 1167 2421 1235 τῆς
2462 1164 2634 1226 θείας.
2678 1163 2744 1216 Ἦ
2793 1162 2851 1215 δέ
2908 1162 3047 1233 σὰρξ
3071 1163 3139 1233 ’τῇ
3172 1160 3390 1232 θεότητι
3427 1162 3524 1215 τοῦ
3566 1162 3748 1231 Λόγου

2156 1255 2481 1325 ἐνεργοῦσῃ,
2504 1254 2593 1307 διά
2610 1271 2669 1306 τε
2704 1253 2765 1306 τὸ
2792 1253 2865 1316 ὡς
2897 1253 2963 1307 δι’
2986 1252 3220 1324 ὀργάνου
3249 1253 3343 1305 τοῦ
3370 1251 3622 1322 σώματος
3648 1254 3753 1317 τὰς

2156 1350 2303 1411 Θείας
2362 1346 2702 1399 ἐκτελεῖσθαι
2768 1346 3075 1417 ἐνεργείας,
3135 1346 3230 1397 καὶ
3286 1344 3373 1397 διὰ
3422 1346 3482 1397 τὸ
3527 1344 3626 1397 ’ἐνα
3664 1342 3751 1399 εἷ·-

2157 1460 2245 1495 ναι
2300 1441 2393 1495 τὸν
2453 1437 2787 1511 ἐνεργοῦντα
2843 1437 3041 1502 Οεῐκῶς
3084 1455 3147 1492 τε
3197 1436 3338 1507 ἅμα,
3384 1436 3480 1489 καὶ
3530 1437 3752 1507 ἀνθρω-

2159 1549 2352 1596 πινως.

2232 1797 2447 1853 Είδέναι
2489 1795 2547 1849 δέ
2604 1793 2713 1865 χρὴ
2932 1793 3007 1856 ὡς
3048 1794 3077 1847 ὁ
3112 1791 3268 1861 ἅγιος
3305 1791 3472 1845 αὐτοῦ
3497 1791 3621 1855 νοῦς
3654 1791 3758 1845 καὶ

2157 1895 2256 1957 τὰς
2290 1889 2527 1961 φυσικὰς
2576 1886 2741 1941 αὐτοῦ
2785 1886 3005 1958 ἐνεργεῖ
3064 1885 3369 1955 ἐνεργείας,
3399 1884 3536 1938 νοῶν
3565 1902 3623 1937 τε
3655 1886 3754 1938 καὶ

2157 1984 2443 2053 γινώσκων
2477 1979 2698 2034 ὃτιέστι
2728 1977 2865 2031 Θεοῦ
2932 1975 3079 2042 νοῦς,
3137 1977 3233 2030 καὶ
3278 1978 3360 2031 ὅτι
3421 1977 3524 2031 ὑπὸ
3568 1978 3756 2048 πάσης

2159 2078 2553 2150 προσκυνεῖται
2590 2073 2693 2143 τῆς
2725 2072 2981 2135 κτίσεως,
3009 2072 3106 2123 καὶ
3134 2070 3488 2141 μεμνημένος
3527 2071 3635 2123 τῶν
3658 2070 3756 2123 ἐπὶ⁵

2157 2170 2258 2241 τῆς
2286 2170 2390 2238 γῆς
2413 2164 2580 2219 αὑτοῦ
2606 2163 2903 2235 διατριϐῶν
2936 2179 2996 2215 τε
3038 2164 3136 2215 καὶ
3178 2161 3391 2227 παθῶν,
3429 2166 3681 2216 κοινωνεῖ
3698 2163 3757 2217 δὲ

2160 2260 2462 2333 ἐνεργούσῃ
2493 2260 2558 2329 τῇ
2609 2256 2707 2311 τοῦ
2759 2256 2934 2325 Λόγου
2963 2254 3200 2326 θεότητι,
3245 2257 3341 2309 καὶ
3364 2254 3628 2329 διεπούσῃ
3658 2256 3756 2310 καὶ

2160 2350 2485 2423 κυϐερνὼσῃ
2502 2350 2561 2402 τὸ
2599 2350 2729 2414 πᾶν,
2768 2348 2927 2414 νοῶν,
2963 2347 3057 2401 καὶ
3081 2345 3392 2416 γινώσκων,
3413 2346 3507 2401 καὶ
3528 2348 3754 2411 διέπων,

2161 2447 2260 2516 οὐχ
2299 2444 2376 2507 ὡς
2441 2441 2597 2513 ψιλὸς
2644 2440 2938 2511 ἀνθρώπου
2998 2439 3144 2503 νοῦς,
3196 2439 3313 2494 ἀλλ’
3364 2439 3439 2503 ὡς
3472 2439 3591 2508 Θεῷ
3629 2439 3755 2493 καθ’

2164 2539 2467 2592 ὑπόστασιν
2503 2536 2803 2607 ἡνωμένος,
2836 2532 2931 2586 καὶ
2949 2531 3085 2585 Θεοῦ
3114 2531 3238 2595 νοῦς
3256 2531 3625 2603 χρηματίσας.

2236 2800 2410 2856 Τοῦτο
2432 2795 2523 2855 οῦν
2557 2800 2708 2870 δηλοῖ
2736 2800 2769 2870 ἡ
2806 2798 3098 2869 θεανδρικὴ
3134 2798 3405 2868 ἐνέργεια,
3438 2801 3516 2854 ὅτι
3543 2799 3756 2872 ἀνδρω-

2166 2892 2351 2954 θέντος
2383 2891 2544 2954 Θεοῦ,
2575 2890 2745 2960 ἧγουν
2780 2888 3324 2959 ἐνανθρωπήσαντος,
3348 2891 3443 2943 καὶ
3470 2893 3503 2961 ἡ
3542 2892 3755 2960 ἀνθρω-

2169 2984 2296 3055 πίνη
2322 2982 2489 3036 αῦτοῦ
2517 2982 2767 3053 ἐνέργεια
2792 2980 2912 3033 Θεία
2938 2977 3028 3049 ἧν,
3076 2981 3246 3050 ἧγουν
3289 2982 3625 3052 τεθεωμένη,
3657 2983 3756 3034 καὶ

474 3073 661 3128 divina
694 3083 846 3142 erat,
877 3077 998 3133 sive
1027 3077 1284 3134 deiﬁcata
1307 3119 1323 3143 ,
1362 3096 1466 3135 nec
1489 3081 1691 3136 divina:
1723 3081 1901 3151 ipsius
1930 3098 2055 3152 ope-

2168 3077 2267 3129 οῦκ
2291 3074 2519 3146 ἄμοιρος
2550 3074 2648 3143 τῆς
2677 3072 2827 3136 θείας
2870 3072 3037 3125 αὑτοῦ
3096 3072 3402 3143 ἐνεργείας,
3444 3078 3538 3127 καὶ
3571 3076 3602 3144 ἡ
3632 3073 3756 3127 θεία

473 3166 708 3221 rationis
758 3183 1002 3237 expers:
1056 3185 1396 3242 rursumque
1448 3172 1635 3228 divina
1690 3173 1871 3243 ipsius
1920 3177 2055 3232 actio

2167 3166 2336 3223 αὑτοῦ
2365 3166 2617 3238 ἐνέργεια
2679 3165 2779 3219 οὐκ
2809 3165 3039 3235 ἄμοιρος
3072 3165 3173 3234 τῆς
3204 3164 3555 3236 ἀνθρωπίνης
3584 3165 3753 3218 αὑτοῦ

476 3255 732 3312 humanae
767 3259 945 3328 ipsius
983 3261 1225 3317 actionis
1260 3277 1459 3319 exsors
1499 3279 1609 3318 non
1649 3275 1812 3332 erat;
1863 3281 2056 3320 verum

474 3358 714 3418 utraque
772 3366 880 3405 una
935 3365 1063 3407 cum
1116 3353 1289 3411 altera
1342 3352 1829 3409 considerabatur.
1882 3352 2060 3410 Porro

471 3442 668 3497 modus
708 3439 801 3494 hic
849 3437 1110 3508 loquendi
1168 3435 1503 3506 περίφρασις
1564 3434 1787 3498 dicitur,
1835 3430 2059 3503 quando

470 3532 724 3603 quisduo
785 3529 1031 3600 quaedam
1119 3543 1226 3583 una
1303 3527 1545 3582 dictione
1632 3523 2045 3592 complectitur.

469 3620 942 3693 Quemadmodum
982 3621 1131 3677 enim
1184 3619 1359 3691 igniti]
1390 3617 1552 3689 gladii
1607 3616 1835 3672 incisam
1888 3629 2054 3670 unam

470 3718 766 3781 ustionem,
813 3724 978 3786 atque
1035 3714 1270 3769 inuStam
1325 3714 1628 3767 sectionem
1676 3709 1937 3773 dicimus,
1999 3715 2057 3763 et

472 3818 663 3867 tamen
688 3808 986 3864 sectionem
1023 3805 1337 3861 distinctam
1370 3802 1438 3859 ab
1464 3801 1682 3858 ustione
1753 3814 1895 3863 esse,
1922 3813 2056 3853 nec-

470 3917 581 3956 non
612 3900 754 3955 alius
782 3898 1033 3968 aliusque
1061 3905 1273 3951 natura:
1299 3895 1637 3961 asserimus;
1677 3893 1817 3963 ignis
1852 3906 2053 3960 nempe

471 3993 768 4057 ustionem,
808 4006 873 4045 ac
908 3990 1033 4045 l'erri
1065 3989 1360 4044 sectionem
1397 4004 1411 4041 :
1442 3988 1506 4041 ad
1535 3996 1791 4040 eumdem
1825 3984 2050 4040 modum

472 4082 849 4139 theandricam
872 4097 1033 4135 unam
1066 4078 1270 4135 Christi
1298 4079 1567 4133 actionem
1596 4077 1842 4131 dicentes
1865 4114 1881 4140 ,
1920 4076 2055 4132 duas

471 4175 756 4229 ambarum
796 4173 969 4243 ipsius
997 4183 1323 4226 naturarum
1378 4170 1626 4224 actiones
1658 4167 2051 4237 intelligimus;

470 4263 776 4318 divinitatis
829 4262 1088 4316 videlicet
1142 4261 1313 4328 ipsius
1376 4258 1639 4325 divinam,
1696 4257 2056 4314 humanitatis

469 4364 655 4415 autem
696 4354 993 4433 humanam
1026 4351 1319 4407 actionem.

472 4557 611 4620 Item
644 4557 893 4615 adversus
924 4556 1331 4682 Monotltflezas.
1393 4553 1478 4612 Ex
1509 4554 1632 4611 aliis
1696 4556 1919 4613 diversis
1954 4556 2059 4613 Pa-

1178 4646 1220 4682 Π
1261 4644 1345 4682 us.
1730 4648 1733 4649 ⁷

1178 4644 1345 4685 rwus.
1730 4648 1733 4649 ⁷

542 4816 811 4885 Quoniam
853 4832 973 4886 quae
992 4826 1116 4871 sunt
1154 4814 1360 4871 Christi
1394 4807 1625 4880 naturae,
1694 4819 1831 4872 duas
1894 4815 2060 4875 etiam

469 4910 645 4980 ipsius
676 4913 953 4967 naturales
984 4909 1316 4974 voluntates,
1339 4918 1391 4963 et
1416 4910 1552 4963 duas
1630 4908 1913 4964 naturales
1961 4923 2057 4965 ac-

473 5003 648 5055 tiones
676 5000 936 5065 dicimus;
973 5015 1207 5071 utraque
1248 5004 1391 5056 enim
1432 5002 1599 5071 ipsius
1632 5010 1825 5055 natura
1858 5008 1916 5055 et
1938 5000 2058 5055 vult

466 5103 525 5148 et
565 5093 695 5162 agit.
729 5092 884 5156 Quod
909 5092 1052 5146 enim
1088 5094 1301 5147 ratione
1333 5095 1621 5163 praeditum
1666 5102 1774 5158 est,
1809 5093 1859 5146 id
1925 5092 2061 5148 liba-

472 5201 594 5241 ram
626 5184 789 5239 habet
823 5183 1034 5239 volendi
1090 5186 1394 5254 agendique
1455 5184 1794 5240 facultatem.
1856 5184 2054 5240 Verum

472 5277 735 5347 quoniam
811 5290 916 5329 una
953 5284 1034 5329 est
1060 5282 1374 5329 naturarum
1424 5274 1541 5343 ejus
1572 5291 1829 5346 persona,
1887 5293 2051 5331 unum

472 5372 636 5427 etiam
669 5372 844 5442 ipsum
875 5382 993 5423 esse
1013 5367 1270 5430 dicimus,
1297 5367 1389 5437 qui
1436 5384 1503 5423 ex
1564 5380 1797 5437 utraque
1859 5379 2051 5421 natura

470 5471 526 5515 et
568 5463 681 5516 vult
713 5472 767 5515 et
793 5460 905 5532 agit
936 5459 1280 5514 naturaliter.
1332 5460 1411 5513 Ac
1467 5459 1923 5527 quemadmodum
1985 5475 2049 5514 ex

472 5553 662 5607 eadem
695 5553 814 5607 ﬁdei
884 5552 1095 5607 ratione
1122 5567 1280 5605 unam
1326 5560 1381 5606 et
1427 5550 1674 5606 eamdem
1744 5551 1795 5605 in
1867 5563 2054 5607 sancta

473 5642 743 5700 Trinitate
793 5655 906 5700 tum
968 5646 1289 5709 voluntatis,
1336 5656 1447 5699 tum
1502 5643 1734 5698 actionis
1788 5647 2054 5700 rationein

481 5732 716 5792 dicimus
751 5754 766 5794 :
800 5738 878 5795 sic
904 5746 957 5795 et
992 5738 1047 5795 in
1075 5738 1258 5796 divina
1294 5736 1655 5795 humanitatis
1680 5739 2055 5808 assumptione

2167 3260 2472 3328 ἐνεργείας,
2505 3258 2624 3313 ἀλλ’
2649 3257 2889 3328 ἑκατέρα
2933 3257 3033 3310 σὺν
3080 3260 3146 3328 τῇ
3181 3258 3348 3330 ἑτέρᾳ
3375 3257 3748 3329 θεωρουμένη.

2165 3352 2405 3421 Λέγεται
2437 3353 2495 3407 δὲ
2525 3355 2553 3407 ὁ
2580 3351 2783 3423 τρόπος
2811 3345 2964 3414 οὗτος
2998 3350 3355 3423 περίφρασις,
3385 3351 3516 3405 ὅταν
3546 3368 3631 3414 τις
3656 3348 3753 3402 δύο

2155 3450 2285 3505 τινὰ
2320 3450 2412 3506 διὰ
2445 3450 2579 3521 μιᾶς
2637 3451 2911 3522 περιλάϐῃ
2940 3458 3165 3517 λέξεως,
3215 3451 3431 3521 Ὠσπερ
3475 3452 3571 3505 καλ⁸
3615 3452 3749 3520 μίαν

2157 3542 2259 3615 τὴν
2288 3544 2647 3615 τετμημένην
2696 3542 2895 3597 καῦσιν
2936 3545 3194 3613 λέγομεν,
3220 3545 3314 3597 καὶ
3343 3542 3444 3614 τὴν
3474 3542 3753 3614 κεκαυμέ-

2159 3653 2259 3706 νην
2306 3636 2501 3708 τομὴν.
2534 3636 2634 3703 τῆς
2672 3637 3201 3706 πεπυρακτωμὲνης
3228 3636 3533 3706 μαχαίρας,
3578 3636 3750 3706 ἄλλην

2156 3727 2215 3783 δὲ
2242 3728 2531 3798 ἐνέργειάν
2552 3745 2733 3797 φαμεν
2749 3728 2847 3799 τὴν
2869 3728 3063 3799 τομὴν,
3085 3729 3180 3781 καὶ
3199 3728 3371 3798 ἄλλην
3394 3726 3495 3799 τὴν
3517 3727 3743 3791 καῦσιν,

2164 3821 2259 3875 καὶ
2287 3821 2459 3892 ἄλλης
2507 3821 2601 3874 καὶ
2639 3821 2809 3892 ἄλλης
2843 3822 3085 3890 φύσεως,
3133 3820 3230 3875 τοῦ
3262 3822 3363 3890 μὲν
3417 3819 3590 3891 πυρῦς
3646 3823 3751 3889 τὴν

2162 3910 2387 3977 καῦσιν,
2425 3911 2518 3965 τοῦ
2578 3912 2635 3965 δέ
2666 3913 2894 3984 σιδήρου
2943 3912 3043 3983 τὴν
3071 3912 3268 3982 τομὴν,
3317 3911 3463 3966 οὕτω
3494 3912 3589 3966 καὶ
3618 3912 3752 3981 μίαν

2161 4002 2256 4057 τοῦ
2279 4004 2519 4072 Χριστοῦ
2539 4004 2867 4075 θεανδρικὴν
2892 4006 3183 4075 ἐνέργειαν
3213 4004 3490 4073 λέγοντες,
3526 4004 3622 4059 δὺο
3647 4006 3748 4068 τὰς

2164 4093 2450 4162 ἐνεργείας
2480 4093 2716 4163 νοοῦμεν
2742 4096 2853 4149 τῶν
2906 4096 3002 4149 δύο
3026 4097 3245 4166 φύσεων
3293 4097 3485 4159 αὑτοῦ,
3511 4098 3609 4164 τῆς
3645 4097 3748 4166 μὲν

2164 4182 2423 4253 θεότητος
2476 4184 2669 4246 αὑτοῦ.
2718 4186 2819 4257 τὴν
2854 4185 3027 4250 θείαν,
3067 4187 3171 4256 τῆς
3222 4188 3279 4242 δὲ
3319 4187 3750 4259 ἀνθρωπότητος

2162 4272 2352 4340 αὐτοῦ,
2388 4274 2490 4345 τὴν
2520 4274 2876 4346 ἀνθρωπίνην
2904 4276 3213 4347 ἐνέργειαν.

2169 4565 2303 4621 Ἔτι
2346 4566 2501 4621 κατὰ
2533 4566 2979 4691 Μονοθελητὶιξν
3034 4566 3253 4637 ἐτέρων
3297 4567 3576 4637 Πατέρων
3624 4568 3757 4623 δια-

2856 4656 2893 4691 cc
2934 4655 3073 4691 ρων.

2854 4655 3073 4707 scopam.

2249 4811 2403 4865 Ἐπεὶ
2436 4810 2529 4864 δύο
2559 4811 2755 4881 φύσεις
2793 4811 2888 4865 τοῦ
2924 4810 3189 4883 Χριστοῦ,
3230 4811 3520 4867 δύολαύτοῦ
3550 4814 3646 4868 καὶ
3679 4813 3746 4865 τὰ

2165 4904 2378 4971 φυσικὰ
2420 4904 2729 4975 θελήματα,
2774 4904 2870 4959 καὶ
2911 4905 3011 4966 τὰς
3045 4904 3285 4972 φυσικὰς
3320 4905 3606 4976 ἐνεργείας
3660 4905 3748 4957 λέ·-

2164 5009 2355 5063 γομεν.
2417 4994 2691 5066 Ἐκατέρα
2717 4994 3011 5065 γὰρλαῦτοῦ
3059 4996 3222 5063 φύσις
3279 4995 3541 5066 θελητική
3562 5014 3620 5049 τε
3654 4998 3751 5049 καὶ

2166 5089 2517 5157 ἐνεργητική.
2582 5088 2697 5141 Πᾶν
2728 5088 2828 5159 μὲν
2859 5089 2966 5159 γὰρ
2997 5088 3216 5156 λογικὸν
3248 5088 3624 5163 αὐτεξούσιον,
3661 5088 3751 5141 θε-

2164 5181 2388 5250 λητικόν
2416 5200 2473 5234 τε
2503 5183 2597 5234 καὶ
2624 5184 3005 5253 ἐνεργητικόν.
3048 5182 3205 5235 Ἐπεὶ
3226 5183 3283 5236 δὲ
3314 5186 3413 5254 μία
3444 5184 3551 5236 τῶν
3581 5182 3750 5236 αὑτοῦ

2165 5275 2384 5345 φύσεων
2421 5277 2453 5346 ἡ
2484 5277 2817 5342 ὑπόστασις,
2839 5277 3063 5331 ἐναςκαὶ
3108 5276 3201 5330 τὸν
3250 5276 3413 5329 αὐτόν
3451 5294 3630 5347 φαμεν
3663 5276 3751 5328 θέ-

2164 5368 2326 5424 λοντά
2371 5386 2431 5423 τε
2484 5370 2580 5424 καὶ
2640 5369 2969 5440 ἐνεργοῦντα
3028 5370 3274 5438 φυσικῶς
3320 5369 3443 5423 καθ’
3479 5370 3753 5436 ἑκατέραν

2162 5460 2272 5512 τῶν
2298 5462 2537 5529 φύσεων.
2574 5461 2789 5530 Ὠσπερ
2816 5460 2873 5513 δέ
2926 5461 3020 5514 ἐπὶ
3049 5460 3144 5531 τῆς
3175 5460 3341 5529 ἁγίας
3373 5459 3603 5531 Τριάδος
3650 5459 3751 5537 τὴν

2163 5553 2472 5623 ταυτότητι
2510 5552 2602 5606 τοῦ
2636 5570 2695 5605 τε
2731 5553 3039 5622 θελήματος
3069 5556 3163 5606 καὶ
3195 5556 3295 5625 τῆς
3348 5552 3629 5622 ἐνεργείας
3686 5552 3749 5601 ἐκ

2160 5644 2631 5716 τῆςταυτὸτητος
2686 5648 2785 5715 τῆς
2821 5644 3038 5712 φύσεως
3084 5644 3549 5713 ἐπιγινώσκομεν·
3604 5639 3751 5694 οὕτω

2162 5739 2256 5792 καὶ
2287 5738 2382 5790 ἐπὶ
2440 5740 2541 5807 τῆς
2576 5739 2725 5803 θείας
2786 5740 3260 5810 ἐνανθρωπήσεως
3330 5740 3433 5806 τὴν
3477 5735 3749 5808 διαφορ-³ιν
