4082 6392
344 330 474 394 llfil

1303 325 1688 388 PANOPLIA
1729 323 2270 389 DOG-MATICA.-
2309 322 2656 390 TIT..XXI.

3487 329 3628 393 11ῐὲ

341 444 438 498 τοῦ
468 458 528 496 τε
560 440 866 512 θελήματος
884 439 980 494 καὶ
1011 437 1111 507 τῆς
1141 439 1424 511 ἐνεργείας
1444 441 1507 492 ὲκ
1532 438 1629 510 τῆς
1660 438 1915 510 διαφορᾶς

2033 440 2335 497 voluntatis
2403 450 2460 499 et
2520 440 2754 497 actionis
2821 439 3186 498 differentiam
3224 457 3290 497 ex
3365 443 3619 499 dichrt‘tt-

336 537 448 590 τῶν
481 535 699 604 φύσεων
734 533 1096 604 γνωρίζομεν·
1124 525 1200 588 ὧν
1227 532 1337 602 γὰρ
1367 532 1399 602 ὴ
1426 532 1564 604 αὑτὴ
1588 533 1776 602 φύσις,
1807 533 1923 586 τοὺ-

338 647 447 685 των
478 627 574 683 καὶ
601 629 636 698 ἡ
674 626 812 694 αὑτὴ
851 625 1092 697 θέλησις,
1127 625 1222 678 καὶ
1251 625 1526 697 ἐνέργεια.
1587 619 1688 678 ’Ὧν
1725 625 1782 679 δὲ
1811 624 1922 678 διά-

339 736 504 792 φορος
537 721 572 789 ὴ
607 717 791 788 φύσις,
821 716 1032 772 τούτων
1069 716 1332 786 διάφορος
1383 719 1478 771 καὶ
1535 717 1785 788 θέλησις,
1825 718 1922 772 καὶ

343 812 846 881 ὲνέργεια.Φυσικὰ
873 810 953 874 δὲ,
980 809 1077 865 καὶ
1097 810 1196 880 οὑχ
1228 809 1592 876 ὑποστατικὰ,
1618 810 1738 864 οὑδὲ
1757 827 1923 880 προσ-

341 903 528 957 ωπικὰ
555 902 678 956 οὐδὲ
705 903 963 973 γνωμικά
996 920 1182 972 φαμεν
1202 904 1361 956 ταυτὶ
1385 904 1452 954 τὰ
1489 901 1770 973 θελήματα
1828 906 1924 955 καὶ

339 998 439 1060 τὰς
465 995 770 1066 ἐνεργείας.
801 994 960 1062 Λέγω
983 994 1039 1046 δὲ
1065 994 1197 1065 μίαν
1237 994 1335 1064 τὴν
1368 992 1664 1063 θελητικήν
1714 1011 1772 1046 τε
1827 996 1924 1047 καί⁹

336 1091 703 1159 ἐνεργητικὴν
723 1085 978 1157 δύναμιν,
1006 1086 1097 1140 ἐπὶ
1125 1087 1224 1155 μὲν
1247 1087 1344 1154 τῆς
1369 1086 1529 1154 ἁγίας
1559 1084 1812 1156 Τριάδος,
1837 1086 1922 1140 ἵνα

340 1182 418 1252 μὴ
466 1181 812 1252 ἑτεροθελεῖς,
831 1181 921 1232 καὶ
955 1180 1357 1249 ἑτεροενεργείς
1379 1180 1480 1242 τὰς
1509 1181 1660 1249 τρεῖς
1685 1179 1924 1234 ὑποστάς

338 1289 453 1332 σ;ι;
514 1273 691 1326 εἰπεῖν
720 1270 1183 1340 ἀναγκασθῶμεν,
1232 1271 1328 1324 επὶ
1359 1269 1418 1324 δὲ
1447 1271 1544 1342 τῆς
1581 1269 1734 1334 Θείας
1764 1270 1924 1325 ἐναν-

337 1363 678 1434 θρωπήσεως
708 1360 928 1430 διπλῆν,
960 1360 1049 1413 ἶνα
1073 1361 1150 1430 μὴ
1179 1360 1649 1430 ὲτερῶπόστατον
1670 1361 1730 1415 τὸ
1749 1363 1924 1430 πρόσ-

348 1455 547 1524 λημμα
603 1453 788 1522 λέγειν
817 1452 1082 1522 δόξωμεν,
1117 1455 1212 1505 καὶ
1248 1452 1344 1506 δύο
1389 1453 1922 1524 συνομολογήσωμεν

335 1547 668 1610 ὑποστάσεις
695 1546 754 1598 έν
779 1545 858 1615 τῷ
890 1545 970 1598 ἑνὶ
996 1545 1243 1616 Χριστῷ.
1279 1547 1352 1600 Τὸ
1383 1546 1490 1616 γὰρ
1521 1546 1886 1601 ὑποστατικὺν
1905 1588 1921 1614 ,

335 1640 369 1710 ἧ
392 1637 811 1710 προσωπικὺν.ἢ
837 1637 1108 1707 γνωμικὸν
1124 1637 1338 1709 θέλημα
1355 1639 1758 1692 ἰδιοῦποστάτου
1779 1640 1924 1692 ἐστ’-,ν

339 1732 568 1800 ἀτόμου.
599 1730 656 1783 '0
677 1730 919 1798 δὲΛόγος
951 1731 1048 1783 καὶ
1076 1730 1210 1792 Θεὸς
1243 1729 1407 1799 φύσιν
1442 1731 1542 1801 μὲν
1578 1729 1793 1784 τελείαν
1826 1733 1920 1786 ἀνα

336 1825 561 1894 θρώπου
601 1823 994 1893 προσελάϐετο,
1034 1823 1338 1887 ὑπόστασις
1395 1823 1455 1876 δὲ
1498 1823 1661 1887 αὑτὰς
1699 1824 1920 1893 ἐγένετο

332 1916 411 1987 τῷ
459 1915 879 1985 προσλήμματι.
943 1915 1213 1986 Καθάπερ
1255 1915 1313 1969 δὲ
1363 1914 1423 1968 τὸ
1473 1916 1770 1987 πρόϐλημα
1824 1915 1920 1969 καὶ

335 2011 622 2072 τεθέωται,
660 2011 756 2063 καὶ
813 2008 1116 2080 μεταϐολὴν
1144 2009 1205 2061 οὑ
1241 2009 1477 2062 πέπονθε
1511 2009 1610 2078 τῆς
1647 2009 1784 2072 ιδίας
1813 2009 1918 2076 φύ-

333 2119 496 2166 σεως·
556 2099 702 2154 οὑτω
751 2102 845 2154 καὶ
874 2101 936 2153 τὸ
969 2099 1184 2170 θέλημα
1239 2102 1331 2153 καὶ
1371 2101 1404 2171 ἡ
1435 2100 1692 2171 ἐνέργεια
1725 2099 1917 2153 τούτου

334 2194 430 2248 καὶ
469 2193 782 2261 τεθέωνται,
813 2191 908 2247 καὶ
939 2193 1046 2246 τών
1089 2192 1233 2246 ἰδίων
1274 2193 1373 2246 οὑκ
1401 2194 1703 2263 ἐξέστησαν
1747 2195 1913 2264 ὅρων.

412 2333 580 2387 Ἀλλο
623 2331 848 2402 θέλησις
896 2331 1127 2401 κυρίως,
1169 2333 1279 2384 καὶ
1338 2329 1467 2385 ἄλλο
1514 2329 1794 2402 βούλησις,
1824 2333 1918 2384 καὶ

331 2429 460 2482 ἄλλο
494 2427 740 2496 θελητδν,
774 2426 868 2479 καὶ
893 2425 1022 2480 ἄλλο
1054 2423 1367 2495 θελητικὸν,
1415 2423 1510 2475 καὶ
1552 2423 1743 2491 ἕτερον
1769 2424 1796 2474 ὁ
1825 2423 1914 2474 θέ-

332 2521 462 2573 λων.
495 2520 729 2590 Θέλησις
759 2519 859 2588 μὲν
881 2517 992 2586 γὰρ
1024 2516 1177 2588 ήτοῦ
1230 2514 1416 2578 ἁπλῶς
1451 2515 1626 2568 θέλειν
1659 2516 1915 2580 δύναμις,

331 2616 473 2683 ὅπερ
513 2610 632 2666 ἐστὶ
677 2610 895 2681 φύσεως
948 2609 1044 2662 καὶ
1108 2608 1418 2662 καθολικόν.
1462 2607 1701 2676 Θελητὺν
1743 2605 1801 2659 δὲ
1851 2610 1916 2660 τὸ

332 2710 404 2776 τῇ
437 2704 658 2775 θελήσει
710 2701 1024 2756 ὑποπίπτον
1081 2701 1337 2771 πρᾶγμα.
1395 2699 1692 2770 Θελητικον
1743 2701 1801 2752 δὲ
1859 2701 1917 2752 τὸ

331 2800 456 2867 ἕχον
499 2797 600 2866 τὴν
650 2794 943 2866 θελητικὴν
968 2792 1222 2862 δύναμιν,
1286 2788 1400 2845 οἷον
1429 2793 1456 2845 ὁ
1487 2793 1675 2855 ἁπλῶς
1699 2791 1915 2864 ἄνθρω-

332 2905 455 2948 πος.
487 2877 674 2940 Θέλων
727 2885 785 2938 δὲ
817 2887 845 2938 ὁ
871 2882 1078 2938 τοιόσδε
1110 2881 1422 2954 ἅνθρωπος,
1457 2885 1484 2934 ὁ
1517 2885 1800 2954 χρώμενος
1848 2885 1913 2952 τῇ

329 2980 510 3050 τοιᾷδε
549 2979 790 3050 θελήσει.

412 3271 480 3324 Ἠ
503 3271 744 3340 θέλησις,
765 3273 936 3342 ἤγουν
959 3273 1019 3325 τὸ
1038 3271 1278 3343 θέλημα,
1297 3271 1426 3324 ποτὲ
1459 3272 1557 3339 μὲν
1588 3270 1684 3342 τὴν
1700 3271 1918 3342 θελητι-

335 3363 435 3434 κῆν
467 3363 700 3433 δύναμιν
725 3363 902 3434 δηλοῖ,
967 3365 1064 3418 καὶ
1115 3364 1335 3433 λέγεται
1391 3364 1608 3432 θέλημα
1686 3364 1920 3431 φυσικὸν

333 3459 426 3510 καὶ
459 3457 770 3512 καθολικόν·
825 3459 957 3510 ποτὲ
1003 3457 1062 3510 δὲ
1107 3457 1169 3509 τὸ
1219 3457 1471 3527 θελητὸν,
1522 3458 1618 3510 καὶ
1668 3456 1914 3510 καλεῖται

328 3549 539 3620 θέλημα
566 3549 850 3621 γνωμικόν
871 3567 929 3603 τε
969 3551 1063 3605 καὶ
1094 3549 1282 3605 ίδικόν.

417 3688 544 3742 Ἐπὶ
577 3689 676 3759 μὲν
698 3688 808 3742 τῶν
836 3687 1141 3760 ἀνθρώπων
1175 3687 1274 3759 μία
1314 3688 1414 3758 μὲν
1452 3691 1484 3759 ἡ
1517 3688 1722 3759 φυσικὴ
1761 3687 1914 3758 θέλη-

333 3796 442 3844 σις,
475 3781 612 3834 διότι
674 3783 770 3835 καὶ
799 3781 901 3852 μία
938 3782 1146 3835 τούτων
1191 3786 1223 3851 ἠ
1258 3781 1440 3851 φύσις·
1491 3780 1684 3834 πολλαὶ
1729 3781 1786 3833 δὲ
1822 3782 1916 3834 καὶ

329 3874 574 3944 διάφοροι
603 3875 658 3928 αἱ
683 3877 982 3944 γνωμικαὶ,
1014 3875 1197 3928 show
1231 3874 1614 3928 ὑποστατικαί·
1650 3874 1786 3929 διότι
1819 3875 1915 3927 καὶ

332 3965 528 4022 πολλαὶ
585 3967 679 4021 καὶ
728 3968 978 4038 διάφοροι
1010 3968 1216 4021 τούτων
1245 3969 1301 4021 αἱ
1357 3968 1684 4031 ὑποστάσεις
1732 3967 1825 4022 καὶ
1854 3969 1910 4022 αἱ

334 4059 572 4130 γνῶμαιο
611 4060 704 4112 ἐπὶ
727 4059 784 4114 δὲ
814 4059 910 4114 τοῦ
940 4061 1201 4131 Χριστοῦ,
1222 4061 1412 4133 ἐπειδὴ
1450 4062 1552 4130 μὲν
1577 4062 1824 4132 διάφοροι
1854 4063 1911 4116 αἱ

333 4155 528 4226 φύσεις
580 4157 678 4224 τῆς
716 4173 774 4210 τε
811 4155 1068 4226 θεότητος
1113 4156 1279 4210 αὑτοῦ
1323 4159 1415 4211 καὶ
1469 4158 1911 4230 ἀνθρωπότητοτ,

333 4246 582 4317 διάφοροι
616 4248 710 4300 καὶ
739 4248 794 4301 αἱ
844 4248 1073 4316 φυσικαὶ
1096 4246 1351 4317 θελήσεις
1391 4248 1594 4300 αὐτῶνθ
1633 4247 1825 4318 ἐπειδὴ
1857 4247 1914 4300 δὲ

341 4341 441 4406 μία
474 4341 681 4393 τούτων
713 4340 746 4410 ἡ
783 4340 1105 4403 ὑπόστασις
1141 4339 1236 4393 καὶ
1259 4333 1340 4402 εἷς
1366 4341 1394 4392 ό
1424 4338 1617 4404 θέλων,
1644 4339 1701 4393 ἓν
1726 4341 1823 4392 καὶ
1855 4339 1916 4392 τὸ

333 4432 546 4503 θέλημα
573 4432 802 4496 τούτων,
864 4432 961 4489 ἅτε
995 4432 1087 4487 τοῦ
1131 4431 1441 4502 κρείττονος
1498 4433 1911 4502 ὲκνικήσαντος,

2036 534 2108 588 tia
2139 534 2448 606 colligimus
2479 544 2819 591 naturarum.
2853 533 3098 601 Quorum
3141 537 3287 590 enim
3359 553 3466 590 ttna
3527 546 3614 592 est

2034 637 2251 694 natura,
2297 641 2485 683 eorum
2525 642 2630 682 una
2667 637 2753 682 est
2807 637 2863 682 et
2922 627 3176 682 voluntas
3232 637 3284 682 et
3342 627 3487 683 actio
3521 640 3618 694 ;et

2033 733 2262 786 quorum
2300 729 2385 775 est
2421 726 2616 775 natura
2644 719 2886 785 diversa,
2915 734 3104 775 eorum
3143 731 3199 774 et
3248 719 3507 774 voluntas
3558 732 3616 772 et

2032 810 2175 865 actio
2206 809 2420 865 diversa
2457 821 2563 865 est.
2621 807 2946 866 Voluntates
2995 822 3175 864 autem
3244 820 3298 865 et
3366 810 3613 866 actiones

2037 918 2142 958 non
2171 905 2238 958 ad
2274 905 2642 974 hypostasim,
2675 915 2772 959 aut
2803 919 3114 971 personam,
3177 920 3472 961 sensumve
3529 920 3613 960 re-

2034 995 2282 1052 ferimus.
2309 996 2484 1052 Unam
2517 1013 2643 1054 vero
2671 997 2723 1053 in
2754 1009 2946 1054 sancta
2979 997 3249 1054 Trinitate
3272 999 3615 1054 voluntatem

2029 1093 2083 1136 et
2119 1083 2390 1138 actionem
2430 1083 2572 1149 dico,
2621 1100 2690 1139 ne
2720 1099 2982 1152 cogamur
3022 1085 3202 1139 dicere
3227 1092 3336 1138 tres
3361 1098 3621 1170 personas

2032 1173 2249 1229 diversa
2287 1174 2423 1230 velle
2473 1185 2635 1244 atque
2660 1190 2850 1247 agere;
2887 1176 3156 1246 duplicem
3188 1186 3368 1231 autem
3395 1176 3449 1232 in
3485 1177 3624 1230 divi-

2031 1281 2099 1319 na
2133 1265 2486 1342 humanitatis
2539 1268 2934 1338 assumptione,
2996 1283 3064 1325 ne
3122 1271 3368 1326 diversas
3403 1269 3458 1324 in
3511 1286 3619 1322 υερυ

2031 1355 2254 1412 Christo
2278 1358 2598 1427 hypostases
2638 1367 2693 1413 et
2734 1373 2999 1425 personas
3039 1363 3176 1417 duas
3233 1365 3615 1418 eontiteamur.

2036 1445 2298 1502 Voluntas
2322 1449 2491 1511 enim,
2521 1465 2641 1518 qua:
2685 1450 2753 1504 ad
2803 1451 3165 1521 hypostasim,
3223 1463 3277 1508 et
3325 1470 3619 1524 personam.

2034 1553 2365 1608 sensumque
2392 1541 2646 1607 refertur,
2676 1545 2898 1613 propria
2941 1554 3026 1600 est
3079 1545 3308 1615 subjecti
3333 1548 3617 1606 individui.

2041 1628 2281 1685 Verbum
2317 1643 2501 1686 autem
2531 1644 2585 1687 et
2641 1633 2789 1690 Deus
2828 1645 3074 1691 naturam
3107 1638 3330 1708 quidem
3383 1642 3622 1698 hominis

2034 1722 2333 1791 perfectam
2363 1727 2700 1797 assumpsit,
2757 1727 2858 1784 sed
2886 1730 2934 1784 ei
2967 1731 3085 1799 ipse
3123 1747 3354 1802 persona
3393 1733 3516 1790 fuit.
3546 1739 3618 1792 At

1955 1805 1999 1861 Β
2031 1817 2488 1886 quemadmodum
2516 1830 2801 1883 assumpta
2835 1822 3150 1880 humanitas
3181 1825 3260 1880 sic
3312 1829 3484 1883 evasit
3514 1830 3611 1884 di-

2032 1909 2182 1972 vina,
2217 1917 2273 1960 ut
2297 1911 2530 1978 prepriae
2550 1921 2756 1966 natura:
2786 1929 2892 1968 non
2921 1919 3157 1972 senserit
3213 1921 3567 1977 mutationem
3593 1940 3608 1976 :

2029 2004 2108 2056 sic
2150 2002 2268 2073 ejus
2297 2014 2352 2058 et
2383 2005 2633 2060 voluntas
2658 2015 2713 2062 et
2739 2009 2882 2064 actio
2908 2011 2978 2064 ita
3038 2024 3335 2070 evaserunt
3384 2016 3609 2084 divinas.

2031 2104 2140 2148 uta
2182 2097 2418 2165 propriis
2473 2099 2722 2155 terminis
2762 2117 2867 2157 non
2903 2105 3251 2165 recesserint.

2097 2323 2258 2380 Aliud
2291 2332 2374 2382 est
2399 2324 2674 2390 voluntas,
2695 2335 2750 2382 et
2804 2329 2954 2384 aliud
3008 2340 3095 2386 est
3157 2332 3503 2402 deliberatio,
3554 2348 3612 2393 et

2028 2416 2172 2470 aliud
2199 2426 2286 2471 est
2319 2432 2428 2484 res,
2470 2432 2644 2485 quam
2677 2419 2883 2490 aliquid
2928 2423 3059 2490 vult,
3083 2433 3140 2478 et
3171 2425 3244 2491 id,
3272 2430 3418 2495 quod
3470 2433 3607 2496 vult,

2027 2519 2082 2564 et
2113 2509 2158 2562 is
2185 2509 2437 2577 quivult.
2500 2511 2764 2566 Voluntas
2802 2515 2946 2568 enim
2991 2515 3310 2585 sitnplieiter
3363 2530 3446 2575 est
3511 2538 3608 2577 vo-

2027 2601 2168 2657 lendi
2210 2603 2312 2670 vis,
2348 2618 2467 2673 quae
2492 2615 2700 2660 naturae
2720 2616 2802 2661 est
2849 2619 2901 2662 et
2924 2611 3250 2665 communis.
3277 2605 3606 2668 Deltberutio

2027 2705 2207 2747 autem
2243 2705 2328 2749 est
2363 2697 2483 2752 talis
2540 2705 2594 2751 et
2626 2698 2752 2752 talis
2780 2699 3064 2767 voluntas,
3087 2710 3144 2757 et
3188 2703 3255 2758 ad
3317 2720 3604 2775 personam

2029 2790 2286 2856 refertur,
2341 2800 2395 2844 et
2433 2791 2728 2860 singuiaris
2781 2802 2883 2848 est.
2920 2793 3027 2850 Res
3063 2807 3242 2852 autem
3292 2813 3454 2870 quam
3506 2801 3608 2856 ali-

2027 2881 2156 2949 qttid
2183 2885 2320 2948 vult,
2355 2890 2440 2938 est
2477 2883 2743 2939 voluntati
2772 2886 3037 2953 subjecta;
3073 2889 3127 2944 id
3166 2895 3446 2960 veroquod
3471 2897 3609 2956 vult,

2026 2985 2108 3030 est
2137 2973 2280 3043 quod
2307 2975 2471 3030 habet
2503 2975 2712 3032 volendi
2747 2977 3086 3047 facultatem,
3153 2983 3386 3054 exempli
3433 2978 3620 3056 gratia

2027 3069 2216 3122 homo.
2242 3074 2292 3123 Is
2323 3082 2510 3136 porro,
2542 3071 2634 3139 qui
2679 3071 2794 3126 vult
2836 3083 2918 3126 est
2953 3073 3151 3144 aliquis
3211 3075 3374 3132 homo
3418 3081 3616 3154 singu-j

1945 3165 1991 3227 α
2027 3156 2177 3225 laris,
2219 3159 2314 3228 qui
2345 3159 2528 3229 aliqua
2559 3161 2822 3231 singulari
2852 3165 3023 3218 utitur
3091 3167 3392 3224 voluntate.

2097 3293 2360 3350 Votuntas
2395 3271 2693 3366 aliquando
2725 3297 2994 3368 signiﬁcat
3025 3300 3237 3356 volendi
3268 3303 3607 3374 facultatem,

2024 3395 2080 3440 et.
2131 3386 2332 3441 dicitur
2378 3387 2630 3443 voluntas
2682 3389 2950 3446 naturalis
3020 3399 3074 3447 et
3106 3394 3611 3466 universalis;ali-

2022 3479 2244 3548 quando
2295 3490 2476 3533 autem
2511 3479 2586 3541 id,
2623 3481 2768 3548 quod
2803 3483 3074 3550 volumus,
3122 3494 3180 3540 et
3198 3487 3452 3547 voluntas
3474 3507 3612 3561 seu:

2023 3570 2208 3625 tentia:
2240 3581 2403 3639 atque
2460 3571 2758 3640 singularis
2787 3574 3113 3644 appellatur.

2094 3705 2212 3761 Una
2259 3705 2313 3760 in
2359 3705 2678 3764 hominibus
2730 3710 2981 3766 voluntas
3024 3721 3103 3768 est
3156 3719 3437 3786 naturalis,
3471 3737 3609 3792 quo-

2024 3799 2172 3852 niam
2205 3801 2398 3855 horum
2427 3815 2531 3854 una
2574 3802 2706 3856 item
2740 3812 2826 3859 est
2856 3815 3074 3862 natura.
3116 3809 3294 3867 Multae
3324 3824 3507 3872 autem
3542 3829 3606 3873 et

1978 3951 1987 3959 ι
2022 3891 2253 3947 diversa:
2290 3894 2594 3958 sententiae,
2626 3896 2884 3965 quoniam
2929 3899 3112 3956 multa:
3152 3916 3279 3959 sunt
3311 3907 3476 3964 etiam
3511 3925 3608 3966 va-

2019 3983 2222 4054 riatque
2257 3999 2519 4054 personat.
2547 3987 2618 4042 At
2680 3987 2732 4042 in
2789 3987 3010 4048 Christo
3043 3994 3166 4062 quia
3221 3999 3452 4055 diversa:
3508 3983 3613 4058 tta--2

2022 4088 2156 4131 turne
2190 4085 2319 4132 sunt
2344 4077 2644 4135 divinitatis
2669 4088 2723 4135 et
2760 4082 3113 4142 humanitatis
3152 4087 3344 4157 ipsius,
3373 4075 3614 4152 diversas

2019 4179 2146 4222 sunt
2205 4169 2371 4223 etiam
2432 4171 2708 4227 naturales
2759 4186 2946 4228 earum
3003 4178 3333 4238 voluntates.
3406 4182 3602 4242 Verum

2017 4257 2144 4327 quia
2177 4274 2279 4311 una
2327 4269 2409 4313 est
2437 4259 2652 4315 illarmu
2701 4275 2955 4333 persona,
2999 4276 3054 4321 et
3119 4283 3259 4325 unus
3322 4273 3414 4342 qui
3470 4271 3613 4338 vult,

2021 4366 2124 4404 una
2185 4351 2346 4405 etiam
2372 4350 2618 4408 voluntas
2647 4361 2812 4424 atque
2839 4359 3108 4414 sententia
3166 4373 3268 4426 est,
3318 4379 3441 4420 eum
3510 4365 3600 4423 illa

2019 4455 2140 4510 quae
2168 4441 2516 4510 praestantior
2545 4453 2628 4497 est
2675 4445 2861 4499 vincat
2904 4458 2959 4503 et
2988 4451 3322 4520 dominetur,
3365 4457 3601 4512 humana

333 4525 504 4596 ἧῖουν
556 4527 839 4598 ἄρχοντος,
898 4527 994 4580 καὶ
1047 4524 1142 4578 τοῦ
1201 4523 1544 4595 ἀνθρωπίνου
1609 4524 1912 4594 θελήματος

2022 4543 2200 4588 autem
2243 4535 2498 4592 voluntas
2554 4538 2794 4592 divinam
2861 4552 3144 4611 sequatur,
3214 4555 3267 4600 et
3333 4565 3396 4603 ea
3475 4550 3604 4607 vel.t

331 4619 600 4690 ἑπομένου
631 4620 711 4690 τῷ
743 4619 892 4690 θείῳ,
952 4620 1046 4674 καὶ
1099 4617 1277 4672 ταῦτα
1325 4617 1601 4682 θέλοντος,
1635 4615 1672 4670 ἃ
1737 4620 1912 4671 ἐκεῖνο

332 4710 499 4765 θέλει.

415 4825 539 4876 Ἐπὶ
567 4825 703 4880 Θεοῦ
737 4827 957 4898 θέλησιν
983 4828 1083 4898 μὲν
1113 4830 1370 4902 λέγομεν,
1423 4831 1517 4884 καὶ
1545 4830 1765 4901 βουλὴν,
1792 4831 1910 4899 ἦτοι

335 4916 614 4987 βούλησιν,
667 4919 899 4989 γνώμην
947 4923 1006 4973 δὲ
1085 4924 1118 4993 ἢ
1165 4926 1487 4994 προαίρεσιν
1543 4924 1604 4977 οὑ
1653 4924 1908 4993 λέγομεν.

331 5009 528 5078 Γνώμη
555 5010 654 5080 μὲν
681 5012 791 5082 γὰρ
841 5014 874 5081 ἡ
895 5013 1036 5082 μετὰ
1073 5015 1172 5086 τὴν
1208 5017 1338 5086 περὶ
1385 5015 1480 5068 τοῦ
1539 5017 1909 5085 ἀγνςουμένου

327 5099 554 5170 ζήτησιν
597 5102 694 5154 καὶ
722 5103 905 5171 κρίσιν
930 5105 1068 5175 πρὸς
1096 5105 1156 5157 τὸ
1186 5106 1376 5176 κριθὲν
1409 5106 1674 5173 διάθεσις,
1700 5107 1821 5176 μεθ’
1841 5107 1909 5177 ἢν

325 5194 358 5260 ἡ
385 5191 708 5261 προαίρεσις
766 5192 1108 5264 ἐκλεγομένη
1158 5198 1254 5250 καὶ
1289 5195 1590 5266 αἱρουμένη
1648 5195 1756 5262 πρὸ
1787 5195 1908 5248 ἑτέ-

327 5300 424 5352 ρου
455 5283 517 5336 τὸ
546 5280 760 5353 ἕτερον.
819 5282 876 5336 '0
899 5284 958 5336 δὲ
990 5285 1122 5348 Θεὸς
1175 5287 1428 5358 ἀνενδεὴς
1483 5288 1582 5342 καὶ
1634 5287 1906 5356 σκέψεως,

324 5375 420 5428 καὶ
480 5374 766 5445 ζητήσεως
803 5415 820 5442 ,
898 5377 993 5429 καὶ
1061 5378 1296 5450 ἐκλογῆς
1329 5420 1344 5445 ,
1415 5383 1590 5434 πάντα
1662 5378 1908 5449 φυσικῶς

322 5487 345 5520 ε
357 5468 500 5532 ίὸὡς.
1283 5471 1288 5474 ’

390 5586 482 5638 Διὸ
510 5585 630 5638 οὐδὲ
657 5585 874 5657 βουλὴν,
915 5588 1037 5658 ἦτοι
1062 5588 1372 5658 βούλευσιν,
1407 5587 1499 5642 ἐπὶ
1529 5589 1665 5644 Θεοῦ
1701 5609 1904 5662 φαμεν,

316 5679 364 5729 εἰ
412 5678 510 5730 καὶ
565 5676 1067 5750 ἀνθρωποπρεπῶς
1121 5679 1519 5751 βουλευόμενον
1573 5683 1905 5757 πολλάκιςή

315 5769 438 5824 θεία
478 5771 672 5840 Γραφὴ
722 5771 911 5825 τοῦτον
962 5773 1295 5843 ὑπογράφειο
1362 5774 1714 5846 Ποιήσωμεν
1770 5778 1902 5851 γὰρ,

597 5869 870 5929 Pnror.
909 5869 1030 5933 Gtt.
1070 5871 1314 5935 CXXX.

2018 4642 2139 4696 qua:
2173 4627 2372 4683 divinae
2416 4629 2630 4697 placent
2679 4630 2965 4688 voluntati.

2088 4835 2432 4890 Voluntatem
2477 4835 2530 4892 in
2575 4837 2683 4893 Deo
2716 4839 2969 4902 dicimus.
3012 4845 3338 4900 sententiam
3415 4858 3597 4907 autem

2015 4939 2106 4984 aut
2171 4928 2486 4984 electionem
2523 4945 2625 4984 non
2671 4931 2922 4987 dicimus.
2967 4935 3250 4993 Sententia
3317 4941 3464 4997 enim
3519 4954 3606 5000 est

2015 5029 2137 5090 post
2196 5021 2270 5074 rei
2327 5022 2590 5089 ignoratae
2655 5025 3011 5092 quaestionem
3093 5039 3258 5100 atque
3307 5032 3600 5103 judicium,

2014 5113 2227 5169 aﬂectio
2258 5131 2386 5184 erga
2420 5115 2548 5168 illud
2573 5117 2718 5185 quod
2749 5116 3053 5184 julicatum
3116 5135 3225 5192 est,
3274 5140 3438 5193 quam
3511 5142 3604 5183 se-

2013 5204 2202 5272 quitur
2235 5204 2454 5268 elvetio,
2479 5221 2599 5273 qum
2631 5208 2874 5261 secernit
2935 5218 2984 5262 et
3020 5225 3190 5265 unum
3233 5213 3387 5268 alteri
3446 5225 3602 5269 ante-

2013 5299 2181 5366 ponit.
2223 5297 2332 5350 Deo
2363 5309 2542 5351 autem
2576 5315 2680 5352 non
2713 5311 2798 5354 est
2856 5317 2997 5372 opus
3027 5314 3087 5356 ut
3140 5307 3470 5369 consideret,
3505 5318 3602 5360 aut

2011 5388 2272 5458 inquirat,
2304 5397 2396 5444 aut
2427 5390 2610 5460 eligat,
2639 5405 2764 5446 cum
2823 5393 3004 5448 omnia
3061 5393 3200 5448 sciat
3255 5396 3596 5453 naturaliter.

2083 5593 2446 5658 Quamoorem
2480 5607 2580 5648 nec
2633 5593 3091 5650 consultationem
3170 5597 3222 5652 in
3287 5596 3394 5652 Deo
3442 5603 3600 5672 poni-

2009 5699 2150 5748 mus.
2195 5685 2322 5740 licet
2352 5699 2474 5738 eum
2501 5701 2642 5756 sa-po
2666 5686 2960 5757 Scriptura:
2997 5688 3236 5744 humano
3270 5705 3426 5746 more
3464 5707 3600 5749 conv

2011 5780 2276 5839 sulentem
2335 5778 2644 5837 describant
2683 5798 2696 5834 :
2732 5779 3020 5839 Faciamus
3048 5785 3214 5852 enim,
3253 5785 3450 5856 inquit,
3507 5788 3600 5845 Ιιο-

3109 5879 3185 5938 37
