4082 6396
375 361 512 426 1165

1267 363 1641 423 PANOPLIA
1682 359 2142 423 DOGMATICA.
2184 384 2254 394 —
2289 360 2436 420 TIT.
2482 360 2678 425 XXII.

3512 365 3645 431 1266

369 484 463 536 τοῦ
486 484 891 549 ἐντυπουμένου
921 481 982 532 τδ
1002 476 1140 544 εἶδος
1170 482 1259 535 διὰ
1294 482 1393 547 τῆς
1417 479 1722 549 ἐμφερείας
1756 480 1951 531 ὲναπο·

2066 474 2173 531 sius
2205 475 2437 530 formam
2480 491 2577 545 per
2608 475 2841 545 eﬂigiem
2875 490 3189 546 expressam
3213 479 3266 532 in
3287 493 3347 535 se
3379 483 3645 547 continet,

372 577 707 647 ματτομένη,
738 573 814 643 τῷ
838 574 1085 644 διαφόρῳ
1111 576 1213 643 τῆς
1246 575 1438 635 οὐσίας
1486 573 1633 626 κατὰ
1683 572 1783 643 τὴν
1813 570 1951 639 ὓλην

377 668 542 736 μόνον
600 665 1064 733 παραλλάττουσα
1100 679 1114 694 ·
1150 666 1181 735 ἦ
1213 666 1445 734 μίμησις
1473 662 1809 734 ἀρχετύπου,
1866 661 1960 713 καὶ

371 755 774 825 ἀπείκασμα,ἢ
808 755 1004 825 τέχνητ
1030 756 1383 826 ἀποτέλεσμα
1422 755 1564 808 κατὰ
1599 754 1833 824 μίμησιν
1865 754 1957 805 τοῦ

370 848 684 923 ἀρχετύπου
712 848 1148 918 είδοποιούμενον
1184 852 1247 919 τῇ
1276 849 1433 919 οὐσία
1455 848 1737 917 διαφέρον.

443 942 623 996 Εἰκὼν
634 942 855 1010 λέγεται
871 944 1024 1012 παρὰ
1037 944 1095 995 τὸ
1114 943 1371 996 ἐοικέναι.
1394 943 1557 995 Ἀλλο
1576 958 1644 1010 φυ
1654 940 1778 1009 σικὴ
1792 938 1962 992 εἰκὼν

378 1036 472 1087 καὶ
484 1034 613 1087 ἄλλο
634 1034 980 1103 μιμητικήοὴ
1005 1034 1104 1101 μὲν
1124 1033 1183 1085 ού
1210 1033 1448 1103 φυσικὴν
1468 1033 1735 1101 διαφορὰν
1760 1030 1960 1099 ἔχουσα

381 1146 412 1177 τ
430 1126 520 1196 pb;
547 1124 608 1177 τὸ
648 1123 847 1189 αἴτιον,
874 1124 973 1177 ἀλλ
991 1124 1541 1193 ’ὑποστατικὴν,ὡ;ὁ
1561 1123 1689 1185 Υἰδς
1712 1123 1847 1191 πρὸς
1872 1123 1963 1173 τὸν

378 1220 598 1289 Πατέρα
619 1235 631 1249 ⁸
666 1216 766 1288 μία
797 1218 896 1287 μὲν
918 1218 1029 1287 γὰρ
1081 1216 1289 1269 τούτων
1308 1216 1492 1284 φύσις,
1514 1215 1607 1268 δύο
1635 1215 1692 1267 δὲ
1720 1214 1958 1267 ὑποστά-

376 1332 492 1379 σεις
530 1331 544 1344 ’
585 1315 617 1382 ἡ
653 1313 709 1367 δὲ
763 1311 1073 1365 τούναντίον
1132 1311 1231 1380 οὐχ
1280 1308 1648 1377 ὑποστατικὴν
1695 1306 1956 1377 διαφορὰν

375 1410 574 1477 ἔχουσα
594 1406 737 1478 ’πρὸς
769 1406 829 1458 τὸ
859 1406 1193 1474 ἀρχέτυπον,
1220 1404 1358 1456 ἀλλὰ
1405 1403 1666 1473 φυσικὴν,
1722 1402 1797 1463 ὡς
1821 1402 1855 1469 ἠ
1882 1400 1959 1451 εξ·

375 1502 490 1554 κὼν
516 1500 609 1552 τοῦ
648 1497 890 1568 Χριστοῦ
924 1498 1067 1568 πρὸς
1093 1496 1187 1548 τὸν
1216 1495 1475 1566 Χριστόν.
1537 1496 1650 1547 Μία
1725 1496 1823 1563 μὲν
1852 1494 1958 1561 γὰρ

375 1594 581 1647 τούτων
620 1594 942 1654 ὑπόστασις,
980 1590 1073 1642 δύο
1102 1590 1159 1643 δὲ
1186 1588 1395 1658 φύσεις.
1449 1588 1617 1657 Ἀλλη
1652 1589 1760 1656 γὰρ
1799 1586 1961 1656 φύσις

378 1684 737 1757 ὑλιγραφίας,
766 1684 861 1736 καὶ
902 1682 1036 1750 ἄλλη
1096 1679 1345 1750 Χριστοῦ
1400 1682 1543 1734 κατὰ
1581 1681 1639 1736 τὸ
1679 1678 1958 1750 ἀνθρώπι-

377 1795 488 1839 νον,
516 1776 640 1829 καθ’
670 1776 697 1828 ὃ
736 1775 831 1828 καὶ
860 1775 1294 1844 περιγράφεται,
1357 1773 1450 1826 καὶ
1483 1773 1791 1844 ἀρχέτυπον
1820 1772 1963 1825 εἰκό-

378 1888 465 1930 νος
495 1868 839 1921 καθίσταται.
886 1866 1009 1919 Ἐπὶ
1068 1866 1169 1936 μὲν
1230 1864 1331 1932 τῆς
1393 1866 1701 1936 μιμητικῆς
1753 1863 1963 1923 εἰκόνος

378 1965 519 2015 κατὰ
538 1962 637 2030 τὴν
664 1960 829 2025 ἰδέαν,
860 1961 977 2031 ἤτοι
1015 1959 1228 2029 μορφὴν
1257 1960 1287 2027 ἡ
1334 1959 1621 2027 ὁμοίωσις⁹
1652 1958 1744 2008 ἐπὶ
1781 1955 1837 2009 δὲ
1863 1956 1963 2024 τῆς

379 2055 620 2124 φυσικῆς
639 2054 781 2107 κατὰ
807 2054 902 2123 τὴν
935 2051 1148 2116 οὐσίαν,
1175 2051 1292 2122 ἦτοι
1339 2048 1567 2118 θεότητα
1591 2050 1624 2118 ή
1651 2048 1919 2114 ταυτότης
1946 2060 1961 2074 ·

379 2149 477 2199 καὶ
507 2148 599 2199 ἐπὶ
654 2146 754 2215 μὲν
789 2146 888 2214 τῆς
938 2146 1200 2213 φυσικῆς,
1259 2142 1395 2195 διότι
1448 2140 1548 2211 μία
1606 2140 1773 2208 φύσις
1829 2138 1962 2191 Υἰοῦ

380 2239 472 2291 καὶ
517 2236 749 2306 Πατρδς,
794 2237 882 2289 διὰ
930 2235 1086 2288 τοῦτο
1142 2251 1241 2303 μια
1290 2234 1386 2286 καὶ
1426 2233 1795 2304 προσκύνησις
1840 2232 1965 2284 τού-

378 2348 523 2395 των,
586 2329 704 2382 ἀλλ’
758 2310 969 2381 ού’δύο
1034 2328 1174 2381 κατὰ
1230 2326 1291 2378 τὸ
1343 2325 1603 2394 διάφορον
1668 2324 1777 2377 τῶν
1829 2324 1964 2376 ὑπο-

381 2424 623 2476 στάσεων
674 2439 686 2451 ·
769 2422 862 2473 ἐπὶ
922 2418 981 2472 δὲ
1053 2420 1153 2488 τῆς
1235 2418 1584 2488 μιμητικῆς,
1644 2416 1780 2469 διότι
1866 2417 1964 2484 μία

382 2515 680 2577 ὑπόστασις
735 2512 944 2573 εἰκόνος
1011 2509 1252 2581 Χριστοῦ
1287 2551 1303 2575 ,
1340 2509 1437 2562 καὶ
1493 2508 1659 2561 αὑτοῦ
1700 2508 1961 2577 Χριστοῦ,

383 2607 481 2676 μία
561 2603 1117 2675 καὶ.προσκύνησις
1199 2600 1437 2662 τούτων,
1537 2600 1653 2654 ἀλλ’
1725 2602 1788 2653 ού
1869 2601 1966 2655 δύο

381 2697 523 2752 κατὰ
558 2698 615 2749 τὸ
644 2696 901 2766 διάφορον
928 2694 1035 2745 τῶν
1061 2692 1298 2760 φύσεων.
1330 2692 1406 2743 Ού
1429 2692 1535 2760 γὰρ
1557 2691 1965 2749 ξδιοῦπόστατός

384 2794 533 2844 ἐστιν
580 2790 612 2859 ἡ
662 2787 937 2858 μιμητικὴ
973 2785 1159 2850 εἰκὼν,
1195 2784 1333 2838 ἀλλὰ
1366 2784 1460 2835 τοῦ
1501 2785 1813 2852 ἀρχετύπου
1865 2784 1962 2853 τὴν

384 2884 680 2936 ὑπόστασιν
738 2880 915 2948 φέρει,
971 2880 1064 2933 καὶ
1114 2877 1256 2932 κατὰ
1289 2876 1494 2945 ταύτην
1557 2877 1726 2927 εἰκὼν
1792 2875 1962 2927 αὐτοῦ

384 2978 556 3028 ἐστιν.
592 2973 924 3026 ’Υπόστασιν
960 2972 1017 3025 δὲ
1042 2971 1137 3023 νῦν
1169 2971 1404 3040 λέγομεν
1437 2971 1497 3021 ού
1523 2971 1583 3020 τὸ
1612 2969 1802 3030 ἁπλῶς
1835 2970 1965 3036 ὑφε-

386 3064 547 3128 στὼς,
576 3064 885 3119 ἀλλὀύσίαν
925 3064 1048 3117 τινὰ
1082 3063 1221 3130 μετὰ
1256 3062 1589 3131 ἰδιωμάτων,
1623 3061 1748 3114 καθ’
1771 3061 1807 3115 ὃ.
1835 3063 1963 3115 δια-

2065 578 2120 623 et
2141 569 2391 624 essentia:
2424 568 2727 623 differentia
2759 584 2857 638 per
2888 571 3171 626 materiam
3196 580 3404 627 tantum
3437 575 3648 630 discre-

2068 676 2181 736 pat,
2222 664 2339 718 sive
2377 664 2705 733 exemplaris
2739 665 2970 718 imitatio
3009 673 3062 718 et
3120 666 3492 733 adumbratio,
3534 670 3650 724 sive

2075 761 2210 812 artis
2248 773 2383 827 opus
2418 759 2559 825 quod
2596 758 2661 810 ad
2694 757 3026 824 exemplaris
3052 758 3412 814 imitationem
3430 777 3652 829 expres-

2069 862 2187 901 sum
2226 850 2460 901 rs-entia
2487 847 2686 901 dill'ert.

2139 939 2318 1010 Imago
2340 940 2556 1003 dicitur,
2577 941 2721 1009 quod
2750 942 3011 1004 imitetur,
3036 952 3087 996 et
3114 943 3526 999 similitudinem
3552 962 3648 999 cx-

2068 1031 2287 1100 primat.
2316 1030 2498 1099 Imago
2530 1032 2787 1085 naturalis
2816 1031 2996 1088 diﬂ'ert
3022 1034 3091 1090 ab
3116 1035 3354 1106 imagine
3388 1054 3507 1107 quae
3532 1051 3651 1092 arte

2067 1126 2312 1179 confecta
2343 1132 2457 1178 est:
2487 1124 2749 1178 naturalis
2780 1124 2925 1178 enim
2960 1140 2987 1178 a
3016 1141 3182 1181 causa
3212 1128 3376 1181 distat
3401 1144 3649 1197 persona:

2066 1214 2397 1281 tlili‘erontia,
2434 1226 2491 1268 ut
2522 1215 2692 1270 Filius
2720 1234 2746 1268 a
2786 1215 2968 1283 Patre,
3001 1232 3236 1285 quorum
3276 1236 3377 1274 una
3448 1230 3646 1277 natura

2067 1323 2191 1363 cum
2244 1307 2333 1371 sit,
2374 1309 2494 1361 dua:
2532 1318 2661 1362 sunt
2696 1324 2960 1378 persona}.
3019 1310 3223 1365 Contra
3282 1328 3411 1369 vero
3470 1315 3651 1386 imago

2066 1408 2185 1454 arte
2213 1399 2466 1454 conlecta
2499 1401 2773 1469 discrepat
2801 1401 2871 1455 ab
2903 1403 3199 1470 exemplari
3260 1419 3370 1459 neu
3404 1422 3650 1473 persona.-

2068 1491 2393 1555 diﬂ‘erentia,
2430 1492 2521 1546 sed
2550 1501 2779 1556 naturae,
2813 1509 2869 1547 ut
2900 1496 3078 1565 imago
3105 1496 3309 1551 Christi
3340 1514 3369 1550 a
3405 1496 3646 1554 Christo.

2072 1582 2187 1638 Una
2216 1584 2360 1638 enim
2393 1593 2476 1638 est
2510 1585 2747 1654 ipsorum
2786 1600 3040 1655 persona,
3100 1587 3194 1641 sed
3244 1598 3451 1644 natura:
3511 1592 3648 1645 duae.

2065 1679 2201 1733 Nam
2257 1679 2361 1734 alia
2396 1690 2479 1733 est
2547 1688 2741 1735 natura
2808 1683 3046 1738 materia:
3103 1682 3304 1739 Christi
3364 1686 3653 1757 imaginem

1997 1809 2037 1862 Β
2068 1771 2378 1836 referentis,
2412 1771 2515 1827 alia
2546 1771 2747 1827 Christi
2780 1784 3049 1841 quatenus
3087 1775 3253 1831 homo
3276 1786 3380 1842 est,
3412 1787 3468 1832 et
3517 1796 3654 1848 qna-

2070 1871 2230 1916 tenus
2260 1863 2608 1925 describitur,
2642 1872 2695 1915 et
2721 1864 3002 1931 exemplar
3048 1864 3300 1933 imaginis
3359 1872 3653 1923 constitui-

2071 1966 2177 2008 tur.
2213 1954 2392 2022 Atque
2429 1953 2698 2029 imaginis
2738 1953 2959 2021 quidem
2992 1966 3110 2009 arte
3136 1955 3403 2012 confecta:
3455 1960 3653 2015 similia

2068 2046 2199 2100 tudo
2234 2046 2287 2098 in
2317 2045 2497 2115 specie
2539 2044 2781 2098 formave
2810 2045 3086 2100 consistit.
3121 2045 3392 2104 Naturalis
3460 2061 3646 2105 autem

2069 2140 2121 2192 in
2154 2138 2604 2192 eademessentia
2641 2151 2733 2191 seu
2799 2137 3127 2192 divinitate:
3183 2149 3237 2193 et
3294 2140 3347 2193 in
3418 2144 3652 2199 naturali

2066 2234 2310 2303 quidem,
2345 2231 2599 2301 quoniam
2637 2247 2739 2283 una
2770 2241 2851 2285 est
2910 2231 3029 2283 Filii
3100 2233 3379 2303 Patrisque
3437 2247 3651 2302 natura,

2070 2324 2270 2379 idcirco
2296 2338 2401 2377 nna
2429 2333 2511 2377 est
2545 2323 2713 2376 etiam
2754 2324 2946 2377 horum
2976 2326 3246 2391 adoratio,
3300 2343 3404 2379 non
3467 2340 3649 2383 autem

2067 2417 2187 2471 dua:
2214 2425 2435 2485 propter
2463 2415 2825 2469 dillercntiam
2858 2432 3237 2485 personarum.
3312 2420 3369 2473 ln
3404 2436 3466 2477 ea
3500 2436 3650 2487 vero,

2068 2524 2187 2575 quae
2217 2509 2283 2560 ah
2318 2516 2437 2560 arte
2466 2507 2707 2573 profecta
2732 2516 2844 2568 est,
2876 2508 3128 2572 quoniam
3194 2525 3301 2561 una
3337 2520 3420 2563 est
3460 2510 3653 2581 imagi¢

2068 2597 2153 2649 nis
2208 2594 2412 2667 Christi
2462 2603 2518 2650 et
2575 2594 2748 2665 ipsius
2798 2596 3005 2651 Christi
3050 2613 3299 2668 persona,
3372 2601 3492 2657 ideo
3545 2620 3650 2657 nm

2067 2697 2152 2739 est
2220 2687 2457 2751 ipsorum
2517 2688 2784 2750 adoratio,
2849 2704 2953 2742 non
3013 2699 3195 2745 autem
3256 2694 3376 2746 dua:
3427 2705 3653 2764 propter

2067 2777 2424 2834 diﬂerentiam
2463 2788 2803 2836 naturarum.
2834 2781 3020 2850 Imago
3048 2786 3195 2838 enim
3247 2799 3366 2842 arte
3400 2788 3650 2846 coniecta

2068 2872 2273 2925 nullam
2323 2872 2485 2926 habet
2517 2874 2789 2941 propriam
2826 2890 3138 2942 personam,
3167 2879 3261 2934 sed
3318 2884 3653 2951 exemplaris

2068 2979 2354 3032 personant
2384 2966 2543 3033 gerit,
2581 2975 2800 3033 propter
2839 2984 3003 3036 quam
3066 2969 3241 3041 imago
3310 2973 3480 3042 ipsius
3545 2989 3650 3031 est.

2068 3057 2364 3110 Personam
2394 3056 2481 3110 hic
2520 3057 2825 3122 accipimus
2893 3075 3000 3114 non
3034 3077 3155 3129 qua:
3189 3064 3511 3134 simpliciter
3558 3084 3655 3135 per

383 3155 677 3227 χωρίζεται
736 3155 845 3206 τῶν
902 3153 1191 3225 ὁμοειδῶν.
1261 3153 1334 3205 Τὸ
1370 3151 1502 3220 γοῦν
1552 3150 1960 3204 -ἰδιοϋπόστατον

2070 3162 2129 3202 se
2163 3158 2394 3209 constat,
2442 3148 2537 3202 sed
2568 3153 2858 3204 essentiam
2896 3153 3187 3221 quamdam
3216 3169 3340 3210 cum
3405 3160 3653 3227 proprie.

383 3249 483 3301 οὐκ
518 3246 702 3314 εἰκὼν,
731 3247 846 3300 ἀλλ’
872 3247 1205 3319 ἀρχέτυπον.

469 3522 535 3574 Ἥ
568 3521 665 3588 τῆς
689 3519 896 3581 εἰκόνος
934 3519 1065 3588 τιμὴ
1118 3518 1210 3570 ἐπὶ
1260 3519 1320 3571 τὸ
1354 3521 1713 3587 πρωτότυπον
1743 3519 1960 3573 διαϐαί-

384 3632 486 3676 νει,
518 3613 611 3665 mi.
657 3612 774 3664 ἔστι
807 3610 1017 3663 τούτων
1075 3609 1176 3679 μία
1228 3612 1607 3680 προσκύνησις
1661 3611 1749 3663 διὰ
1774 3611 1868 3664 τὸν
1903 3613 1961 3664 ὲν

383 3710 585 3779 ἀμφοῖν
612 3707 707 3759 ἕνα
744 3703 1094 3775 χαρακτῆρα.

457 3798 660 3860 "av-:6;
683 3794 998 3866 μιμητικῶς
1025 3793 1435 3864 εἰκονιζομένου
1452 3796 1548 3864 οὐχ
1570 3797 1601 3864 ἡ
1626 3795 1809 3864 φύσις,
1841 3796 1958 3849 ἀλλ’

385 3891 419 3960 ἡ
453 3887 757 3948 ὑπόστασις
780 3883 1129 3947 εἰκονίζεται,
1161 3885 1259 3937 καὶ
1300 3884 1389 3935 διὰ
1443 3884 1606 3937 τοῦτο
1640 3887 1839 3941 ταυτὸν
1882 3885 1960 3955 τῷ

384 3981 680 4050 ἀρχετύπῳ
726 3978 759 4045 ἠ
807 3975 973 4029 εἰκὼν
1017 3974 1184 4028 αὐτοῦ
1230 3976 1291 4027 ού
1334 3980 1402 4047 τῇ
1474 3977 1659 4046 φύσει,
1702 3980 1837 4033 ἀλλὰ
1892 3983 1957 4050 τῇ

384 4070 703 4133 ὑποστάσει,
730 4067 899 4136 ἧγουν
924 4067 990 4135 τῇ
1023 4067 1254 4135 μιμήσει
1284 4068 1384 4137 τῆς
1409 4069 1783 4135 ὑποστάσεως.

469 4160 557 4212 Ἐν
583 4161 649 4230 τῇ
680 4157 851 4210 εἰκόνι
881 4156 914 4226 ὴ
944 4156 1325 4227 εἰκονιζομὲνη
1352 4159 1448 4210 τοῦ
1484 4161 1797 4230 ἀρχετύπου
1824 4163 1961 4216 ὑπὸ.

387 4268 577 4314 στασις
605 4250 1021 4321 προσκυνεῖται,
1052 4248 1147 4300 καὶ
1177 4250 1278 4318 ούχ
1318 4252 1350 4320 ἡ
1383 4249 1484 4319 ὕλη
1513 4252 1616 4322 τῆς
1652 4252 1863 4316 εἰκόνος
1885 4270 1896 4285 ’
1931 4259 1959 4309 ὁ

383 4340 923 4412 ἐναποσφραγισθεὶς
969 4342 1108 4410 αὐτῇ
1154 4342 1471 4412 χαρακτὴρ,
1510 4347 1607 4397 καὶ
1654 4349 1754 4415 ούχ
1791 4350 1822 4415 ἠ
1858 4349 1956 4417 τῆς

384 4439 592 4501 εἰκόνος
624 4435 805 4488 οὐσία.
1066 4504 1073 4509 θ

459 4532 590 4584 Ὅτε
626 4530 726 4598 μὲν
757 4528 894 4597 πρός
925 4527 1024 4599 τὴν
1056 4529 1155 4596 τῆς
1182 4530 1391 4590 εἰκόνος
1426 4529 1589 4599 φύσιν
1634 4532 1819 4587 ἀπίδοι
1852 4550 1957 4595 τις,

382 4624 444 4679 ού
477 4624 636 4694 μόνον
662 4623 723 4674 οὑ
752 4621 1009 4691 Χριστὸν,
1034 4621 1153 4672 ἀλλ’
1179 4620 1299 4673 οὐδὲ
1331 4623 1516 4674 εἰκόνα
1544 4624 1785 4692 Χριστοῦ
1816 4626 1958 4677 εἴποι

342 4734 350 4743 ·
383 4718 450 4771 ἂν
484 4716 545 4769 τὸ
578 4713 895 4785 ὁρώμενονο
924 4712 1044 4765 ἐστι
1072 4712 1183 4782 γὰρ
1233 4712 1391 4777 ξύλον
1422 4712 1609 4784 τυχὸν,
1664 4715 1697 4784 ἢ
1732 4719 1955 4785 χρυσὸς,

383 4810 417 4880 ἢ
449 4808 714 4879 ἄργυρος,
745 4805 777 4876 ἢ
804 4823 858 4858 τι
890 4804 1001 4857 τῶν
1028 4804 1206 4859 ἄλλων
1242 4804 1390 4857 ὑλῶν
1423 4822 1436 4835 ο
1469 4806 1557 4858 ὅτε
1585 4807 1646 4860 δὲ
1692 4808 1830 4876 πρὸς
1857 4807 1959 4879 τὴν

382 4900 449 4954 δι’
480 4898 881 4967 ὲκτυπώματος
919 4897 1183 4967 ὁμοίωσιν
1205 4897 1302 4950 τοῦ
1325 4898 1663 4968 ἀρχετύπου,
1697 4900 1794 4953 καὶ
1824 4899 1959 4970 Χρι-

386 4993 532 5059 στὸν,
568 4995 663 5046 καὶ
694 4990 959 5062 Χριστοῦ,
1014 4991 1152 5045 ἀλλά
1189 4993 1426 5060 Χριστὸν
1463 4994 1561 5062 μὲν
1590 4993 1714 5047 καθ’
1745 4997 1960 5064 ὁμωνυ-

387 5087 535 5157 μίαν,
560 5084 803 5155 Χριστοῦ
831 5085 888 5137 δὲ
914 5084 1055 5137 κατὰ
1085 5084 1146 5137 τὸ
1185 5086 1320 5156 πρός
1348 5103 1421 5140 τι.

464 5261 531 5312 'll
566 5259 733 5312 εἰκὼν
767 5258 953 5327 σχέσιν
983 5256 1096 5325 ἔχει
1123 5257 1261 5324 πρδς
1296 5257 1355 5308 τὸ
1388 5258 1722 5324 ἀρχέτυπον,
1752 5262 1841 5313 καὶ
1870 5262 1958 5314 αἱ·

381 5352 498 5405 τίου
530 5351 680 5403 ἐστὶν
708 5351 968 5404 αἰτιατόν.
1014 5350 1256 5416 Ἀνάγκη
1282 5348 1376 5400 οῦν
1416 5348 1507 5402 διὰ
1536 5350 1696 5403 τοῦτο
1727 5355 1821 5406 καὶ
1852 5355 1960 5407 τῶν

391 5445 527 5515 πρός
550 5461 603 5497 τι
629 5438 772 5495 εἶναι
815 5442 1022 5509 ταύτην
1082 5444 1175 5495 καὶ
1219 5442 1498 5510 λέγεσθαι.
1560 5444 1683 5497 Τῶν
1716 5446 1853 5515 πρός
1907 5462 1960 5497 τι

381 5539 491 5608 γὰρ
513 5541 546 5608 ἡ
586 5536 798 5607 σχέσις,
840 5537 905 5590 τὰ
933 5535 990 5588 δὲ
1024 5537 1160 5606 πρός
1188 5553 1241 5589 τι
1272 5538 1414 5591 αὐτὰ
1466 5539 1612 5611 ἅπερ
1654 5540 1806 5592 ἐστὶν
1840 5541 1960 5594 ἑτέ-

389 5649 499 5702 ρων
525 5627 664 5683 εἶναι
696 5629 935 5698 λέγεται,
971 5631 1064 5683 καὶ
1087 5632 1442 5700 ἀντιστρέφει
1472 5633 1573 5703 τὴν
1606 5635 1792 5702 σχέσιν
1825 5635 1961 5705 πρὸς

380 5724 606 5795 άλὶηλα.
653 5723 993 5794 Ἀρχὲτυπον
1052 5723 1164 5794 γὰρ
1206 5724 1425 5787 εἰκόνος
1476 5726 1790 5796 ἀρχέτυπον
1817 5742 1830 5755 ο
1865 5730 1959 5780 καὶ

382 5820 545 5873 εἰκὼν
573 5820 886 5891 ἀρχετύπου
913 5818 1101 5872 εἰκών.
1134 5820 1242 5871 Καὶ
1263 5820 1364 5871 ούκ
1394 5819 1461 5874 ἄν
1489 5838 1574 5885 τις
1602 5821 1836 5891 ἄσχετον
1884 5824 1962 5875 εἰς·

2071 3242 2293 3306 tatihus,
2328 3256 2423 3310 per
2446 3255 2585 3310 quas
2613 3242 2682 3294 ab
2733 3241 2854 3295 aliis
2885 3242 3066 3297 diiIert
3126 3245 3366 3311 ejusdem
3410 3251 3647 3316 generis.

2067 3333 2427 3401 Quamobrem
2476 3342 2596 3401 ;non
2645 3333 2849 3402 imago,
2890 3335 2983 3388 sed
3038 3337 3320 3405 exemplar
3376 3342 3649 3409 propriam

2068 3426 2228 3481 habet
2250 3428 2579 3495 personam.

2160 3518 2410 3585 Imaginis
2457 3519 2628 3571 honor
2678 3520 2730 3571 in
2793 3521 3071 3590 exemplar
3127 3525 3359 3586 recidit.
3410 3537 3463 3581 et
3543 3543 3650 3582 una

2065 3618 2148 3664 est
2192 3610 2475 3677 utriusque
2533 3612 2815 3673 adoratio,
2876 3614 3128 3682 quoniam
3175 3630 3279 3669 una
3310 3628 3395 3673 est
3447 3621 3654 3691 elligiea

2067 3702 2368 3770 utriusque.

2135 3795 2401 3864 Quidquid
2460 3797 2528 3848 ab
2575 3804 2691 3848 arte
2743 3796 3089 3862 tlcscribitur,
3144 3800 3263 3867 ejus
3297 3818 3401 3855 non
3433 3816 3649 3870 natura,

2064 3889 2156 3941 sed
2173 3902 2398 3954 persona
2424 3886 2770 3940 describitur.
2798 3886 2857 3941 Et
2882 3888 3087 3944 idcirco
3113 3892 3287 3961 imago
3316 3895 3484 3962 ipsius
3508 3897 3647 3951 idem

2064 3994 2143 4037 est
2167 3998 2287 4035 rum
2330 3984 2643 4050 exemplari,
2706 3998 2809 4037 non
2861 3995 3075 4049 natura,
3122 3991 3215 4043 sed
3265 4005 3519 4059 persona,
3554 4012 3647 4047 seu

2065 4091 2311 4145 persona:
2337 4075 2717 4130 similitudine.

2137 4168 2390 4235 Exempla
2402 4169 2471 4221 ris
2487 4183 2711 4236 persona
2737 4170 2967 4240 imagine
2984 4188 3262 4245 expressa,
3275 4191 3381 4229 non
3400 4178 3650 4248 imagin's

2066 4257 2597 4323 n-ateriajadoratur,
2628 4274 2730 4313 non
2764 4261 3010 4331 imaginis
3033 4268 3285 4331 essentia,
3322 4285 3350 4323 s
3383 4269 3417 4324 d
3452 4268 3647 4332 fmma.

2065 4367 2183 4420 quire
2214 4352 2265 4406 in
2300 4355 2411 4422 ipsa
2444 4353 2710 4421 descripta
2749 4364 2851 4411 est.

2100 4574 2103 4575 ν
2137 4535 2270 4588 Cum
2302 4536 2422 4604 quis
2442 4536 2506 4588 ad
2532 4537 2779 4605 imaginis
2806 4547 3053 4592 naturam
3097 4542 3333 4609 rrspicit,
3361 4557 3463 4594 non
3490 4545 3652 4601 modo

2061 4624 2359 4687 Chri~tum,
2382 4624 2473 4676 sed
2500 4640 2567 4677 ne
2586 4624 2787 4678 Christi
2816 4626 3031 4694 quidem
3063 4629 3350 4697 imaginem
3382 4642 3533 4686 vocat
3569 4635 3646 4699 id,

2063 4717 2201 4785 quod
2225 4716 2387 4777 videt;
2423 4726 2505 4771 est
2524 4717 2669 4770 enim
2699 4718 2900 4789 lignum
2919 4718 3167 4785 fortasse,
3195 4734 3287 4776 aut
3319 4740 3531 4791 aurum,
3554 4737 3651 4782 aut.

2063 4818 2366 4877 argentum,
2403 4810 2687 4879 autaliqua
2718 4813 2823 4867 alia
2861 4814 3107 4868 materia.
3140 4817 3212 4870 At
3242 4832 3365 4872 cum
3388 4820 3649 4875 adesim-

2064 4902 2230 4971 plaris
2252 4902 2475 4956 simiiitu
2500 4904 2661 4956 linem
2694 4905 2926 4975 imagine
2957 4922 3269 4973 expressain
3322 4923 3379 4964 te
3411 4909 3561 4979 picit,
3595 4920 3649 4966 ιι

2063 4994 2361 5054 Christum,
2401 5002 2454 5044 et
2479 4992 2680 5047 Christi
2741 4994 3028 5063 imaginem
3060 4997 3292 5064 appellat
3325 5016 3337 5052 ι
3373 5001 3648 5055 Christum

2063 5088 2282 5155 quidem
2309 5085 2603 5154 a'quiroce,
2657 5086 2856 5142 Christi
2890 5099 3069 5142 autem
3116 5105 3181 5145 ex
3204 5092 3431 5162 ecquod
3462 5093 3529 5146 ad
3550 5093 3646 5149 ali-

2064 5178 2191 5246 quid
2229 5176 2481 5231 tel'ertur.
3426 5197 3431 5202 '

2139 5273 2316 5342 Imago
2356 5272 2675 5325 relatTOnem
2720 5274 2879 5326 habet
2923 5274 2991 5330 ad
3038 5278 3340 5347 exemplar,
3388 5287 3441 5332 et
3484 5280 3554 5334 ab
3583 5296 3650 5334 ea

2063 5372 2318 5431 tanquam
2347 5377 2377 5415 a
2404 5378 2565 5417 causa
2598 5364 2821 5430 dependi
2843 5374 2883 5423 t.
2915 5366 3099 5436 Itaque
3129 5382 3351 5423 necesse
3372 5376 3457 5423 est
3502 5379 3559 5423 nt
3582 5387 3649 5423 cx

2066 5471 2250 5509 eorum
2294 5456 2367 5509 sit
2396 5454 2713 5524 dicaturque
2744 5473 2987 5522 numero,
3029 5474 3147 5525 qua:
3172 5458 3239 5512 ad
3272 5460 3472 5529 aliquid
3508 5461 3650 5517 relc-

2068 5555 2279 5600 rnntur.
2315 5547 2447 5611 Quae
2474 5558 2649 5601 autem
2688 5548 2753 5602 ad
2786 5550 2983 5617 aliquid
3020 5550 3107 5601 rel
3134 5562 3349 5615 runtur,
3395 5567 3481 5618 ea,
3510 5569 3649 5623 qua-

2070 5652 2223 5693 tenus
2256 5649 2407 5704 sun',
2460 5641 2689 5694 aliorum
2722 5641 2973 5694 dicuntur
3007 5656 3150 5707 esse,
3204 5655 3496 5714 animoque
3530 5663 3653 5701 sese

2070 5729 2381 5798 reSpiciunt.
2413 5731 2699 5797 Exemplar
2727 5730 2872 5784 enim
2896 5731 3145 5801 imaginis
3172 5734 3453 5804 exemplar
3466 5748 3570 5792 est.
3596 5746 3653 5793 et

2076 5829 2253 5893 imago
2297 5835 2383 5878 cst
2441 5824 2764 5894 exemplaris
2794 5827 2993 5893 imago.
3035 5823 3143 5879 Nec
3195 5827 3478 5899 quisquam
3511 5830 3648 5885 ima-
