4082 6390
371 361 511 431 1169

1282 358 1659 421 PANOPLIA
1702 360 2156 422 DOGMATICA.
2188 384 2255 393 —
2296 359 2443 421 Tl'l‘.
2488 360 2682 422 XXII.

3505 358 3647 429 1170

368 469 698 541 υφιστῶσαν
727 468 878 541 αὐτῷ
906 470 1160 536 πάντοτε,
1184 468 1285 523 κᾶν
1318 469 1394 539 μὴ
1416 468 1679 537 φαίνοιτο,
1712 470 1832 522 οὖδέ
1856 469 1955 537 τὴν

2069 466 2199 521 adsit
2250 482 2371 520 cum
2422 482 2679 538 corpore,
2732 468 2859 523 licet
2889 483 2995 523 non
3055 469 3324 536 videatur,
3349 487 3415 526 ne
3472 473 3649 542 imago

367 563 555 617 είκόνα
590 560 831 631 Χριστοῦ
883 560 1112 615 δυνατὸν
1167 562 1511 631 διαιρεθῆναι
1568 560 1760 615 αὐτοῦ.
1807 560 1949 615 Ἀλλ’

366 654 560 724 ὥσπερ
593 655 627 724 ἡ
660 654 789 706 σκιὰ
814 655 879 723 τῇ
914 652 1008 705 τοῦ
1047 652 1201 723 ἡλίου
1263 652 1428 722 βολίδι
1489 654 1762 721 φκίνεται,
1806 654 1951 707 οὓτω

369 746 464 798 καὶ
490 748 522 813 ἠ
551 745 791 815 Χριστοῦ
830 744 996 798 είκὼν
1024 748 1089 816 τῇ
1111 745 1446 798 διατυπώσει
1480 747 1580 815 τῆς
1614 746 1770 817 ὕλης.

449 840 554 892 Δύο
582 838 790 891 τούτων
824 839 995 891 ὄντων
1027 839 1156 908 περὶ
1183 838 1247 893 τὸ
1286 839 1471 908 σῶμα,
1503 843 1661 903 σκιᾶς
1691 841 1785 893 καὶ
1809 840 1955 893 εἰκό-

373 942 485 987 νος,
521 926 555 995 η
612 926 713 988 μὲν
756 926 886 978 σκιὰ
931 926 1213 995 σημασίαν
1248 927 1498 996 ἀμυδρὰν
1552 947 1676 981 τινα
1719 929 1814 981 τοῦ
1855 930 1950 982 ἀν-

372 1017 597 1088 θρώπου
628 1018 922 1083 δείκνυσιν,
956 1020 989 1088 ἡ
1022 1020 1078 1072 δὲ
1110 1019 1280 1073 είκὼν
1313 1020 1727 1091 ἁριδηλοτέραν.
1764 1020 1826 1072 Ei
1856 1020 1951 1075 οὖν

368 1109 433 1163 τὸ
461 1110 551 1162 ἀεὶ
580 1109 673 1163 τοῦ
715 1111 873 1174 ποτὲ,
929 1113 1024 1164 καὶ
1072 1112 1134 1165 τὸ
1186 1114 1309 1166 καθ’
1368 1112 1605 1182 ὕπαρξιν
1651 1115 1746 1168 τοῦ
1810 1117 1952 1169 κατὰ

373 1203 649 1273 στέρησιν,
682 1205 778 1257 καὶ
809 1203 871 1255 τὸ
896 1204 1172 1274 τηλαυγὲς
1194 1205 1292 1258 τοῦ
1317 1206 1562 1276 ἀμυδροῦ
1593 1209 1824 1277 βέλτιον,
1855 1210 1952 1263 καὶ

375 1294 597 1361 ἡείιιὼν
622 1295 729 1363 ἄρα
771 1294 1000 1365 βελτίων
1032 1296 1132 1365 τῆς
1162 1300 1342 1361 σκιᾶς.
1408 1298 1571 1351 Ἀλλά
1622 1302 1729 1371 μὴν
1763 1303 1817 1354 αί
1844 1300 1953 1354 τῶν

374 1385 553 1451 ἁγίων
583 1386 736 1439 σκιαὶ
772 1387 870 1438 καὶ
908 1389 1065 1453 ἅγιαι
1102 1388 1197 1440 καὶ
1236 1389 1557 1460 ὀνησιφόροι
1580 1408 1593 1421 ·
1635 1393 1693 1444 αἱ
1745 1394 1953 1457 είκόνες

372 1477 556 1529 αὐτῶν
592 1477 698 1549 ἄρα
732 1478 912 1548 πολλῷ
950 1479 1156 1547 μᾶλλον
1188 1482 1489 1551 άγιώτεραι
1518 1484 1611 1535 καὶ
1644 1483 1956 1554 σεϐασμιώ-

372 1584 552 1639 τεραι.

463 1660 521 1713 '0
551 1661 649 1729 μὲν
682 1662 920 1732 Χριστὸς
953 1664 1148 1733 ὁρᾶται
1188 1665 1245 1717 ἐν
1268 1668 1334 1735 τῇ
1380 1667 1548 1720 εικόνι
1588 1668 1779 1732 αὐτοῦ,
1818 1668 1956 1738 αὐτὴ

374 1752 432 1805 δὲ
460 1753 754 1820 ὑφίσταται
777 1756 833 1807 ἐν
868 1756 1040 1826 αὐτῷ.

2055 560 2270 629 quidem
2308 562 2507 618 Christi
2540 564 2605 618 ab
2633 564 2749 631 ipso
2784 565 3194 635 sejungifpotest
3216 605 3231 629 ,
3262 568 3357 623 sed
3387 568 3648 636 quemad-

2055 646 2272 701 modum
2336 649 2524 703 umbra
2574 650 2704 705 solis
2760 666 2984 707 accessu
3058 654 3409 726 perspicitur,
3465 656 3545 712 sic
3594 667 3649 713 ct

2056 736 2233 807 imago
2252 738 2452 795 Christi
2479 743 2718 797 materia:
2766 745 3144 812 impressiOnc.

2124 828 2255 884 Cum
2292 830 2401 886 duo
2445 834 2590 888 circa
2646 850 2845 906 corpus
2894 839 3327 904 cousitlerenlur,
3376 842 3564 895 umbra
3596 849 3651 896 et

2056 919 2256 989 imago,
2306 923 2494 978 umbra
2540 926 2755 995 quidem
2788 926 3061 982 hominem
3118 930 3422 995 obscurius,
3467 932 3649 1001 imago

2054 1020 2236 1066 autem
2261 1012 2460 1068 clarius
2484 1015 2678 1079 refert;
2705 1016 2888 1086 itaque
2917 1018 2959 1071 si
2981 1017 3033 1071 id
3049 1021 3189 1089 quod
3220 1035 3434 1088 semper
3461 1030 3568 1085 est,
3586 1034 3651 1075 eo

2055 1105 2198 1171 quod
2224 1114 2309 1159 est
2339 1106 2665 1175 aliquando;
2697 1118 2752 1163 et
2774 1110 2826 1164 id
2858 1113 2999 1180 quod
3024 1126 3123 1181 per
3140 1113 3433 1166 essentiam
3459 1121 3566 1175 est,
3586 1127 3651 1167 eo

2055 1196 2195 1260 quod
2226 1207 2305 1249 est
2332 1213 2427 1263 per
2461 1200 2844 1269 privationem;
2880 1214 2933 1257 et
2968 1204 3016 1256 id
3044 1206 3185 1273 quod
3223 1215 3303 1259 est
3334 1205 3560 1267 clarum,
3586 1221 3651 1259 eo

2056 1287 2615 1355 quodestobscurum,
2639 1298 2978 1364 praestantius
3000 1308 3076 1350 cst
3107 1315 3119 1349 :
3146 1312 3239 1351 san
3279 1307 3450 1352 turum
3473 1306 3651 1351 autem

2058 1381 2263 1433 tunhra:
2285 1392 2335 1434 et
2367 1393 2565 1436 sanctzc
2605 1393 2729 1438 sunt
2785 1395 2835 1442 et
2883 1386 3196 1453 salutiferae,
3260 1388 3524 1455 imagines
3571 1389 3651 1459 ip-

2056 1489 2238 1528 sorum
2262 1478 2444 1545 utique
2474 1478 2772 1534 sanctiores
2813 1490 2975 1533 erunt
3008 1480 3174 1533 multo
3204 1490 3257 1533 et
3290 1479 3655 1534 venerabilio—

2066 1578 2177 1618 res.

2127 1657 2385 1712 Christus
2408 1658 2568 1713 insua
2604 1660 2776 1729 ipsius
2804 1659 3317 1731 cerniturimagine;
3356 1662 3531 1731 imago
3563 1677 3657 1739 au-

2060 1759 2167 1805 tem
2203 1751 2254 1804 in
2283 1752 2400 1819 ipso
2430 1753 2706 1807 consistit.

449 1818 561 1913 Ούχ
592 1843 668 1907 ὡς
717 1846 875 1909 Osci);
906 1818 1006 1910 τὰς
1055 1849 1272 1913 εἰκόνας
1334 1851 1782 1921 προσκυνοῦμεν,
1827 1854 1951 1907 οὐδὲ

2127 1841 2390 1911 ltnsgiues
2416 1858 2520 1896 non
2543 1843 2834 1899 adoramus
2862 1853 2921 1898 ut
2947 1845 3097 1910 deos,
3129 1857 3227 1897 nec
3272 1846 3462 1899 salutis
3506 1859 3655 1913 spem

375 1934 474 1996 τὰς
513 1936 737 1998 ἐλπίδας
772 1936 871 2005 τῆς
916 1940 1197 2011 σωτηρίας
1244 1944 1301 1993 ὲν
1354 1943 1545 2005 αὐταῖς
1576 1944 1797 2013 ἔχομεν,
1830 1944 1954 1997 οὐδὲ

376 2028 437 2079 τὸ
475 2028 619 2079 θεῖον
647 2027 811 2091 σέϐας
838 2030 1214 2101 ἀπονέμομεν⁹
1251 2030 1413 2085 τοῦτο
1447 2034 1557 2101 γάρ
1583 2034 1633 2085 oi
1656 2033 1918 2099 Ἕλληνες
1937 2049 1952 2064 ο

378 2119 515 2171 ἀλλὰ
550 2120 713 2190 μόνον
763 2118 859 2190 τὴν
894 2120 1081 2190 σχέσιν
1111 2124 1201 2176 καὶ
1249 2123 1350 2193 τὴν
1392 2125 1614 2193 ἀγάπην
1664 2126 1760 2193 τῆς
1796 2125 1955 2195 ἡμῶν

376 2210 577 2281 ψυχῆς,
625 2211 693 2283 ἢν
732 2212 932 2283 ἔχομεν
984 2215 1121 2283 πρὸς
1172 2217 1240 2269 τά
1286 2218 1645 2286 πρωτότυπα,
1706 2219 1798 2272 διὰ
1828 2221 1953 2290 -τῆς

378 2304 637 2374 τοιαύτης
687 2311 1122 2375 προσκυνήσεως
1178 2308 1574 2378 ἐμφανίζομεν.
1648 2311 1812 2364 Ὅθεν
1861 2311 1957 2365 τοῦ

380 2396 731 2464 χαρακτῆρος
772 2394 1136 2464 λειανθέντος,
1170 2398 1247 2461 ὡς
1294 2398 1450 2463 ξύλον
1485 2400 1654 2470 ἀργὸν
1688 2404 1786 2471 τήν
1820 2418 1957 2456 ποτε

382 2486 765 2554 κατακαίομεν
806 2487 1017 2543 εἰκόνα.

452 2579 671 2631 Τὸντοῦ
718 2581 957 2648 σταυροῦ
991 2581 1162 2635 τύπον
1193 2584 1258 2636 ὲκ
1295 2582 1391 2636 δύο
1432 2583 1609 2650 ξύλων
1649 2585 1955 2639 συνάπτον-

382 2688 497 2736 τες,
529 2672 693 2741 ἡνίκα
718 2689 800 2736 τις
842 2675 973 2743 ἡμῖν
1021 2674 1131 2728 τῶν
1180 2676 1433 2729 ἀπίστων
1474 2677 1850 2745 ἐγκαλέσειεν,
1883 2679 1959 2741 ὼς

386 2764 544 2827 ξύλον
570 2766 961 2835 προσκυνοῦσι,
992 2768 1274 2837 δυνάμεθα
1300 2770 1368 2823 τὰ
1400 2769 1494 2823 δύο
1525 2770 1655 2834 ξύλα
1687 2774 1960 2842 χωρίσαν-

382 2874 496 2923 τες,
523 2860 615 2910 καὶ
645 2858 738 2911 τὸν
776 2859 950 2912 τύπον
978 2857 1071 2910 τοῦ
1108 2860 1346 2930 σταυροῦ
1390 2860 1761 2925 διαλύσαντες,
1792 2862 1963 2916 ταῦτα

386 2948 631 3017 νομίζειν
664 2951 812 3019 ἀργά
839 2950 994 3013 ξύλα,
1032 2952 1126 3001 καὶ
1163 2952 1253 3001 τὸν
1297 2952 1526 3003 ἄπιστον
1556 2952 1960 3021 ἐπιστομίζειν,

384 3040 469 3093 ὅτι
497 3040 559 3093 ού
592 3040 653 3093 τὸ
694 3040 872 3107 ξύλον,
917 3042 1052 3095 ἀλλὰ
1097 3042 1187 3094 τὸν
1229 3041 1319 3095 τοῦ
1379 3041 1617 3115 σταυροῦ
1651 3047 1823 3097 τύπον
1870 3061 1964 3097 σε·

387 3131 620 3200 ϐόμεθα.
734 3184 741 3191 ,

458 3224 564 3277 Σὺν
596 3223 747 3294 φόϐῳ
775 3226 866 3277 καὶ
899 3224 1130 3295 ἀληθείᾳ
1158 3227 1473 3296 προσιτέον,
1503 3233 1598 3280 καὶ
1640 3246 1952 3298 προσκυνη-

388 3315 510 3366 τὲον
532 3318 629 3376 τὰς
653 3316 813 3383 ἁγίας
837 3317 1080 3379 εἰκόνας,
1118 3320 1212 3371 καὶ
1250 3320 1571 3373 πιστευτέον
1614 3323 1775 3391 χάριν
1803 3323 1957 3375 θείαν

388 3407 675 3476 ὲπιφοιτᾷν
707 3406 896 3469 αὑταῖς
929 3407 1211 3477 ἁγιασμοῦ
1256 3410 1644 3479 μεταδοτικήν.

463 3499 674 3568 Ὠσπερ
725 3500 868 3552 κατὰ
934 3501 1097 3568 φύσιν
1167 3503 1473 3570 ἀχωρίστου
1530 3504 1802 3575 μενούσης
1860 3506 1960 3574 τῆς

391 3588 554 3654 ἁγίας
573 3586 824 3656 Τριάδος,
852 3589 1084 3658 instans
1112 3590 1239 3653 Υἱὸς
1266 3592 1581 3662 ἐσαρκώθη,
1614 3596 1675 3645 οὔ
1700 3596 1786 3647 διά
1804 3594 1963 3648 τοῦτο

389 3680 555 3748 φήσει
591 3697 673 3739 τις
705 3680 799 3730 καὶ
830 3678 920 3730 τὸν
954 3681 1191 3749 Πατέρα,
1231 3682 1405 3734 καὶτὸ
1432 3684 1655 3753 Πνεῦμα
1680 3688 1965 3755 σεσαρκῶ-

394 3771 536 3825 εθαι·
586 3770 728 3824 οὕτω
764 3772 885 3823 καθ’
913 3773 1210 3827 ὑπόστασιν
1245 3776 1544 3845 ἐνωθείσης
1566 3779 1663 3846 τῆς
1710 3778 1965 3848 θεότητος

391 3869 460 3935 τῇ
492 3866 877 3935 ἀνθρωπότητι
912 3866 1006 3918 τοῦ
1034 3867 1186 3932 Υἱοῦ,
1214 3870 1307 3919 καὶ
1338 3869 1646 3939 ἀδιαιρέτου
1674 3871 1963 3941 μενούσης,

393 3958 495 4009 οὐκ
516 3957 706 4027 ἐπειδὴ
739 3959 799 4011 τὸ
832 3958 1176 4027 ἀνθρώπινον
1206 3960 1372 4013 αὑτοῦ
1411 3964 1839 4032 περιγράφεται,
1868 3967 1965 4017 καὶ

392 4049 665 4119 γράφεται
693 4050 751 4103 ἐν
776 4051 964 4117 εικόνι,
990 4050 1078 4104 διά
1107 4052 1266 4105 τοῦτο
1290 4052 1385 4107 καὶ
1406 4054 1505 4122 τὴν
1549 4053 1778 4123 Θεότητα
1800 4056 1967 4110 αὐτοῦ

396 4139 833 4209 περιγράφεσθαι
883 4143 979 4194 καὶ
1016 4144 1329 4212 γράφεσθαι
1377 4145 1541 4213 φήσει
1577 4163 1681 4209 τις,
1712 4147 1826 4198 ἐκεῖ
1867 4150 1968 4216 μὲν

395 4231 491 4301 τῆς
518 4231 659 4284 κατὰ
694 4234 858 4299 φύσιν
894 4237 1192 4303 συναφεέας
1219 4236 1293 4305 μὴ
1326 4240 1666 4308 συγχεούσης
1699 4239 1795 4301 τὰς
1835 4240 1971 4293 imo-

400 4322 646 4390 στάσεις,
676 4323 915 4377 ἐνταῦθα
945 4326 1000 4378 δὲ
1050 4328 1151 4395 τῆς
1181 4327 1306 4379 καθ’
1360 4330 1660 4381 ὑπόστασιν
1722 4331 1970 4394 ὲνώσεως

400 4411 477 4483 μὴ
514 4412 808 4483 ὲξιστώση,
838 4415 946 4467 τῶν
995 4415 1213 4467 οἰκείων
1251 4417 1392 4486 ὅρων
1421 4419 1519 4479 τὰς
1546 4418 1759 4485 φύσεις.
1805 4420 1971 4489 Ὅρος

2065 1935 2124 1987 in
2152 1934 2477 2003 imaginibus
2524 1937 2755 2005 positam
2812 1946 2867 1989 et
2896 1936 3213 1991 collocatam
3244 1936 3523 2002 habemus,
3560 1954 3659 1992 nec

2057 2026 2301 2095 gentium
2333 2041 2483 2080 more
2515 2028 2751 2081 divinum
2782 2028 2890 2083 illis
2939 2028 3197 2082 honorem
3225 2027 3531 2093 tribuimus;
3557 2032 3651 2082 sed

2058 2132 2149 2172 cas
2184 2128 2509 2173 venerantes
2540 2120 2702 2173 animi
2746 2121 2916 2175 nostri
2944 2120 3281 2175 atiectionem
3329 2129 3383 2175 et
3411 2121 3657 2175 Charita-

2062 2218 2168 2264 tem
2198 2225 2323 2277 erga
2351 2209 2677 2279 exemplaria
2704 2211 3162 2267 demonstramus.
3210 2212 3265 2267 Id
3291 2228 3354 2267 ex
3384 2228 3448 2267 eo
3473 2213 3653 2282 colligi

2059 2309 2257 2369 potest,
2293 2304 2433 2370 quod
2464 2303 2697 2372 imagine
2728 2318 2759 2357 e
2789 2302 2931 2372 ligno
2959 2344 2973 2367 ,
3009 2306 3153 2375 quod
3186 2319 3304 2358 eam
3364 2305 3658 2372 aliquando

2061 2392 2501 2461 gerebatdeleta,
2566 2396 2768 2465 lignum
2807 2396 2980 2463 ipsum
3040 2406 3098 2451 ut
3131 2396 3323 2451 inutile
3370 2398 3422 2450 in
3476 2396 3653 2467 ignem

2061 2491 2407 2559 conjicimus.

2134 2581 2266 2635 Cum
2301 2580 2481 2637 crucis
2522 2581 2732 2654 signum
2767 2582 2980 2639 duobus
3011 2596 3042 2638 e
3065 2582 3224 2653 lignis
3277 2584 3657 2648 couliciamus,

2062 2675 2284 2741 quando
2305 2687 2407 2728 nos
2449 2673 2752 2728 infidelium
2780 2674 2979 2744 aliquis
3002 2674 3371 2743 reprehendit.
3410 2680 3552 2746 quod
3589 2677 3655 2730 Ii-

2063 2778 2225 2834 guum
2257 2765 2567 2831 adoremus,
2608 2765 2751 2836 ligna
2785 2773 3122 2840 separantes,
3150 2774 3203 2820 et
3232 2768 3409 2823 crucis
3437 2767 3651 2835 signum

2064 2855 2445 2921 dissolventes,
2479 2871 2541 2911 ea
2570 2858 2855 2926 pessumus
2880 2867 2937 2912 ut
2965 2857 3107 2927 ligna
3159 2860 3369 2913 inutilia
3430 2860 3656 2913 demou-

2065 2958 2280 3012 strare;
2312 2958 2473 3016 atque
2514 2949 2586 3000 ita
2643 2962 2704 3001 os
2739 2948 3036 3001 inﬁdelium
3075 2948 3315 3015 ipsorum
3348 2949 3657 3010 obstruere,

2068 3053 2189 3093 cum
2229 3041 2407 3094 cruris
2444 3041 2681 3110 signum,
2708 3056 2816 3093 non
2863 3053 3039 3095 autem
3079 3041 3281 3111 lignum
3318 3055 3656 3095 veneremur.

2135 3222 2272 3276 Cum
2325 3224 2520 3278 timore
2561 3233 2616 3279 et
2669 3224 2896 3278 veritate
2945 3235 3152 3277 sancue
3217 3223 3476 3290 imagines
3538 3230 3665 3275 sunt

2067 3314 2326 3371 adeundae
2360 3316 2752 3377 etadorandaa,
2805 3325 2858 3369 et
2912 3315 3237 3369 (retielldlllll
3298 3322 3382 3367 est
3425 3313 3661 3367 divinam

2070 3390 2299 3477 gratiam
2315 3410 2619 3463 sanctitatis
2637 3409 2965 3477 largitricetn
2997 3410 3271 3462 assiduam
3307 3408 3359 3460 in
3393 3407 3499 3461 illis
3520 3421 3661 3460 esse.

2141 3500 2602 3565 Quemadmodum
2636 3516 2759 3554 cmn
2810 3510 2997 3555 sancta
3053 3501 3337 3555 Trinitatis
3368 3512 3560 3553 natura
3593 3502 3665 3554 sit

2071 3590 2468 3659 inseparabilis,
2500 3591 2636 3645 Filio
2662 3606 2879 3645 carnem
2916 3593 3125 3656 induto,
3167 3608 3325 3647 nemo
3360 3592 3572 3645 Patrem
3612 3604 3667 3645 et

2074 3681 2336 3750 Spiritum
2366 3696 2583 3737 carnem
2624 3681 2823 3737 dixerit
2860 3684 3121 3749 induisse,
3166 3684 3239 3737 ita
3262 3683 3543 3737 divinitate
3572 3699 3669 3750 per

2074 3787 2357 3841 personam
2394 3770 2517 3826 Filii
2543 3773 2864 3826 humanitati
2897 3774 3211 3842 conjuncta,
3244 3784 3299 3829 et
3349 3773 3662 3827 indivisibili

2075 3877 2448 3935 permanente,
2494 3867 2744 3935 quamvis
2768 3867 3078 3921 humanitas
3100 3867 3221 3935 ejus
3242 3866 3662 3919 circumscriba-

2076 3968 2165 4012 tur
2215 3968 2268 4012 et
2292 3960 2629 4025 exprimatur
2654 3958 2907 4027 imagine,
2940 3975 3048 4014 non
3079 3970 3261 4013 tamen
3300 3957 3501 4012 idcirco
3527 3957 3660 4010 divi-

2078 4051 2221 4107 nitas
2248 4051 2411 4106 etiam
2447 4050 2615 4117 ipsius
2668 4050 3042 4105 circumscribi
3078 4062 3133 4105 et
3164 4051 3401 4120 inmgine
3429 4049 3671 4117 exprimi

2078 4156 2273 4216 potest.
2308 4144 2419 4199 Illic
2444 4144 2587 4197 enim
2618 4142 2929 4212 coniunctio
2954 4143 3222 4197 naturalis
3249 4158 3359 4195 non
3378 4142 3666 4195 confundit

2080 4251 2378 4307 personas;
2411 4234 2498 4288 hic
2542 4241 2723 4287 autem
2775 4234 2902 4286 unio
2932 4248 3026 4303 per
3067 4248 3353 4302 personam
3391 4242 3611 4285 naturas
3635 4248 3673 4283 e-

2080 4328 2317 4395 propriis
2345 4326 2588 4379 terminis
2613 4341 2718 4378 non
2747 4325 3008 4379 excludit.
3044 4325 3357 4378 Divinitatis
3381 4324 3525 4378 enim
3561 4332 3671 4378 ter-

2082 4422 2258 4473 minus
2286 4427 2388 4482 est,
2422 4427 2475 4472 ut
2500 4419 2600 4471 sub
2629 4427 2908 4484 aspectum
2934 4432 3039 4469 non
3069 4417 3248 4481 cadat,
3281 4431 3380 4470 nec
3435 4417 3668 4467 circum-

398 4508 508 4575 γάρ
541 4506 799 4575 θεότητος
829 4507 926 4575 μὲν
950 4508 1012 4558 τὸ
1040 4509 1273 4577 ἀόρατόν
1306 4524 1364 4559 τε
1406 4513 1500 4561 καὶ
1522 4511 1962 4579 ἀπερίγραπτον,

2080 4509 2351 4563 scribatur
2384 4526 2400 4562 :
2437 4509 2787 4563 humanitatis
2817 4517 3022 4571 autem,
3058 4519 3115 4561 ut
3151 4518 3209 4561 et
3239 4507 3467 4575 perspici
3497 4507 3673 4573 possit

399 4597 810 4667 ἀνθρωπότητος
840 4596 894 4648 δὲ
926 4596 987 4648 τὸ
1014 4598 1209 4667 ὁρατὸν
1236 4599 1331 4651 καὶ
1362 4598 1761 4668 περιγραπτόν.

473 4690 655 4744 Είδιά
712 4690 771 4742 τὸ
815 4690 902 4742 τὸν
957 4690 1192 4760 Χριστὸν
1246 4694 1413 4760 σαρκὶ
1477 4690 1861 4763 ἐσταυρῶσθαι
1918 4695 1977 4747 τὸ

404 4783 850 4849 συμπεπονθέναι
883 4784 977 4835 καὶ
1006 4787 1107 4853 τὴν
1137 4782 1366 4853 θεότητα
1398 4784 1580 4851 λέγειν
1616 4788 1831 4851 ἀσεϐὲς,
1866 4791 1976 4857 ἄρα

403 4877 498 4927 καὶ
533 4876 622 4927 διὰ
646 4876 707 4927 τὸ
738 4875 905 4945 σαρκὶ
934 4876 1373 4945 περιγράφεσθαι
1402 4879 1566 4933 αὑτὸν
1594 4881 1654 4933 τὸ
1695 4898 1975 4949 συμπερι-

403 4966 710 5036 γράφεσθαι
737 4967 830 5019 καὶ
875 4967 971 5036 τὴν
1020 4968 1250 5038 θεότητα
1310 4968 1490 5036 λέγειν
1527 4973 1726 5041 ὁμοίως
1758 4975 1977 5039 ἀσεϐὲς,

407 5059 628 5112 κάκεῖνο
660 5060 757 5128 μὲν
784 5059 1196 5128 Θεοπασχιτῶν,
1229 5058 1384 5111 τοῦτο
1405 5060 1462 5112 δὲ
1493 5062 1901 5133 Εὲκονομάχων.

480 5325 559 5393 Τῇ
592 5321 763 5392 πολλῇ
791 5323 885 5375 καὶ
920 5322 1186 5392 ἀφράστῳ
1219 5321 1353 5392 πρός
1376 5322 1464 5374 τὸν
1512 5323 1747 5393 Χριστὸν
1774 5330 1977 5399 στοργῇ

412 5417 706 5486 σεϐόμεθα,
741 5416 832 5467 καὶ
866 5415 1283 5485 προσκυνοῦμεν
1310 5415 1403 5467 καὶ
1434 5416 1560 5478 τοὺς
1613 5416 1811 5480 τόπους
1853 5417 1979 5473 ἔνθα

410 5509 841 5578 περιεπάτησεν,
867 5508 900 5577 ἢ
930 5509 1207 5568 ἐκάθισεν,
1242 5508 1304 5560 ού
1343 5508 1467 5570 τοὺς
1502 5510 1702 5572 τόπους
1737 5526 1981 5579 προσκυ-

411 5600 625 5661 νοῦντες
652 5597 858 5660 ἁπλῶς,
890 5598 1023 5651 ἀλλὰ
1051 5599 1120 5651 δι’
1167 5598 1347 5651 αὐτῶν
1376 5599 1468 5651 τὸν
1504 5602 1561 5652 ἐν
1612 5600 1797 5663 αὐτοῖς
1850 5603 1980 5655 ἁνα-

417 5691 750 5759 στραφέντα,
796 5687 890 5740 καὶ
935 5687 1020 5741 ειά
1070 5690 1175 5743 τῶν
1209 5690 1385 5743 τόπων
1419 5690 1614 5760 ἐκείνῳ
1671 5690 1768 5759 τὴν
1813 5696 1981 5764 τιμὴν

416 5782 802 5851 ἀναφέροντες.

2079 4612 2129 4654 et
2163 4600 2566 4653 circumscribi.

2151 4691 2233 4755 Si,
2256 4691 2382 4758 quia
2404 4689 2651 4744 Christus
2671 4687 2962 4743 crUciiixus
2994 4697 3077 4741 εει
3114 4702 3297 4747 carne.
3328 4687 3678 4742 divinitatem—

2080 4782 2239 4835 simul
2257 4782 2421 4834 etiam
2464 4795 2674 4850 passam
2702 4795 2823 4834 esse
2850 4780 3031 4833 dicere
3057 4780 3278 4847 impium
3308 4790 3413 4844 est,
3441 4780 3664 4847 impium

2082 4874 2207 4926 item
2260 4883 2343 4925 est
2374 4873 2550 4925 dicere
2582 4871 2923 4925 divinitatem
2984 4872 3376 4933 circumacribi,
3407 4874 3665 4941 quoniam

2083 4967 2195 5033 ipse
2230 4978 2391 5019 carne
2419 4964 2910 5019 circumscribitur.
2960 4963 3092 5016 Illud
3127 4964 3268 5017 enim
3305 4963 3379 5017 illi
3425 4966 3669 5017 sentiunt

2084 5056 2344 5120 lucretici,
2374 5055 2466 5124 qui
2501 5054 2663 5107 Deum
2693 5055 2966 5122 patibilem
2997 5063 3267 5116 asserunt,
3300 5065 3353 5109 et
3382 5067 3665 5125 propterea

2083 5159 2344 5205 vocantur
2378 5144 2805 5213 Thcopaschitze.
2845 5146 2961 5200 Huc
3000 5156 3178 5200 autem
3203 5145 3445 5200 sentiunt
3476 5148 3665 5214 imagi-

2083 5253 2207 5291 num
2240 5245 2662 5305 oppugnateres,
2695 5234 2784 5304 qui
2826 5232 3165 5289 lcoumnachi
3189 5236 3559 5289 nominantur.

2150 5327 2340 5397 Magna
2366 5341 2523 5397 atque
2544 5327 2842 5381 incredibili
2864 5344 2988 5396 erga
3008 5328 3277 5382 Christum
3300 5326 3668 5379 benevolentia

2083 5419 2295 5472 adducti
2333 5434 2651 5473 veneramur
2673 5428 2728 5473 et
2758 5420 3049 5473 adoramus
3087 5419 3252 5471 etiam
3293 5418 3435 5477 loca,
3464 5417 3515 5470 in
3545 5420 3665 5485 qui-

2083 5511 2183 5566 bus
2223 5511 2336 5579 ipse
2387 5510 2679 5565 ambulavit
2732 5524 2787 5564 et
2834 5513 3000 5574 sedit,
3051 5524 3159 5564 non
3196 5518 3371 5561 tamen
3417 5523 3479 5560 ca
3553 5510 3677 5561 loca

2084 5605 2396 5673 simpliciter
2422 5604 2731 5667 adorantes,
2782 5604 2875 5658 scd
2900 5621 2992 5673 per
3019 5604 3126 5670 ipsa
3157 5618 3279 5656 eum
3310 5601 3402 5668 qui
3460 5601 3512 5654 iu
3540 5602 3669 5669 ipsis

2086 5706 2329 5753 versatus
2349 5705 2451 5754 est.
2484 5699 2657 5768 Atque
2681 5699 2749 5751 ita
2782 5714 2874 5767 per
2906 5700 3018 5751 lora
3062 5696 3318 5750 ll'.‘liOl‘Ctll
3341 5693 3444 5762 ipsi
3481 5696 3669 5748 tribut-

2088 5806 2206 5842 lllliS
2222 5824 2231 5833 ο
