4082 6388
369 322 503 387 1173

1281 330 1664 391 PANOPLIA
1705 331 2262 395 DOGMATlﬂds“
2300 333 2453 395 TlT.
2488 333 2714 399 XXIII.

3507 304 3644 392 ιιιι

367 443 460 495 καὶ
494 439 590 492 ἐπὶ
616 437 716 510 τῆς
748 437 1126 510 Θεομήτορος.
1167 439 1231 497 Ἦ
1263 442 1374 513 γὰρ
1402 444 1486 507 εἰς
1518 443 1692 513 αὐτὴν
1711 444 1849 515 τιμὴ
1870 445 1950 509 εἰς

2083 444 2323 500 iimilitcr
2346 455 2399 500 et
2427 461 2515 501 res
2550 460 2579 500 a
2602 444 2805 501 sanctis
2831 442 3040 500 l'ortiter
3084 452 3263 512 gestas
3319 442 3646 511 imaginibus

367 531 459 584 τὸν
480 533 541 596 ἐξ
572 531 748 603 αὐτῆς
781 534 1141 603 σαρκωθέντα
1179 536 1471 604 ἀνάγεται.
1514 536 1753 606 Ὁμοίως
1774 535 1833 589 δὲ
1854 535 1951 589 καὶ

2056 537 2415 607 explicemus,
2436 546 2549 592 tum
2578 546 2636 591 ut
2667 551 2764 592 nos
2799 535 2864 590 ad
2892 520 3265 590 fortitudinem
3309 541 3363 589 et
3388 533 3644 588 virtutem

372 626 439 675 ri:
473 623 649 692 ἁγίων
673 625 1154 697 ἀνδραγαθήματα
1184 629 1554 699 εἰκονίζορεν,
1587 628 1959 699 ἑπαλείφοντα

2083 643 2299 699 psorum
2358 630 2716 684 aemulandam
2779 637 2941 699 atque
2995 624 3320 683 imitandam
3396 627 3649 690 incitent,

371 718 520 785 ημᾶς
578 716 718 789 πρὸς
751 718 1000 789 ἀνδρίαν,
1052 724 1147 775 καὶ
1194 722 1381 790 ζῆλον,
1428 723 1526 776 καὶ
1577 722 1815 793 μίμησιν
1848 723 1953 791 τῆς

371 809 555 862 αὐτῶν
588 812 812 882 ἀρετῆς,
844 815 942 868 καὶ
970 812 1132 879 δόξαν
1161 815 1319 869 Θεοῦ.
1377 814 1465 879 '0;
1510 815 1620 886 γὰρ
1644 815 1878 887 ἔφημεν.
1917 816 1952 886 ἡ

372 902 511 968 πρὸς
537 902 665 967 τοὺς
700 903 1057 975 εὐγνώμονας
1087 907 1198 961 τῶν
1222 906 1530 977 ὁμοδούλων
1564 906 1701 976 τιμὴ
1730 907 1955 961 ἀπόδει-

372 994 455 1057 ξιν
490 995 606 1066 ἔχει
633 997 736 1066 τῆς
768 1000 907 1067 πρὸς
929 1001 1023 1053 τὸν
1053 1000 1237 1054 κοινὸν
1265 1001 1547 1069 Δὶσπότην
1570 1000 1810 1063 εὐνοίας.
1844 998 1957 1052 Kal.

374 1090 409 1157 ἠ
444 1092 542 1161 τῆς
565 1092 779 1155 εἰκόνος
809 1095 948 1164 τιμὴ
994 1095 1076 1156 εἰς
1122 1093 1186 1147 τὸ
1242 1095 1608 1165 πρωτότυπον
1660 1092 1956 1148 διαϐαίνει.

379 1184 539 1236 Ἔστι
578 1185 638 1239 δὲ
666 1186 920 1256 ἄγραφος
952 1188 985 1257 ἡ
1012 1188 1341 1258 παράδοσις,
1371 1188 1562 1260 ὥσπερ
1586 1188 1686 1243 καὶ
1725 1186 1786 1240 τὸ
1813 1185 1959 1241 κατὰ

375 1276 651 1341 ἀνατολὰς
684 1281 1045 1348 προσκυνεῖν,
1079 1280 1176 1332 καὶ
1210 1280 1273 1333 τὸ
1296 1282 1633 1352 προσκυνεῖν
1665 1278 1760 1333 τδν
1791 1294 1957 1332 σταυο

378 1372 491 1440 ρῦν,
530 1372 629 1427 καὶ
661 1372 826 1440 ἕτερα
853 1372 1083 1428 πλεῖστα
1114 1373 1327 1435 τούτοις
1350 1375 1532 1443 ὃμοια.

445 1463 678 1534 Φέρεται
706 1463 761 1518 δὲ
782 1478 874 1517 και
904 1482 990 1527 τις
1026 1466 1256 1536 ἱστορία,
1299 1465 1374 1529 ὡς
1406 1466 1435 1517 ό
1482 1466 1709 1535 Κύριος,
1772 1464 1961 1531 Δῦγά-

381 1571 475 1621 ρου
506 1554 602 1608 τοῦ
636 1554 736 1625 τῆς
787 1557 1133 1628 Ἐδεσσηνῶν
1156 1558 1366 1622 πόλεως
1409 1558 1815 1629 βασιλεύοντος,
1853 1560 1963 1623 ζω-

378 1650 595 1719 γράφον
648 1651 1079 1715 ἀποστείλαντος
1127 1653 1230 1723 τὴν
1272 1651 1369 1704 τοῦ
1421 1650 1634 1720 Κυρίου
1669 1653 1964 1721 ὁμοιογρα-

379 1740 552 1810 φῆσαι
586 1742 797 1805 εἰκόνα,
835 1745 911 1813 μὴ
936 1742 1262 1811 δυνηθέντος
1287 1740 1384 1795 τοῦ
1425 1741 1727 1811 ζωγράφου
1746 1740 1834 1795 διὰ
1862 1741 1965 1810 τὴν

383 1834 830 1888 ἀποστίλϐουσαν
878 1834 975 1888 τοῦ
1034 1833 1337 1906 προσώπου
1385 1834 1772 1904 λαμπρότητα,
1803 1834 1965 1896 αὐτὸς

383 1926 605 1995 ἱμάτιον
640 1927 718 1997 τῷ
747 1927 936 1996 οἰκείῳ
967 1927 1273 1999 προσώπῳ,
1304 1926 1383 1997 τῷ
1424 1926 1554 1995 θείῳ
1591 1929 1686 1981 καὶ
1717 1925 1967 1995 ζωοποιῷ

380 2019 614 2084 ἐπιθεὶς,
645 2018 1035 2089 ὲναπεμάξατο
1063 2019 1141 2090 τῷ
1174 2019 1378 2090 ίματίῳ
1410 2018 1472 2073 τὸ
1502 2017 1702 2073 ἑαυτοῦ
1733 2019 1965 2073 ἀπεικό-

381 2128 571 2180 νισμα,
606 2112 700 2165 καὶ
733 2112 908 2174 οὕτως
935 2112 1225 2165 ἀπέστειλε
1262 2112 1418 2166 τοῦτο
1446 2111 1703 2166 ποθοῦντι
1731 2111 1810 2181 τῷ
1862 2114 1967 2165 Αὐ-

385 2214 569 2275 γαρῳ.
605 2204 732 2257 ’Ότι
770 2205 827 2258 δὲ
861 2206 959 2258 καὶ
1004 2205 1234 2260 πλεῖστα
1273 2207 1323 2259 οἰ
1366 2207 1656 2260 ἀπόστολοι
1700 2206 1968 2276 ἀγράφως

386 2297 833 2368 παραδεδώκασι,
859 2298 1070 2367 γράφει
1098 2298 1307 2363 Παῦλος
1332 2300 1362 2353 ὁ
1392 2300 1504 2352 τῶν
1533 2298 1702 2352 ἐθνῶν
1735 2298 1970 2353 ἀπόστο-

385 2392 647 2460 loci-ipa
667 2388 808 2459 οὖν,
843 2392 1121 2462 ἀδελφοὶ,
1143 2392 1402 2459 στήκετε
1422 2392 1668 2459 ἑδραῖοι,
1707 2395 1805 2447 καὶ
1826 2407 1969 2459 κρα-

386 2482 543 2536 τεῖτε
570 2485 679 2549 τὰς
705 2484 1078 2553 παραδόσεις
1125 2484 1319 2553 ἡμῶν,
1355 2482 1429 2549 ἂς
1466 2483 1821 2554 ἐδιδάχθητε
1850 2484 1971 2538 εἴτε

385 2571 485 2625 διὰ
508 2574 699 2643 λόγου
726 2574 848 2628 alte
868 2574 944 2629 δι’
961 2576 1290 2645 ἐπιστολης
1316 2574 1509 2642 ἡμῶν.
1542 2577 1655 2629 Καὶ
1690 2577 1827 2646 πρὸς
1861 2577 1971 2629 Κο-

390 2667 940 2737 ρινθίους,ζἘπαινῶ
962 2669 1033 2723 δὲ
1055 2668 1511 2740 ὐμᾶς,ἀὸελφοὶ,
1532 2669 1622 2723 ὅτι
1640 2670 1837 2723 πάντα
1858 2689 1972 2739 μου

384 2760 717 2829 μέμνησθε,
748 2765 847 2816 καί
888 2762 1088 2829 καθὼς
1116 2762 1434 2831 παρέδωκα
1477 2761 1623 2830 ὑμῖν
1650 2761 1757 2827 τὰς
1789 2778 1977 2830 παρα·

387 2852 616 2919 δόσεις,
650 2853 955 2923 κατέχετε.

1043 2945 1307 3014 Ἐτέρου.

462 3039 585 3093 Τῶν
606 3041 705 3108 μὲν
733 3039 1044 3109 βδελυκτῶν
1070 3040 1306 3095 εἰδώλων
1336 3043 1404 3096 τά
1428 3041 1763 3112 πρωτότυπα
1778 3040 1972 3111 ψευδῆ,

2058 731 2169 776 tum
2196 722 2264 777 ad
2294 721 2522 793 gloriam
2558 721 2674 779 Dei.
2706 719 2842 777 Nam
2882 721 3076 788 honor,
3108 729 3166 775 ut
3194 719 3456 784 diximus,
3485 732 3649 788 quem

2057 812 2226 880 gratis
2255 812 2346 867 Dei
2385 814 2664 869 conservis
2690 808 2975 880 habemus,
3034 812 3237 868 amoris
3253 826 3379 885 erga
3403 826 3651 867 commu-

2062 919 2185 959 nem
2245 906 2530 961 Dominum
2590 906 2849 961 iudicium
2906 916 3011 961 est.
3068 905 3132 959 Et
3170 903 3426 974 imaginis
3478 905 3652 959 honor

2062 997 2255 1051 transit
2287 998 2355 1051 ad
2378 997 2677 1068 exemplar.
2704 995 2798 1052 Est
2825 1006 3000 1051 autem
3027 996 3331 1052 insﬁtutum
3368 1010 3475 1049 non
3515 995 3653 1051 sori-

2063 1098 2236 1158 ptum,
2267 1089 2363 1145 sed
2397 1105 2494 1160 per
2535 1104 2731 1145 manus
2768 1093 3027 1145 traditum
3056 1108 3071 1154 ;
3104 1089 3559 1161 quemadmodum
3599 1096 3655 1142 et

2063 1180 2216 1246 illud,
2239 1182 2382 1251 quod
2405 1183 2471 1237 ad
2488 1182 2764 1238 ‘orientem
2789 1184 3041 1239 conversi
3074 1197 3376 1250 precamur,
3402 1180 3657 1253 quodque

2064 1285 2285 1328 crucem
2321 1274 2701 1341 adoramus,et
2738 1274 2843 1330 alia
2876 1274 3107 1345 plurima
3144 1276 3228 1329 his
3255 1273 3478 1329 similia.

2140 1452 2459 1523 Quanquam
2499 1465 2553 1509 et
2578 1454 2807 1510 historia
2832 1457 3066 1526 quadam
3114 1457 3382 1526 proditum
3408 1467 3511 1521 est,
3537 1472 3659 1512 cum

2070 1544 2467 1602 Eclessenorum
2502 1548 2742 1605 civitatis
2779 1564 2873 1604 rex
2910 1551 3158 1621 Augarus
3181 1550 3439 1619 pictorem
3484 1549 3662 1603 misis-

2071 1649 2177 1702 set,
2204 1639 2296 1708 qui
2324 1638 2538 1695 Domini
2592 1640 2883 1709 imaginem
2935 1640 3199 1710 pingeret,
3228 1640 3385 1708 isque
3440 1647 3664 1708 propter

2054 1726 2359 1798 fulgentem
2411 1730 2594 1783 vultus
2640 1730 2980 1798 splendorem
3012 1728 3065 1782 id
3085 1730 3299 1797 assequi
3330 1742 3434 1782 non
3464 1736 3665 1797 posset,

2071 1819 2358 1873 Dominum
2393 1820 2569 1890 ipsum
2598 1819 2679 1873 ori
2708 1834 2809 1873 suo
2838 1820 3025 1873 divino
3073 1828 3238 1885 atque
3268 1816 3411 1872 almo
3443 1818 3664 1887 pallium

2065 1912 2470 1978 admovisse,in
2508 1924 2684 1980 eoque
2700 1911 2975 1981 propriam
3002 1912 3293 1979 imaginem
3345 1920 3666 1978 expressam

2067 2004 2134 2058 ad
2162 2004 2442 2074 Augarum
2476 2002 2711 2067 misisse,
2739 2002 2833 2071 qui
2886 2001 3031 2055 illius
3056 2002 3327 2057 desiderio
3356 2002 3663 2056 tenebatur.

2067 2096 2224 2163 Quod
2258 2106 2438 2150 autem
2506 2095 2675 2149 multa
2741 2096 2810 2149 ab
2871 2093 3134 2163 apostolis
3169 2109 3278 2149 non
3312 2094 3532 2159 scripta,
3570 2097 3669 2149 sed

2068 2204 2165 2257 per
2191 2202 2385 2243 manus
2416 2187 2615 2242 tradita
2673 2188 2803 2250 sint,
2855 2186 3053 2241 Paulus
3098 2188 3336 2255 gentium
3397 2186 3672 2256 apostolus

2068 2278 2258 2334 scribit
2287 2297 2302 2333 :
2333 2278 2541 2350 Itaque,
2560 2279 2775 2347 fratres,
2802 2278 3071 2348 inquiens,
3096 2289 3230 2333 state
3252 2288 3301 2333 et
3319 2286 3483 2332 tenete
3506 2278 3672 2331 tradi-

2073 2372 2239 2425 tiones
2268 2382 2500 2438 nostras,
2523 2388 2655 2441 quas
2679 2372 2941 2425 didicistis
2964 2373 3068 2425 sine
3120 2388 3214 2439 per
3232 2386 3546 2434 sermonem,
3570 2371 3673 2425 sive

2071 2481 2163 2535 per
2201 2466 2478 2534 epistolam
2512 2467 2814 2520 nostram‘.
2841 2466 2909 2519 Et
2938 2469 3004 2519 ad
3031 2465 3348 2521 Corinthius
3396 2483 3409 2519 :
3464 2463 3671 2527 Laudo,

2073 2560 2267 2629 inqu't,
2298 2576 2406 2624 vos,
2432 2559 2676 2628 quodper
2696 2560 2870 2611 omnia
2900 2560 3001 2611 mei
3018 2574 3267 2611 inaniores
3294 2559 3435 2621 estis,
3468 2568 3513 2612 et
3538 2558 3673 2612 sicut

2076 2651 2277 2706 tradidi
2306 2651 2471 2718 vobis,
2506 2650 2824 2705 traditiones
2848 2666 2993 2704 ineas
3037 2652 3219 2705 tenetis
3251 2650 3293 2703 '.

2753 2945 3007 2999 Alterius.

2154 3033 2560 3092 Detestabilium
2592 3036 2858 3091 idolorum
2892 3034 3219 3107 exemplaria
3244 3045 3365 3089 sunt
3399 3035 3569 3092 falsa:
3602 3036 3676 3090 dii

393 3132 508 3185 θ-οὶ
564 3133 661 3202 μὲν
692 3132 1101 3203 ὀνομαζόμενα,
1157 3134 1415 3204 δαίμονες
1456 3135 1515 3187 δὲ
1552 3134 1721 3187 ὅντα·
1763 3134 1872 3187 τῶν
1924 3134 1978 3187 δὲ

2085 3129 2232 3185 enim
2292 3141 2579 3196 vocantur,
2636 3146 2759 3185 cum
2806 3131 3078 3186 daemones
3111 3129 3238 3183 sint.
3280 3126 3678 3182 Venerabilium

393 3228 611 3280 σεπτῶν
640 3229 867 3280 εἰκόνων
896 3229 1071 3299 ἀληθῆ
1117 3228 1184 3281 τὰ
1217 3228 1531 3298 ἀρχέτυπα.
1567 3230 1682 3296 Τῆς
1720 3229 1821 3298 μὲν
1866 3230 1979 3299 γὰρ

391 3321 423 3375 ό
454 3320 687 3389 Χριστὸς
710 3321 855 3373 κατά
891 3321 950 3373 τὸ
981 3321 1351 3391 ἀνθρώπινον,
1400 3322 1501 3392 τῆς
1533 3322 1589 3375 δὲ
1627 3324 1660 3392 ἡ
1690 3322 1980 3388 Θεοτὸκος,

392 3416 490 3468 καὶ
521 3415 629 3467 τῶν
657 3413 834 3467 ἄλλων
862 3415 1092 3468 εἰκόνων
1146 3419 1195 3467 οἰ
1237 3416 1468 3477 ταύταις
1511 3416 1981 3486 ὲπιφημιξόμενοι

396 3505 565 3571 διγιοι.
592 3504 705 3557 Καὶ
736 3498 900 3559 αὗται
941 3504 1040 3574 μὲν
1076 3504 1291 3558 ἐοίκασι
1321 3506 1434 3567 τοῖς
1468 3507 1877 3573 πρωτοτύποις,
1902 3507 1984 3560 διὸ

395 3604 493 3651 καὶ
533 3597 744 3662 εἰκόνες
776 3598 853 3661 ὡς
898 3596 1227 3668 ὁμοιώματα
1249 3613 1267 3630 ο
1303 3600 1493 3650 ἐκεῖνα
1545 3597 1603 3651 δὲ
1635 3598 1984 3653 παντάπασιν

397 3693 669 3755 ἀνοίκεια,
705 3687 783 3746 ὧν
815 3689 958 3747 εῖναι
1004 3691 1281 3758 λέγονται,
1336 3692 1434 3745 καὶ
1470 3691 1771 3762 άμέθεκτα.
1825 3691 1985 3745 Ποῖον

399 3786 513 3853 γὰρ
540 3783 636 3838 τοῦ
673 3785 748 3854 μὴ
795 3783 949 3848 ὄντος
1000 3785 1258 3852 εἶδωλονς
1312 3783 1528 3838 Εἷδωλα
1568 3780 1662 3838 οὖν
1693 3785 1769 3847 ὼς
1801 3785 1987 3837 εἰκότα

399 3879 580 3933 δὶλειν
636 3882 730 3935 καὶ
785 3881 1125 3953 διαφθείρειν
1168 3884 1294 3944 τοὺς
1330 3882 1619 3952 ,τιμῶντας
1661 3884 1821 3937 αὐτά.
1880 3885 1987 3937 Καὶ

401 3970 473 4020 τὰ
507 3969 609 4039 μὲν
654 3970 852 4023 εἴδωλα
885 3971 1009 4024 ὗλαι
1043 3972 1227 4042 μόνον,
1274 3973 1329 4026 αἰ
1358 3973 1417 4026 δὲ
1448 3975 1659 4037 εἰκόνες
1710 3975 1835 4027 ὕλαι
1889 3981 1989 4042 μὲν

408 4066 502 4120 καὶ⁸
557 4058 745 4130 αὗται,
816 4066 1151 4136 ὴγιασμέναι
1211 4067 1269 4121 δὲ
1332 4070 1446 4132 τοῖς
1495 4069 1971 4140 ὲντετυπωμὲνοις

408 4159 720 4230 ὁμοιώμασι
745 4161 853 4214 τῶν
879 4161 1071 4230 ἁγίων.

1011 4340 1265 4395 ΤΙΤΛΟΣ
1299 4340 1429 4397 ΚΓ’.

928 4431 1093 4485 Κατὰ
1132 4431 1465 4495 Ἀρμενίων.

482 4528 638 4580 Μετά
665 4524 767 4594 τὴν
805 4526 846 4577 δ’
885 4527 943 4577 ὲν
975 4523 1288 4593 Χαλκηδόνι
1322 4522 1548 4577 σύνοδον
1578 4522 1993 4593 ἀπορρήξαντες

396 4620 640 4685 -ὲαυτοὺς
679 4619 782 4688 τῆς
837 4618 1138 4688 καθολικῆς
1212 4616 1545 4686 Ἐκκλησίας
1591 4617 1644 4668 οἱ
1713 4615 1995 4685 ’,Αρμὲνιοι

412 4714 502 4767 διά
532 4730 678 4776 τινος
726 4712 978 4782 Ἐχανίου
1008 4710 1102 4763 τοῦ
1132 4710 1226 4763 καὶ
1249 4709 1620 4778 Μαντακουνῆ
1650 4724 1997 4778 προσονομα-

415 4804 675 4877 ζομένου,
705 4806 799 4858 καὶ
828 4804 936 4856 τῶν
964 4803 1062 4856 σὺν
1092 4801 1242 4871 αὑτῷ
1269 4800 1513 4873 βεϐήλων
1545 4802 1759 4870 ἱερέων,
1791 4800 1884 4853 καὶ
1898 4801 1998 4869 τὴν

416 4898 719 4968 Εὑτυχοῦς,
750 4898 849 4950 καὶ
872 4896 1190 4964 Διοσκόρου,
1246 4897 1343 4948 καὶ
1380 4895 1490 4947 τῶν
1525 4895 1702 4948 ἄλλων
1749 4895 2002 4962 Μονοφυ-

419 4993 586 5045 σιτῶν
614 4990 941 5055 κακοδοξίαν
975 4988 1377 5058 εἰσδεξάμενοι,
1412 4988 1761 5057 προσθήκαις
1782 4986 2001 5039 ἀσεϐῶν

417 5084 707 5153 δογμάτων
757 5085 1076 5153 ἐπηύξησαν
1138 5082 1334 5152 αὐτὴν,
1383 5082 1480 5133 καὶ
1524 5081 2002 5152 περιφανεστέραν

420 5176 772 5246 εἰργάσαντο.
810 5177 949 5228 Φασὶ
984 5176 1093 5245 γὰρ
1120 5175 1195 5245 μὴ
1232 5173 1606 5229 ἀναλαϐέσθαι
1641 5173 1733 5227 τὸν
1760 5175 2002 5244 Χριστὸν

419 5268 713 5336 όμοούσιον
739 5270 872 5339 ἡμῖν
902 5269 1085 5339 σῶμα,
1118 5268 1232 5319 ἀλλ’
1284 5267 1565 5337 ᾶφθαρτόν
1600 5285 1676 5332 τι,
1710 5267 1805 5319 καὶ
1854 5267 2003 5320 άπα-

422 5363 537 5427 θὲς,
570 5361 666 5415 καὶ
691 5361 910 5429 λεπτὸν,
942 5364 1036 5415 καὶ
1057 5361 1336 5420 ἀκτιστον,
1362 5359 1460 5414 xui.
1504 5359 1780 5429 οὐράνιον⁹
1832 5358 2003 5412 ὀπτά-

420 5452 614 5507 νεσθαι
642 5453 722 5517 δὲ,
752 5455 845 5506 καὶ
878 5452 1081 5517 ἐσθίον,
1115 5452 1210 5505 καὶ
1242 5450 1420 5517 πίνον,
1448 5452 1546 5504 καὶ
1576 5450 1747 5503 τᾶλλα
1775 5448 1888 5501 τῶν
1912 5450 2005 5501 ἀν-

425 5544 719 5613 θρωπίνων
746 5544 921 5595 ποιεῖν
938 5543 1079 5596 κατά
1097 5541 1424 5610 φαντασίαν.
1445 5539 1618 5595 Πάλιν
1642 5540 1698 5593 δὲ
1729 5540 2003 5607 λέγουσιν,

426 5636 509 5690 ὅτι
555 5634 649 5689 καὶ
703 5634 843 5705 αὑτὴ
885 5636 918 5705 ἡ
974 5635 1279 5705 δηλωθεῖσα
1320 5633 1460 5704 σάρξ
1493 5633 1658 5689 αὐτοῦ
1716 5635 1796 5698 εἰς
1840 5632 2004 5703 φύσιν

500 5826 516 5855 ¹
543 5822 585 5877 ll
620 5820 815 5880 Thess.
842 5837 900 5884 ιι,
935 5819 1016 5874 14.
1094 5816 1149 5871 ³1
1179 5816 1303 5873 Cor.
1341 5832 1413 5884 ιι,
1443 5817 1493 5870 9..

2083 3231 2264 3277 autem
2299 3221 2595 3290 imaginum
2628 3235 2751 3275 vera
2786 3231 2914 3273 sunt
2944 3218 3305 3290 exemplaria.
3340 3218 3513 3287 Hujus
3535 3218 3678 3271 enim

2082 3314 2351 3377 Christus,
2374 3322 2642 3382 quatenus
2667 3314 2827 3367 homo
2857 3324 2972 3377 est;
3007 3312 3149 3365 illius
3178 3320 3356 3365 autem
3393 3310 3482 3365 Dei
3518 3311 3682 3365 Geni-

2088 3410 2234 3475 trix;
2269 3409 2497 3462 aliarum
2533 3408 2849 3476 imaginum,
2880 3405 2973 3477 qui
3007 3419 3107 3475 per
3172 3404 3292 3459 illas
3342 3404 3685 3459 celebrantur

2086 3507 2286 3561 sancti.
2318 3504 2684 3571 Quamobrem
2722 3513 2774 3556 et
2818 3502 3082 3571 imagines
3135 3512 3261 3556 sunt
3315 3510 3572 3569 tanquam
3609 3498 3687 3554 si-

2086 3599 2455 3665 militudines;
2493 3597 2631 3652 idola
2661 3611 2788 3651 vero
2821 3612 2944 3650 cum
2986 3596 3115 3659 illis,
3172 3608 3406 3662 quorum
3438 3608 3559 3647 esse
3604 3593 3687 3646 di-

2088 3700 2284 3748 euutur
2346 3691 2540 3755 simile,
2603 3698 2653 3743 et
2702 3702 2990 3744 commune
3031 3686 3161 3741 nihil
3215 3685 3416 3740 habent
3441 3684 3685 3740 omnino.

2091 3786 2257 3851 Quale
2298 3785 2440 3840 euizn
2487 3784 2564 3840 rei
2628 3799 2732 3839 non
2782 3782 3094 3839 exsistentis
3160 3779 3514 3836 simulacrum
3578 3777 3691 3832 sit?

2090 3876 2301 3929 Εἵδωλα
2360 3875 2521 3947 igitur
2585 3875 2731 3931 dicta
2768 3885 2931 3939 sunt,
2984 3873 3140 3945 quasi
3194 3873 3452 3926 dicantur
3501 3870 3687 3924 εἰκότα

2089 3967 2285 4031 bilem,
2322 3982 2443 4033 qua:
2485 3980 2680 4035 nempe
2709 3980 2803 4018 eos
2834 3965 3063 4035 perdere
3116 3964 3413 4019 videantur
3442 3961 3532 4031 qui
3594 3961 3690 4016 ad-

2091 4071 2255 4116 orant
2291 4074 2377 4113 ea.
2411 4058 2557 4113 ldola
2594 4059 2819 4112 materia
2852 4066 3061 4111 tantum
3094 4068 3243 4124 sunt;
3274 4056 3536 4125 imagines
3563 4067 3691 4108 vero

2095 4157 2320 4210 materia
2342 4154 2557 4223 quidem
2581 4162 2633 4206 et
2657 4154 2787 4221 ipsa:
2810 4161 2957 4218 sunt,
2982 4154 3075 4205 sed
3094 4166 3213 4218 quae
3239 4162 3424 4203 saneta
3456 4149 3547 4214 sit,
3567 4161 3693 4217 pro-

2097 4258 2213 4319 pter
2251 4250 2545 4320 impressas
2592 4255 2901 4300 sauctorum
2962 4243 3370 4298 similitudines.

2626 4335 2929 4393 TI'I‘ULUS
2966 4335 3156 4393 ΧΧιιι.

2596 4436 2859 4488 Adversus
2901 4433 2940 4485 Α
2953 4434 3198 4487 rntenios.

2172 4528 2299 4582 Post
2336 4536 2591 4597 quartum
2624 4526 2911 4579 concilium
2972 4524 3413 4577 Chalcedonense
3452 4519 3697 4577 Armenii

2100 4618 2324 4674 Eehanii
2357 4618 2658 4685 cujusdam,
2700 4616 2791 4684 qui
2820 4624 2874 4667 et
2908 4611 3269 4666 Maudacnues
3303 4609 3699 4680 appellabatur,

2101 4720 2154 4766 et
2180 4711 2551 4779 profanorum,
2585 4709 2821 4779 quicum
2856 4707 2971 4776 ipso
2992 4712 3170 4769 erant,
3200 4703 3541 4757 sacerdotum
3571 4714 3699 4756 sua-

2103 4819 2163 4856 su
2198 4802 2264 4856 ab
2296 4799 2539 4856 Ecclesia
2589 4798 2861 4854 catholica
2913 4794 3249 4861 deﬁcientes,
3309 4802 3363 4847 et
3396 4792 3700 4862 improbam

2104 4894 2390 4964 Eutychis,
2430 4903 2591 4962 atque
2641 4889 2904 4955 Dioscori,
2932 4900 2986 4941 et
3013 4886 3243 4940 aliorum
3295 4884 3700 4956 Monophysita-

2106 5006 2244 5053 rum,
2284 4989 2372 5058 qui
2399 5003 2559 5040 unam
2615 4994 2821 5040 tantum
2856 4986 2908 5039 in
2955 4982 3173 5041 Christo
3211 4992 3459 5035 naturam
3492 4980 3702 5039 dicunt,

2107 5084 2416 5152 opinionem
2462 5079 2658 5145 secuti,
2709 5078 2997 5148 impiorum
3045 5078 3354 5145 dogmatum
3388 5073 3704 5129 accessione

2110 5176 2253 5229 illam
2283 5172 2692 5227 cumulatiorem
2723 5180 2775 5224 et
2801 5169 3152 5223 illustriorem
3188 5167 3557 5222 reddiderunt.
3610 5163 3699 5216 Di-

2108 5278 2237 5323 cunt
2268 5266 2411 5322 enim
2437 5264 2713 5321 Christum
2762 5264 3070 5331 suscepisse
3101 5275 3298 5329 corpus
3318 5273 3423 5312 non
3459 5255 3699 5323 ejusdem

2111 5360 2385 5423 essentne,
2414 5357 2571 5428 cujus
2615 5363 2797 5411 nostra
2829 5363 2956 5410 sunt
3006 5368 3257 5423 corpora,
3318 5349 3413 5405 sed
3454 5350 3703 5404 incorruo

2113 5450 2318 5520 ptibile,
2341 5458 2396 5505 et
2419 5446 2733 5517 impatibile,
2759 5457 2811 5502 et
2831 5456 3008 5507 teuuc,
3040 5452 3093 5498 et
3118 5442 3438 5507 iucreatum,
3474 5452 3529 5494 et
3552 5441 3707 5493 caele-

2111 5556 2215 5609 ste,
2245 5542 2385 5612 quod
2407 5551 2461 5598 et
2492 5541 2700 5601 videre,
2732 5548 2788 5596 et
2816 5538 3121 5601 comedere,
3146 5544 3201 5590 et
3229 5533 3412 5589 bibere
3434 5533 3706 5597 videatur,

2113 5646 2166 5691 ct
2201 5636 2322 5691 aliis
2350 5634 2663 5690 muneribus
2691 5630 2941 5687 humanis
2979 5627 3151 5699 fungi,
3206 5641 3328 5681 cum
3362 5633 3542 5681 tamen
3573 5624 3707 5681 nihil
