4132 6404
514 299 653 368 1179

1680 336 1687 345 '
1748 313 2138 373 EUTIIYMII
2178 313 2549 376 ZlGABENI

2363 199 2414 214 ρ

3675 319 3815 385 1180

586 422 722 474 Cum
773 420 968 475 mortis
995 430 1236 492 tempore
1273 423 1511 493 legamus
1561 423 1842 479 Christum
1897 438 2106 488 orasse,

2283 425 2390 478 Τοῦ
2419 426 2655 496 Χριστοῦ
2692 424 2834 480 κατά
2869 425 2962 478 τὸν
2991 425 3184 496 καιρὸν
3234 423 3329 480 τοῦ
3369 427 3580 493 πάθους
3630 446 3813 496 προσ-

512 523 562 564 ct
601 516 828 566 sudores
904 521 1156 583 tanquam
1207 523 1389 585 guttas
1445 516 1732 586 sanguinis
1761 531 1826 569 ex
1889 514 2112 582 proprio

511 616 743 673 corpore
771 603 1099 672 profudisse,
1140 621 1248 676 quo
1280 617 1531 662 naturam
1590 607 1776 663 carnis
1801 623 1912 663 suae
1965 621 2115 662 com-

515 697 790 764 probaret,
823 699 1063 754 Armenii
1104 699 1298 756 callide
1326 702 1553 756 sudores
1582 716 1647 756 ex
1700 701 2113 771 Evangeliorum

518 787 673 842 libris
697 790 1032 854 deleverunt,
1065 802 1122 844 ut
1153 804 1531 864 argumentum
1584 805 1880 864 assumpta:
1934 796 2116 850 carnis

511 896 575 932 ex
603 880 842 948 Virgine,
873 883 1017 951 quod
1052 885 1176 940 inde
1203 887 1454 951 smnitur,
1493 888 1784 952 evitat-ent,
1829 897 1884 942 et
1911 889 2115 943 Serva-

514 969 648 1023 toris
705 980 954 1026 naturam
1011 975 1287 1028 hominum
1375 987 1582 1032 natura:
1653 987 1912 1047 negarent
1991 993 2116 1034 esse

509 1063 764 1119 similem.
805 1065 1003 1120 Verum
1039 1082 1130 1123 eos
1158 1067 1316 1122 aliter
1350 1069 1544 1126 Paulus
1563 1069 1859 1140 redarguit,
1889 1071 2112 1126 dicens:

513 1153 620 1220 Qui
658 1157 711 1210 in
743 1158 925 1213 diebus
955 1161 1131 1214 carnis
1162 1177 1276 1215 sua:
1313 1164 1556 1229 precibus
1595 1174 1642 1216 et
1668 1163 2114 1217 obsecrationibus

510 1250 645 1316 [usis
675 1251 743 1302 ad
779 1267 921 1314 eum,
975 1254 1062 1323 qui
1093 1265 1294 1322 poterat
1329 1257 1498 1324 ipsum
1529 1273 1560 1309 a
1639 1264 1804 1310 morte
1872 1272 2110 1319 servare,

511 1356 630 1393 cum
659 1341 889 1397 clamore
925 1362 1115 1414 magno
1139 1355 1188 1399 et
1219 1347 1470 1418 larrgmis
1503 1357 1555 1402 et
1601 1364 1720 1415 qure
1743 1357 2046 1417 sequuntur
2073 1347 2113 1401 ⁸.

515 1429 709 1484 Preces
741 1435 907 1499 enim,
937 1446 991 1489 et
1023 1438 1453 1501 obsecrationes,
1506 1447 1560 1491 t'l
1593 1438 1769 1507 magni
1829 1438 2116 1502 clamores,

513 1526 570 1572 et
605 1519 671 1571 lui
693 1536 858 1590 ryma:
893 1537 1214 1593 argumento
1257 1527 1562 1582 certissimo
1615 1528 1865 1595 probant,
1897 1542 2114 1582 carnem

515 1613 635 1673 ejus
674 1623 872 1669 nostrae
925 1617 1155 1670 similem
1220 1619 1513 1685 exstitisse,
1575 1636 1695 1675 cum
1736 1621 1852 1690 ipsa
1899 1636 2117 1692 quoque

519 1703 900 1760 anet-tionibus
927 1719 1073 1762 esset
1101 1709 1334 1765 obnoxia
1367 1712 1483 1766 sine
1513 1723 1760 1782 peccato.

590 2002 664 2058 De
699 2007 995 2074 additione,
1023 2026 1183 2082 quam
1229 2013 1476 2084 Trisngio
1498 2019 1710 2072 cantico
1740 2017 1927 2072 Petrus
1966 2017 2118 2072 Fullo

520 2097 760 2153 adhibuit
793 2103 843 2155 in
883 2106 1039 2159 titulo
1075 2108 1335 2164 adversus
1359 2109 1806 2177 TheOpaschitas,
1871 2110 2015 2180 quid
2043 2113 2121 2165 vi-

521 2190 747 2244 nitatem
780 2210 994 2261 passam
1041 2203 1550 2266 asserunt,ilictum
1598 2213 1702 2256 est.
1751 2202 1991 2256 Armenii
2021 2217 2120 2255 au-

519 2291 628 2336 tem
664 2287 802 2342 hanc
854 2288 956 2357 ipsi
1017 2306 1231 2361 quoque
1300 2293 1632 2350 additionem
1687 2295 1738 2348 in
1790 2309 1856 2348 eo
1908 2295 2122 2349 cantizo

521 2381 905 2450 pronuntiant,
939 2398 1043 2452 qua
1076 2386 1292 2454 quidem
1323 2387 1374 2440 in
1416 2401 1477 2442 re
1541 2396 1670 2442 sunt
1709 2388 1996 2441 admodum
2044 2387 2120 2440 ri-

519 2470 710 2536 diculi,
741 2475 834 2540 qui
865 2489 987 2528 cum
1025 2476 1229 2532 Christi
1261 2493 1460 2549 corpus
1479 2479 1662 2535 dicant
1693 2479 2120 2550 incorruptibile,

519 2570 575 2615 et
610 2564 928 2632 impatibile,
975 2577 1030 2623 et
1091 2570 1420 2636 immortale,
1451 2572 1788 2626 divinitatem
1847 2573 1970 2641 ejus
2029 2585 2125 2638 pa-

521 2654 724 2711 tibilem
763 2659 1157 2730 mortalemqne
1221 2663 1456 2717 tradant.
1516 2663 2122 2732 Aphtlmrtodocitarmn

518 2749 663 2803 enim
699 2751 858 2805 simul
887 2765 940 2807 et
997 2753 1523 2824 'l'heopaschitarnm
1587 2756 1776 2810 morbo
1819 2755 2120 2820 insaniunt;

518 2839 589 2893 de
628 2841 821 2910 quibus
860 2859 979 2912 qua:
1025 2847 1134 2900 visa
1178 2855 1299 2901 sunt
1355 2859 1678 2916 opportuna,
1711 2847 1824 2901 suis
1855 2846 1911 2901 in
1957 2847 2126 2901 titulis

519 2936 938 3010 disputavimus.
979 2945 1038 2999 ln
1076 2944 1180 3000 illis
1219 2944 1384 3014 igitur
1424 2945 1775 3014 quaerendum
1819 2953 1925 2997 est.

595 3055 887 3128 Origenem
923 3060 975 3113 in
1008 3059 1197 3127 primis
1218 3059 1441 3130 impium
1476 3057 1671 3130 partim
1704 3057 1973 3126 rejiciunt,
2000 3072 2126 3126 par-

2217 519 2546 590 ευχομένου,
2616 519 2714 573 καὶ
2761 519 2996 591 ἱδρῶτας
3061 519 3200 574 ὡσεὶ
3242 519 3529 591 θρόμϐους
3573 522 3816 592 αἵματος

2217 611 2282 664 ὲκ
2306 611 2400 663 τοῦ
2437 607 2571 664 ίδίου
2605 613 2863 680 σώματος
2905 609 3231 680 ῥεύσαντος,
3260 610 3358 663 καὶ
3388 611 3490 680 τὴν
3517 610 3682 679 φύσιν
3709 612 3812 680 τῆς

2219 702 2420 770 σαρκὸς
2461 699 2631 754 αὐτοῦ
2663 701 3089 771 βεϐαιώσαντος,
3120 703 3170 754 οἱ
3219 702 3500 773 Ἀρμένιοι
3521 703 3817 771 κακοήθως

2217 793 2531 864 ἀπήλειψαν
2565 796 2688 856 τοὺς
2743 792 2976 863 ἱδρῶτας
3017 794 3081 848 ἐκ
3119 793 3219 862 τῆς
3282 793 3475 862 βίϐλου
3544 795 3654 848 τῶν
3705 794 3817 848 Εὐ-

2220 888 2516 955 αγγελεων,
2557 887 2859 957 φεύγοντες
2902 886 2996 939 τὸν
3036 884 3291 940 ἐντεῦθεν
3339 885 3562 957 ἔλεγχον
3603 887 3705 956 τῆς
3748 889 3814 940 ὲκ

2220 980 2500 1051 Παρθένου
2535 979 2892 1049 σαρκώσεως,
2922 981 3018 1032 καὶ
3053 979 3382 1043 ἀθετοῦντες
3415 979 3516 1048 τὴν
3565 981 3811 1051 ὁμογενῆ

2218 1073 2328 1132 τοῖς
2359 1069 2670 1140 ἀνθρώποις
2703 1070 2864 1140 φύσιν
2915 1069 3008 1123 τοῦ
3044 1071 3319 1141 Σωτῆρος.
3389 1070 3528 1124 Ἀλλ’
3589 1073 3811 1142 ἐλέγχει

2217 1162 2442 1226 τούτους
2473 1165 2677 1234 ἑτέρως
2710 1163 2738 1215 ὁ
2770 1163 3070 1227 ἀπόστολος
3103 1163 3315 1226 Παῦλος
3348 1163 3550 1232 λέγων,
3591 1167 3690 1231 Ὃς
3739 1166 3813 1220 ἐν

2220 1255 2350 1321 ταῖς
2375 1257 2622 1326 ἡμέραις
2643 1255 2753 1324 τῆς
2771 1255 3005 1324 σαρκὸς
3019 1257 3209 1310 αὑτοῦ
3225 1256 3472 1325 δεήσεις
3495 1273 3557 1309 τε
3571 1256 3669 1310 καὶ
3691 1259 3816 1309 ἱκε-

2218 1351 2425 1417 τηρίας
2458 1349 2605 1417 πρὸς
2627 1348 2733 1402 τὸν
2757 1348 3104 1415 δυνάμενον
3141 1348 3353 1408 σώζειν
3380 1349 3570 1402 αὐτὸν
3601 1349 3673 1401 ἐκ
3705 1353 3808 1403 0a-

2217 1441 2292 1496 νά
2302 1459 2403 1496 του
2424 1441 2571 1508 μετὰ
2600 1456 2750 1509 κραυ
2763 1440 2868 1509 Γῆς
2889 1440 3147 1508 ίσχυρᾶς
3163 1441 3260 1494 καί
3289 1440 3566 1508 δακρύων
3587 1443 3810 1509 προσέ-

2218 1534 2460 1601 νέγκας,
2493 1533 2587 1586 καὶ
2617 1534 2686 1585 τὰ
2719 1532 2869 1601 ἑξῆς.
2897 1532 2965 1584 Ai
2997 1532 3212 1602 δεήσεις
3236 1537 3370 1603 γὰρ,
3414 1532 3508 1585 καὶ
3538 1533 3596 1585 αί
3628 1533 3814 1600 ἱκετη-

2222 1626 2358 1694 ρίαι,
2391 1625 2486 1678 καὶ
2514 1626 2570 1678 αἱ
2612 1625 2832 1696 ἰσχυραὶ
2858 1625 3126 1694 κραυγαὶ,
3178 1626 3274 1678 καὶ
3345 1624 3414 1678 τὰ
3451 1624 3670 1694 δάκρυα
3721 1625 3817 1676 πί-

2222 1716 2428 1780 στωσίς
2461 1719 2599 1770 εἰσιν
2621 1718 3021 1788 ἀναντίρῤητος
3047 1716 3149 1784 τῆς
3188 1716 3488 1785 συγγενοῦς
3510 1719 3642 1787 ἡμῖν
3677 1733 3818 1786 σαρ-

2138 1803 2183 1861 ll
2218 1811 2314 1873 κὸς
2342 1809 2533 1874 αὑτοῦ,
2568 1813 2680 1874 τοῖς
2705 1811 2917 1881 ὁμοίοις
2950 1809 3046 1864 καὶ
3077 1809 3253 1878 αὐτῆς
3291 1811 3526 1865 πάθεσιν
3581 1810 3812 1863 ὑποκει-

2223 1907 2392 1974 μένης
2416 1904 2587 1975 χωρῖς
2623 1905 2925 1974 ἁμαρτίας.

2295 2021 2432 2090 Περὶ
2460 2021 2559 2087 τῆς
2612 2023 2670 2073 ὲν
2708 2021 2788 2090 τῷ
2816 2024 3093 2093 τρισαγίῳ
3141 2021 3302 2090 ὕμνῳ
3351 2019 3674 2090 προσθήκης
3710 2019 3819 2072 Πέ-

2221 2131 2356 2182 τρου
2390 2113 2487 2166 τοῦ
2521 2114 2787 2182 Κναφέως
2829 2116 3258 2186 προγέγραπται
3321 2115 3380 2166 ὲν
3409 2113 3490 2180 τῷ
3523 2113 3669 2166 κατὰ
3700 2111 3815 2163 τῶν

2223 2206 2612 2276 Θεοπασχιτῶν
2641 2207 2948 2277 τ,ίτλῳ.1(αὶ
2978 2209 3088 2277 γὰρ
3117 2208 3215 2260 καὶ
3244 2206 3520 2277 Ἀρμένιοι
3545 2205 3684 2274 μετά
3712 2204 3816 2271 τῆς

2224 2299 2456 2360 ἀσεϐοῦς
2486 2299 2692 2370 ταύτης
2717 2299 3042 2371 προσθήκης
3080 2301 3174 2353 τὸν
3199 2299 3369 2368 ὕμνον
3412 2299 3604 2352 τοῦτον
3678 2313 3817 2367 προσ

2224 2395 2474 2463 φέρουσι.
2513 2393 2924 2461 Καταγέλαστοι
2953 2395 3011 2448 δὲ
3052 2395 3296 2459 πάντως,
3337 2392 3388 2446 οἳ
3425 2393 3488 2444 τὸ
3521 2393 3620 2461 μὲν
3649 2391 3819 2459 σῶμα

2224 2486 2320 2539 τοῦ
2349 2485 2588 2554 Χριστοῦ
2644 2487 2898 2554 λέγουσιν
2949 2487 3251 2556 ἄφθαρτον,
3307 2485 3403 2539 καὶ
3452 2483 3686 2545 ἀπαθὲς,
3720 2483 3822 2534 καὶ

2226 2578 2521 2643 ἀθάνατον,
2565 2577 2667 2647 τὴν
2687 2577 2922 2649 θεότητα
2972 2579 3030 2632 δὲ
3063 2579 3234 2632 αὐτοῦ
3285 2576 3543 2645 παθητὴν
3573 2575 3668 2628 καὶ
3688 2575 3825 2642 θνη-

2227 2671 2326 2741 τὴν
2363 2671 2600 2739 μάλιστα
2653 2672 3071 2741 δογματίζουσι.
3114 2672 3225 2726 Καὶ
3270 2670 3382 2741 γὰρ
3423 2670 3520 2722 καὶ
3576 2667 3678 2737 τὴν
3701 2667 3822 2719 τῶν

2241 2763 2295 2813 Ἀ
2307 2762 2767 2832 φθαρτοδοκητῶν
2798 2762 3015 2816 νοσοῦσι
3050 2763 3276 2832 μανίαν,
3295 2762 3391 2815 καὶ
3410 2759 3512 2830 τὴν
3540 2759 3650 2811 τῶν
3689 2757 3824 2809 Θεο-

2237 2853 2705 2922 πασχιτῶν,περὶ
2757 2847 2834 2907 ὧν
2887 2856 2944 2907 ὲν
2993 2855 3106 2915 τοῖς
3157 2853 3279 2906 κατ’
3319 2851 3548 2904 ἐκείνων
3613 2849 3825 2911 τίτλοις

2229 2946 2558 3016 προεγράφη
2587 2947 2655 3000 τὰ
2693 2946 2906 3008 δέοντα,
2938 2949 3034 3000 καὶ
3056 2947 3323 3017 ζητητέον
3355 2945 3493 2997 ἐκεῖ.

2302 3061 2410 3115 Τὸν
2459 3061 2890 3114 δυσσεϐέστατον
2941 3059 3192 3128 Ὠριγένη
3239 3061 3296 3112 ὲν
3338 3058 3494 3128 μέρει
3531 3056 3629 3126 μὲν
3681 3058 3818 3107 (11:0-

524 3151 620 3205 tim
654 3161 711 3206 ut
753 3168 1002 3224 magnum
1062 3156 1339 3208 doctorem
1379 3155 1430 3207 in
1491 3150 1777 3207 sacrificiis
1817 3149 1931 3206 suis
1986 3149 2117 3204 reci-

2226 3151 2535 3213 6άλλονται,
2561 3154 2618 3206 ὲν
2645 3153 2802 3224 μέρει
2834 3152 2890 3205 δὲ
2912 3152 3281 3222 ἀναφέρουσιν
3327 3151 3386 3202 ὲν
3449 3151 3568 3213 ταῖς
3604 3149 3827 3218 ἱερουρ-

521 3245 780 3316 piunt.Et
808 3262 930 3301 cum
967 3247 1034 3301 ab
1062 3245 1382 3302 nrthudosis
1412 3244 1903 3314 reprehenduntur,
1922 3242 2119 3297 etOri-

523 3354 715 3407 geriem
743 3339 940 3406 ipsum,
977 3348 1030 3393 et
1059 3337 1382 3407 Eutychem,
1405 3347 1458 3390 et
1489 3336 1801 3389 Dioscorlltlt
1828 3349 2122 3388 exsecran-

525 3443 634 3493 tur,
667 3431 759 3484 sed
815 3430 1008 3501 impias
1074 3439 1249 3484 tamen
1307 3445 1490 3485 eorum
1541 3427 1828 3498 opiniones
1883 3435 2125 3495 tuentur,

521 3523 895 3596 doctrinaeque
954 3525 1205 3581 credunt.

1091 3775 1098 3782 π
1143 3755 1220 3809 De
1270 3756 1492 3827 azymis.

605 3887 667 3943 In
698 3887 881 3944 olIicio
911 3898 1102 3945 sancto
1135 3905 1248 3945 non
1293 3893 1559 3948 adhibent
1594 3909 1814 3964 panem,
1869 3898 1947 3951 uti
1994 3913 2116 3963 nos,

531 3981 629 4038 sed
680 3997 958 4052 azymum.
1005 3982 1294 4038 Judaicum
1349 3996 1531 4040 autem
1592 4003 1822 4057 prorsus
1858 3999 1945 4044 est
1992 4005 2118 4061 azy-

445 4130 450 4135 ,
527 4090 700 4129 mum.
729 4074 991 4141 Quamvis
1011 4075 1304 4144 Apostolus
1335 4077 1536 4133 Paulus
1556 4079 1926 4152 etGregorius
1949 4081 2122 4136 Theo-

525 4168 686 4236 lngus
723 4168 964 4224 dixerint
997 4186 1011 4222 :
1045 4171 1278 4241 Antiqua
1330 4176 1737 4242 prwlcrierunt;
1785 4191 1900 4228 ecce
1935 4177 2116 4228 omnia

527 4273 562 4310 υ
589 4273 686 4310 ινα.
719 4255 786 4310 Et
818 4256 1071 4327 quamvis
1101 4257 1531 4328 Chrysostomus
1558 4262 1627 4317 de
1657 4263 1850 4318 Vetere
1881 4274 1935 4318 et
1961 4264 2114 4319 Novo

529 4344 886 4403 Testamento
937 4349 1124 4406 dicat:
1169 4352 1286 4407 Illic
1319 4353 1521 4416 littera,
1571 4354 1657 4408 hic
1697 4354 1916 4423 spiritus
1950 4369 1968 4408 :
2001 4353 2114 4408 illic

2226 3246 2375 3314 γίαις
2402 3245 2604 3308 αὐτῶν,
2633 3247 2708 3307 ὡς
2750 3245 2926 3315 μέγαν
2953 3244 3298 3298 διδάσκαλον.
3331 3243 3504 3296 Ὅταν
3549 3242 3605 3294 δὲ
3664 3240 3824 3308 παρά

2227 3339 2336 3392 τῶν
2384 3337 2613 3401 ἐνδόξων
2668 3337 3019 3408 ἐλεγχθῶσιν,
3074 3335 3538 3402 ἀναθεματίζουσι
3578 3333 3678 3403 μὲν
3729 3333 3827 3386 καὶ

2239 3428 2513 3497 Ὠριγένη,
2547 3429 2640 3481 καὶ
2674 3429 2911 3499 Εὐτυχῆ,
2951 3427 3049 3481 καὶ
3077 3426 3404 3495 Διόσκορον·
3436 3425 3505 3478 τὰ
3537 3423 3593 3476 δὲ
3615 3422 3826 3477 τούτων

2228 3522 2528 3592 βλάσφημα
2557 3521 2806 3591 δόγματα
2829 3520 3306 3592 παρακατέχουσι,
3346 3519 3444 3572 καὶ
3482 3517 3697 3579 τούτοις
3733 3531 3825 3567 πι-

2229 3615 2540 3667 στεύουσιν.

2709 3749 2849 3819 Περὶ
2883 3747 3003 3803 τῶν
3052 3746 3338 3818 Ἀζύμων.

2312 3889 2402 3940 Ἐν
2426 3889 2545 3949 ταῖς
2578 3885 2917 3957 ἱερουργίαις
2940 3885 3002 3936 οὐ
3062 3884 3466 3954 προσφέρουσιν
3517 3882 3704 3952 ἄρτον,
3745 3882 3825 3945 ὡς

2228 3983 2411 4052 ἡμεῖς,
2440 3979 2576 4032 ἀλλὰ
2613 3977 2844 4047 ἄζυμον.
2879 3976 3175 4029 Ἰουδαϊκὸν
3217 3976 3274 4028 δὲ
3310 3977 3532 4037 πάντως
3581 3975 3645 4026 τὸ
3694 3976 3830 4037 ἄζυ-

2231 4090 2351 4143 μον.
2386 4070 2580 4124 Καίτοι
2603 4069 2698 4122 τοῦ
2723 4069 3030 4122 ἀποστόλου
3055 4067 3294 4129 Παύλου,
3327 4069 3419 4120 καὶ
3441 4068 3538 4119 τοῦ
3555 4065 3825 4132 Θεολόγου

2222 4163 2530 4234 Γρηγορίου
2556 4163 2846 4229 λεγόντων,
2910 4161 2987 4214 Τὰ
3035 4161 3256 4229 ἀρχαῖα
3307 4159 3621 4228 παρῆλθεν
3644 4173 3661 4190 ⁶
3689 4157 3826 4211 ἰδοὺ

2219 4255 2432 4328 γέγονε
2463 4255 2535 4308 τὰ
2568 4253 2765 4307 πάντα
2791 4253 2990 4307 καινά.
3034 4255 3140 4306 Καὶ
3183 4253 3277 4305 τοῦ
3311 4252 3704 4320 Χρυσοστόμου
3738 4250 3828 4302 λέ.

2219 4366 2408 4420 γοντος
2449 4347 2576 4418 περὶ
2607 4349 2708 4416 τῆς
2765 4347 3006 4407 Παλαιᾶς
3034 4346 3129 4398 καὶ
3179 4347 3277 4414 τῆς
3301 4345 3469 4408 Νέας,
3503 4363 3522 4395 ι
3565 4343 3736 4397 Ἐκεῖ
3757 4343 3826 4396 τὸ

525 4457 679 4508 arca,
715 4442 797 4496 hic
820 4444 967 4516 virgo
995 4459 1014 4498 :
1043 4444 1151 4499 illic
1181 4445 1398 4500 baculus
1433 4445 1685 4507 Aarouis,
1721 4446 1803 4499 hic
1833 4462 1964 4499 crux
1991 4463 2009 4502 :
2044 4447 2110 4502 ξι.

2222 4441 2480 4511 γράμμα,
2520 4435 2636 4492 ὦδε
2665 4437 2729 4490 τὸ
2754 4437 2995 4505 πνεῦμα
3050 4453 3063 4466 ·
3105 4436 3236 4490 ἐκεῖ
3259 4438 3297 4505 ἡ
3332 4434 3610 4500 Κιϐωτὸς,
3639 4429 3755 4487 ὦδε
3786 4435 3826 4501 ἡ

528 4538 598 4590 lic
645 4555 860 4610 azyma,
918 4541 1002 4594 hic
1036 4543 1209 4610 panis.
1262 4541 1354 4604 At,
1410 4542 1688 4611 inquiunt,
1742 4542 1897 4611 panis
1947 4560 2111 4613 quem

528 4631 963 4687 communicavit
1033 4633 1285 4687 Christus
1351 4633 1653 4703 apostolis,
1705 4649 1929 4705 azymus
1984 4635 2106 4691 fuit.

528 4722 645 4777 lloc
684 4722 943 4777 nimirum
978 4731 1108 4778 tunc
1140 4723 1456 4794 requirebat
1489 4734 1725 4793 tempus,
1762 4734 1816 4779 et
1859 4737 2108 4794 prnptcr-

526 4823 592 4863 ea
627 4823 730 4862 nos
759 4824 980 4879 quoque
1011 4827 1270 4882 azymum
1308 4811 1595 4866 oll‘erimus
1647 4814 1712 4868 ad
1747 4815 2104 4867 sacrificium.

529 4902 742 4967 Quibus
793 4919 894 4958 nos
947 4905 1347 4973 respondemus
1399 4920 1412 4957 :
1456 4902 1683 4958 Etiamsi
1755 4905 2110 4961 concedimus

530 5011 640 5049 non
674 4995 1064 5051 fermentatum
1104 5013 1224 5052 esse
1272 4997 1424 5051 illum
1460 5011 1676 5065 panem,
1730 4995 1986 5051 Christus
2040 5007 2117 5050 tu—

532 5103 684 5153 tnen,
736 5102 835 5157 pro
870 5090 1136 5159 temporis
1170 5089 1604 5150 necessitudine,
1658 5103 1902 5142 nenovre
1949 5104 2120 5142 cmnze

529 5179 855 5251 mysterium
888 5179 1418 5238 incommunicatum
1467 5193 1714 5237 maneret
1772 5181 2118 5256 (paulo.pust

526 5274 675 5327 enim
710 5273 916 5330 Judmis
942 5276 1242 5331 tradendus
1287 5275 1432 5344 fuit),
1496 5275 1713 5345 qualem
1748 5273 1958 5327 invenit
2026 5291 2120 5342 pa-

529 5381 654 5420 nem
682 5405 698 5430 ,
750 5367 914 5422 talem
975 5369 1282 5433 distribuit,
1321 5379 1380 5422 ut
1422 5384 1490 5423 ne
1539 5367 1769 5422 omnino
1813 5367 1903 5420 tali
1947 5366 2122 5420 salute

528 5459 904 5526 privaremnr.
939 5461 1206 5530 Discipuli
1245 5469 1431 5514 autem
1479 5460 1598 5529 ejus
1655 5469 1712 5513 et
1737 5457 1998 5528 deinceps
2027 5458 2121 5528 qui

527 5550 871 5617 praefuerunt
915 5553 1178 5608 Ecclesiis
1205 5553 1394 5608 Patres
1444 5551 1621 5605 sani-ti
1670 5567 1862 5620 panem
1904 5554 2124 5606 obtule-

531 5647 665 5697 runt
712 5641 768 5695 in
819 5643 1169 5712 sacriﬁcium,
1217 5659 1358 5716 quos
1408 5657 1510 5700 nos
1564 5657 1784 5714 quoque
1829 5653 2123 5716 sequentes

609 5806 625 5837 ¹
659 5803 825 5860 llcbr.
854 5822 908 5870 ν,
943 5809 994 5860 7.

2219 4532 2524 4601 Παρθένος
2549 4547 2564 4561 ’
2603 4530 2736 4584 ἐκεῖ
2747 4529 2973 4598 ῥάϐδος
3008 4529 3256 4598 Ἀαρὼν,
3292 4525 3409 4583 ὦδε
3447 4530 3480 4582 ὸ
3511 4527 3785 4594 Σταυρός
3811 4543 3826 4558 ·

2219 4626 2349 4679 ἐκεῖ
2369 4627 2440 4678 τὰ
2470 4624 2680 4692 ἄζυμα,
2709 4617 2827 4676 ὧδε
2854 4625 2886 4676 ό
2915 4621 3119 4691 ἄρτος.
3139 4642 3156 4673 ι
3181 4623 3330 4676 Ἀλλ’
3359 4623 3387 4674 ό
3422 4621 3607 4692 ἄρτος,
3639 4620 3826 4687 φασιν,

2219 4717 2281 4770 ού
2314 4717 2622 4784 μετέδωκεν
2670 4717 2697 4766 ό
2754 4715 2992 4785 Χριστὸς
3049 4718 3165 4777 τοῖς
3209 4715 3551 4776 ἀποστόλοις,
3614 4711 3828 4777 ἄζυμον

2219 4804 2308 4880 ἦν.
2340 4809 2512 4862 Τοῦτο
2537 4807 2644 4877 γὰρ
2673 4808 2702 4860 ό
2727 4807 3028 4878 τηνικαῦτα
3064 4807 3251 4876 καιρὸς
3294 4806 3518 4876 ἀπῄτει,
3577 4810 3674 4857 καὶ
3723 4805 3816 4856 διὰ

2219 4902 2378 4955 τοῦτο
2439 4901 2534 4954 καὶ
2585 4902 2748 4970 ἡμεῖς
2789 4899 2999 4970 ἄζυμον
3055 4898 3444 4970 προσφέρομεν
3493 4901 3574 4960 εἰς
3608 4898 3826 4951 θυσίαν.

2224 4993 2368 5062 Πρὸς
2406 4993 2499 5056 οὓς
2533 4993 2911 5062 ἀντιλέγομεν,
2967 4992 3084 5054 ὅτι,
3120 4995 3169 5044 εἰ
3235 4993 3328 5043 καὶ
3385 4991 3565 5058 δῶμεν
3619 4989 3832 5058 ἄζυμον

2227 5080 2369 5138 εἶναι
2398 5083 2491 5137 τὸν
2516 5084 2684 5154 ἄρτον
2714 5085 2944 5150 ἐκεῖνον,
2969 5085 2996 5136 ὁ
3029 5083 3128 5152 μὲν
3155 5083 3393 5152 Χριστὸς
3443 5082 3588 5134 κατὰ
3644 5097 3833 5132 στενο-

2231 5178 2438 5247 χωρίαν
2472 5176 2565 5229 τοῦ
2599 5174 2822 5245 καιροῦ,
2857 5175 2945 5228 ἵνα
2988 5176 3061 5245 μὴ
3095 5173 3446 5244 ἀπαράδοτον
3485 5171 3830 5242 καταλειφθῇ

2228 5273 2292 5324 τὸ
2325 5269 2416 5323 τοῦ
2453 5269 2641 5324 καινοῦ
2673 5269 2896 5322 δείπνου
2938 5269 3262 5340 μυστήριον,
3313 5267 3450 5339 μετά
3489 5267 3686 5337 μικρὸν
3718 5267 3834 5335 γὰρ

2233 5363 2610 5434 παραδοθῆναι
2636 5363 2748 5424 τοῖς
2788 5360 3066 5424 Ἰουδαίοις
3090 5361 3336 5431 ἔμελλεν,
3363 5358 3476 5413 οἷον
3499 5359 3668 5426 εὗρεν
3725 5357 3831 5426 ἄρο

2231 5474 2345 5520 τον,
2377 5455 2617 5508 τοιοῦτον
2648 5456 2743 5506 καὶ
2767 5454 3208 5526 μετεχειρίσατο,
3241 5453 3381 5506 ὥστε
3405 5453 3480 5523 μὴ
3537 5453 3836 5504 παντάπαο

2235 5566 2321 5600 σιν
2351 5548 2498 5618 ἡμᾶς
2526 5546 2973 5617 ἀποστερηθῆναι
3003 5549 3102 5617 τῆς
3144 5545 3478 5616 τηλικαύτης
3508 5541 3792 5612 σωτηρίας
3812 5558 3830 5575 ο

2233 5644 2280 5696 oi
2309 5639 2551 5712 μαθηταὶ
2578 5639 2635 5693 δὲ
2661 5641 2855 5696 τούτου
2890 5639 2984 5693 καὶ
3013 5639 3256 5710 καθεξῆς
3300 5641 3352 5696 οἱ
3374 5641 3486 5694 τῶν
3517 5635 3834 5706 ἐκκλησιῶν
