4132 6484
416 384 549 448 “Si

1340 390 1717 449 I’.\NOPLI.\
1757 391 2220 453 DOGMATICA.
2256 418 2319 429 κ-
2350 392 2494 456 TIT.
2543 394 2772 454 XXIII.

3539 393 3673 459 11ηὲ

410 503 833 575 πρνεδρεύοντες
858 505 1000 570 amt
1034 501 1273 572 Πατέρες
1304 502 1406 572 ἄρτ
1440 520 1471 554 ν
1502 504 1581 566 εἰς
1605 503 1795 556 θυσίαν
1821 519 1972 557 ποοσ-

2099 519 2291 573 panem
2324 505 2633 561 oderimus.
2686 505 2851 561 Multa
2893 506 2995 559 alia
3037 519 3254 577 quoque
3285 507 3534 561 Christus
3568 512 3675 562 alio

409 598 626 665 έφερον,
667 589 749 658 οἷς
782 596 876 647 καὶ
902 596 1062 663 ἡμεῖς
1100 595 1611 657 ἐπακολουθοῦντες,
1634 596 1799 663 ἄρτον
1824 611 1993 663 προσ-

410 689 639 759 άγομεν.
694 686 873 740 Πολλά
916 688 973 740 δὲ
1016 689 1107 740 καὶ
1134 688 1269 743 ἄλλα
1310 691 1337 741 ὁ
1381 689 1478 757 μὲν
1522 689 1753 757 Χριστὸς
1789 689 1992 758 ἑτέρως

408 776 816 845 παραδέδωκεν,
845 776 897 828 oi
926 776 1217 829 ἀπόστολοι
1274 777 1330 830 δὲ
1362 778 1456 831 καὶ
1490 778 1608 846 μετ’
1638 778 1882 840 ἐκείνους
1936 779 1985 829 oi

405 866 641 935 διάδοχοι
668 864 873 919 τούτων
904 867 1107 936 ἑτέρως
1130 866 1445 931 διετάξαντο
1484 867 1658 920 ταῦτα
1714 866 1985 935 γίνεσθαι,

404 959 506 1010 οὐκ
526 956 931 1026 ἐναντιούμενοι
953 958 1031 1028 τῷ
1059 958 1304 1029 Χριστῷ,
1329 959 1447 1021 πῶς
1476 960 1583 1029 γάρ
1609 976 1625 1024 ;
1664 959 1799 1012 ἀλλά
1853 958 1988 1011 πλα-

402 1048 709 1120 τυνομένης
738 1050 839 1119 ἤδη
892 1053 987 1105 καὶ
1009 1051 1382 1121 αὐξανομένης
1430 1052 1530 1119 τῆς
1580 1052 1840 1118 πίστεως,
1885 1051 1981 1106 αῦ-

405 1144 590 1209 ξοντες
645 1146 739 1195 καὶ
794 1144 948 1197 αὐτοὶ
1004 1145 1147 1197 κατὰ
1212 1146 1395 1200 πᾶσαν
1434 1146 1615 1199 ἄδειαν
1646 1149 1714 1199 τὰ
1745 1144 1983 1216 Χριστοῦ

406 1237 683 1305 μυστήρια
719 1236 856 1307 πρὸς
878 1237 1036 1300 δόξαν
1067 1238 1161 1290 καὶ
1196 1238 1589 1307 μεγαλωσύνην
1620 1235 1788 1289 αὐτοῦ
1818 1253 1829 1267 ·
1866 1235 1985 1289 οἷον

402 1327 430 1375 ὸ
458 1325 557 1393 μὲν
581 1327 814 1393 Χριστὸς
848 1326 1215 1396 βαπτισθῆναι
1240 1327 1430 1389 θέλων,
1459 1328 1517 1379 οὐ
1574 1328 1712 1396 πρὸς
1769 1328 1982 1397 δυσμὰς

401 1416 754 1487 ἀπεστράφη,
786 1419 863 1488 τῷ
898 1420 1113 1489 Σατανᾷ
1141 1420 1229 1472 διὰ
1256 1418 1509 1490 γλώσσης
1548 1421 1980 1489 ἀποταξάμενος,

398 1506 521 1558 οὶδὲ
554 1509 691 1580 πρὸς
714 1511 977 1573 ἀνατολὰς
1009 1512 1359 1583 ἀπεστράφη,
1382 1511 1459 1581 τῷ
1505 1512 1622 1583 Θεῷ
1662 1513 1981 1577 συνδοξαξά-

404 1614 567 1665 μενος
590 1614 604 1630 ⁸
637 1601 757 1653 οὐδὲ
786 1601 845 1654 τὸ
874 1602 1155 1672 Σύμϐολον
1186 1604 1288 1672 τῆς
1344 1605 1578 1667 πίστεως
1634 1607 1979 1677 ἀνήγγειλεν,

396 1690 520 1743 οὐδὲ
547 1693 646 1756 τὰς
675 1694 841 1763 εὐχὰς
863 1695 1163 1762 ὑπεδέξιτο
1195 1694 1291 1747 τοῦ
1315 1695 1713 1766 βαπτίσματος,
1769 1699 1888 1751 οὐδὲ
1923 1701 1980 1751 ἐν

394 1782 754 1867 κολυμϐήθρᾳ
785 1787 1109 1858 ἐϐαπτίσθη,
1163 1789 1284 1842 οὐδὲ
1339 1790 1564 1859 ἐχρίσθη
1616 1792 1800 1859 ἐλαίῳ,
1860 1794 1979 1846 οὐδὲ

2101 598 2265 650 modo
2302 599 2552 662 tradidit,
2590 596 2825 667 apostoli
2873 613 3001 652 vero
3035 614 3338 668 eorumque
3388 616 3671 655 successo-

2096 701 2185 740 res
2216 687 2324 740 alio
2353 688 2515 741 modo
2549 687 2665 741 ﬁeri
2716 689 2832 742 haec
2882 689 3188 758 jusserunt,
3238 706 3345 743 non
3391 691 3675 761 contradi-

2097 788 2286 832 centes
2326 777 2590 845 Christo;
2620 779 2713 848 qni
2745 780 2890 833 enim
2934 780 3038 833 hoc
3069 779 3185 833 ﬁeri
3230 780 3529 849 possit?.——
3556 781 3675 846 sed,

2094 882 2383 939 postquam
2424 871 2686 941 ﬁdestam
2726 882 3018 941 propagata
3054 871 3496 940 ampliﬁcataque
3530 884 3671 936 erat,

2092 962 2481 1031 amplilicaturi
2539 973 2592 1017 et
2626 964 2732 1034 ipsi
2768 965 3021 1035 mySteria
3068 964 3270 1019 Christi
3302 965 3367 1018 ad
3403 965 3522 1032 ejus
3552 965 3672 1031 gloo

2092 1050 2228 1105 riam
2286 1061 2457 1121 atque
2509 1053 3009 1123 magnificentiam.
3071 1054 3184 1119 Sic,
3227 1070 3279 1109 e.
3309 1070 3385 1122 g.,
3416 1052 3671 1108 Christus

2089 1156 2213 1195 cum
2267 1141 2632 1209 baptizandus
2679 1154 2848 1209 esset,
2899 1160 3006 1199 non
3040 1144 3105 1198 ad
3167 1145 3527 1208 occidentem,
3586 1153 3671 1197 ut-

2089 1242 2215 1299 pote
2234 1233 2451 1288 Satanae
2485 1237 2812 1290 renuntiatis
2838 1238 2984 1291 clara
3018 1253 3170 1302 voce,
3200 1253 3378 1306 neque
3396 1237 3460 1289 ad
3487 1238 3671 1292 orieno

2090 1330 2197 1375 tem
2220 1339 2526 1380 conversus
2551 1335 2660 1391 est,
2690 1326 2862 1381 Deum
2892 1344 3086 1397 nempe
3112 1330 3457 1398 glorilieans;
3492 1343 3670 1397 neque

2091 1414 2221 1467 ﬁdei
2270 1418 2576 1486 symbolum
2651 1423 3053 1489 pronuntiavit,
3119 1436 3295 1488 neque
3361 1420 3665 1474 orationem

2087 1505 2467 1575 baptismalem
2531 1512 2691 1573 dixit,
2756 1528 2936 1582 neque
2989 1514 3041 1566 in
3083 1514 3399 1582 liaptistcrio
3430 1513 3670 1580 baptiza-

2087 1604 2222 1664 tus,
2334 1616 2511 1669 neque
2594 1604 2718 1656 oleo
2800 1616 3151 1673 unguentove
3226 1612 3313 1656 est
3388 1603 3668 1666 inuuctus,

2084 1704 2189 1742 nec
2254 1692 2440 1744 statim
2511 1704 2633 1762 post
2716 1695 3051 1764 baptismum
3130 1709 3332 1764 corpus
3414 1704 3471 1747 ct
3543 1708 3672 1747 san-

2084 1784 2304 1849 guinem
2361 1783 2708 1840 Dominicum
2762 1788 3018 1855 sumpsit.
3066 1786 3178 1840 Nos
3213 1796 3397 1839 autem
3446 1782 3671 1852 quando

400 1854 582 1944 pﬁpqi,
771 1876 930 1938 εὐθὺς
955 1847 1278 1947 βαπτισθεὶς
1302 1847 1419 1929 ’τοῦ⁸
1438 1847 1799 1933 Δεσέτοτικοῦυ
1822 1885 1972 1947 μετέ·

2083 1877 2431 1949 baptizamur
2488 1898 2610 1952 quae
2664 1881 2827 1935 modo
2861 1890 3160 1935 memorata
3195 1887 3325 1933 sunt
3364 1876 3548 1930 omnia
3583 1874 3665 1927 vel

394 1964 526 2017 λαϐε
559 1966 810 2034 σώματος
832 1968 928 2021 καὶ
953 1970 1203 2037 αἵματος.
1267 1970 1458 2039 Ἡμεῖς
1509 1971 1563 2022 δὲ
1620 1975 1688 2025 τὰ
1743 1973 1978 2042 ρηθέντα

392 2056 572 2110 πάντα
600 2059 664 2110 τὰ
699 2058 798 2126 μὲν
827 2060 1066 2129 δρῶμεν,
1096 2061 1163 2113 τὰ
1194 2061 1248 2112 δὲ
1305 2062 1589 2132 πάσχομεν
1644 2063 1972 2132 βαπτιζόμε.

392 2164 497 2201 νοι.
521 2149 631 2202 Καὶ
664 2150 824 2203 πάλιν
846 2153 873 2201 ὁ
906 2151 1006 2219 μὲν
1020 2152 1255 2221 Χριστὸς
1286 2151 1345 2206 τὸ
1377 2155 1674 2223 μυστήριον
1696 2156 1791 2223 τῆς
1819 2172 1980 2207 πνευο

395 2240 632 2310 ματικῆς
660 2240 873 2307 θυσίας,
905 2242 1024 2311 ἦτοι
1047 2244 1142 2296 τοῦ
1190 2245 1523 2299 Δεσποτικοῦ
1587 2246 1835 2315 σώματος
1882 2249 1977 2300 καὶ

391 2330 625 2401 αἵματος
642 2335 700 2385 ἐν
733 2333 1029 2406 Ἐκκλησία
1047 2338 1107 2389 οὐ
1144 2336 1483 2406 παρέδωκεν,
1507 2338 1642 2390 ἀλλὰ
1667 2341 1725 2390 ὲν
1745 2339 1976 2410 ὑπερῴῳ

391 2426 579 2494 κοινῷ,
606 2429 700 2479 καὶ
730 2428 786 2481 ἐν
813 2429 1066 2502 τραπέζῃ
1090 2434 1264 2499 κοινῇ,
1307 2432 1401 2483 καὶ
1454 2434 1756 2503 προφαγὼν
1809 2432 1976 2503 ἕτερα

393 2514 794 2584 βρώματα,καὶ
826 2519 1206 2588 ἀνακείμενος,
1236 2521 1332 2574 καὶ
1370 2521 1492 2574 οὔτε
1527 2524 1719 2593 στολὴν
1772 2524 1977 2595 ἱερατι-

391 2607 495 2677 κὴν
542 2610 909 2680 ἐνδεδυμένος,
946 2612 1069 2665 οὔτε
1113 2616 1179 2683 τῇ
1220 2614 1511 2682 ἀκολουθίᾳ
1553 2616 1651 2684 τῆς
1700 2620 1975 2686 ἡμετέρας

392 2701 705 2773 ἱερουργίας
762 2707 1108 2775 χρησάμενος
1165 2709 1224 2759 ἐν
1283 2707 1541 2777 ψαλμοῖς,
1597 2712 1691 2762 καὶ¹
1760 2710 1973 2780 ὕμνοις,

389 2794 484 2848 καὶ
512 2794 678 2866 ᾠδαῖς
708 2802 1136 2867 πνευματικαῖςο
1170 2803 1330 2871 ἡμεῖς
1358 2802 1413 2854 δὲ
1470 2804 1529 2855 ἐν
1596 2803 1867 2874 ἐκκλησίᾳ
1913 2822 1972 2857 τε

388 2888 490 2958 τὴν
530 2891 844 2962 ίερουργίαν
878 2894 1255 2962 ἐπιτελοῦμεν,
1283 2897 1377 2947 καὶ
1407 2896 1501 2947 ἐπὶ
1525 2897 1621 2949 τοῦ
1671 2915 1975 2967 πνευματι-

390 2982 490 3034 κοῦ
543 2981 951 3054 θυσιαστηρίου,
1007 2986 1105 3054 τῆς
1165 2986 1315 3056 ἱερᾶς
1362 3004 1507 3056 φημι
1538 2988 1847 3058 τραπέζης,
1877 2990 1969 3042 καὶ

387 3074 626 3143 νήστεις.
651 3077 743 3129 καὶ
767 3078 1135 3142 ἑστῶτες,και
1160 3079 1257 3149 τὴν
1276 3081 1560 3151 ἱερατικὴν
1589 3082 1779 3150 στολὴν
1810 3099 1972 3151 περι-

2085 1980 2346 2041 l'acimus,
2399 1976 2484 2032 vel
2517 1978 2776 2045 patimur.
2818 1976 2989 2028 Porro
3041 1974 3296 2029 Christus
3345 1972 3662 2043 mysterium

2081 2071 2335 2125 sacriﬁcii
2393 2070 2725 2140 spiritualis.
2779 2069 2830 2122 id
2884 2076 2966 2121 est
3003 2066 3270 2119 Dominici
3324 2066 3574 2133 corporis
3608 2073 3663 2116 et

2080 2161 2362 2229 sanguinis
2390 2176 2495 2213 non
2533 2159 2760 2213 tradidit
2786 2159 2838 2210 in
2873 2156 3137 2219 Ecclesia,
3172 2157 3253 2210 vel
3288 2157 3339 2209 iu
3372 2154 3662 2209 cmnaculo

2079 2253 2350 2322 superiori
2380 2252 2749 2315 communi,et
2786 2255 2838 2305 in
2871 2265 3057 2304 mensa
3082 2248 3385 2310 communi,
3420 2256 3479 2299 et.
3506 2256 3661 2314 post-

2080 2362 2243 2416 quam
2297 2347 2436 2401 alios
2493 2346 2645 2399 cibos
2685 2346 3039 2406 comedisset,
3102 2351 3156 2395 et
3207 2340 3561 2402 accumbens,
3604 2347 3662 2392 et

2079 2455 2255 2508 neque.
2285 2440 2421 2493 stola
2472 2437 2802 2492 sacerdotali
2854 2435 3101 2497 indutus,
3136 2448 3317 2500 neque.
3372 2446 3468 2499 per
3512 2429 3658 2499 psal-

2080 2548 2197 2586 mos
2237 2541 2294 2586 et
2330 2533 2564 2602 hymnos
2594 2541 2644 2585 et
2681 2539 2879 2583 cantus
2916 2526 3233 2597 spirituaies
3262 2534 3447 2578 nostra
3480 2522 3655 2578 sancti

2080 2624 2242 2677 oiIicii
2279 2624 2490 2679 ratione
2530 2638 2682 2681 usus.
2724 2620 2832 2683 Nos
2870 2631 3061 2675 contra
3098 2628 3153 2672 et
3182 2621 3235 2670 in
3275 2615 3503 2671 ecclesia
3529 2629 3660 2668 san-

2079 2726 2228 2772 ctum
2274 2716 2511 2771 oﬂicium
2552 2718 2884 2786 peragimus,
2909 2724 2965 2767 et
3001 2714 3054 2767 in
3089 2712 3243 2765 altari
3276 2708 3566 2777 spirituali,
3600 2708 3654 2760 iu

2078 2825 2231 2864 sacra
2263 2809 2524 2863 nimirum
2560 2824 2771 2872 mensa,
2805 2817 2858 2861 et
2880 2808 3072 2878 jejuni,
3104 2816 3153 2859 et
3182 2814 3407 2866 stantes,
3434 2814 3489 2856 ct
3516 2802 3653 2855 stula

2077 2905 2399 2958 sacerdotali
2437 2903 2643 2967 amicti,
2681 2910 2737 2955 et
2772 2899 3001 2969 psalmis
3040 2908 3097 2953 et
3127 2897 3344 2968 hymnis
3385 2907 3440 2950 et
3475 2894 3656 2949 cauti-

2077 2992 2181 3047 bus
2205 2992 2589 3061 spiritualibus
2623 2991 2911 3044 adhibitis.
2944 2990 3278 3057 Temporum
3312 2986 3459 3040 enim
3493 2983 3660 3037 vicis-

2079 3085 2349 3139 situdines
2379 3099 2467 3139 res
2496 3082 3034 3152 smpiusimmutare,
3093 3090 3150 3133 et
3201 3078 3446 3133 obsoleta
3500 3076 3659 3129 inno-

390 3167 737 3238 ϐεϐλημένοι,
780 3172 873 3224 καὶ
927 3174 1184 3242 ψαλμοῖς,
1256 3174 1352 3227 καὶ
1399 3173 1612 3243 ὕμνοις,
1671 3176 1765 3228 καὶ
1810 3176 1970 3246 ᾠδαῖς

2081 3192 2209 3231 vare
2241 3177 2439 3242 solent,
2501 3191 2610 3229 non
2660 3174 2882 3243 quidem
2917 3187 3027 3241 quo
3055 3172 3143 3224 illa
3177 3169 3525 3231 aboleantur,
3560 3166 3655 3219 sed

388 3262 788 3328 πνευματικαῖς
827 3263 1123 3333 χρώμενοι.
1150 3266 1211 3318 Ai
1272 3266 1639 3328 καταστάσεις
1706 3266 1817 3335 γάρ
1862 3267 1971 3319 τῶν

386 3352 597 3423 καιρῶν
624 3353 849 3407 εἰώθασι
908 3355 1167 3420 πολλάκις
1220 3359 1472 3424 ἀμείϐειν
1515 3359 1584 3410 τά
1640 3361 1967 3430 πράγματα,

385 3449 482 3501 καὶ
533 3448 603 3501 τά
640 3449 1003 3520 παλαιότερα
1026 3454 1397 3519 καινοτομεῖν,
1426 3453 1526 3505 οὐκ
1574 3454 1652 3515 είς
1684 3453 1968 3520 ἀναίρεσιν

382 3538 633 3605 ἐκείνων,
668 3541 782 3593 ἀλλ’
818 3543 897 3604 είς
936 3543 1383 3611 εὐπρεπεστέραν
1410 3544 1582 3609 τάξιν,
1643 3545 1733 3596 διὰ
1788 3546 1889 3615 τὴν
1913 3547 1969 3607 ὲς

384 3632 616 3702 ὕστερον
638 3634 949 3705 ἐλευθερίαν
974 3636 1067 3687 καὶ
1096 3635 1157 3687 τὸ
1189 3636 1287 3705 τῆς
1318 3637 1689 3705 προαιρέσεως
1721 3637 1969 3705 ἀνεμπό-

382 3725 584 3780 διστον.
626 3728 689 3780 Οί
717 3729 825 3799 γὰρ
858 3729 1166 3793 ἀπόστολοι,
1199 3732 1293 3782 καὶ
1324 3730 1372 3782 oi
1421 3730 1538 3799 μετ’
1594 3730 1794 3794 αὐτοὺς
1837 3732 1970 3799 ἀλη-

382 3817 500 3878 θεῖς
527 3820 804 3889 ποιμένες,
838 3821 934 3873 καὶ
966 3821 1117 3892 ὀρθοὶ
1137 3821 1450 3875 διδάσκαλοι
1492 3822 1603 3876 τῶν
1656 3823 1965 3893 ἐκκλησιῶν

383 3909 662 3979 Πνεύματι
692 3911 828 3965 Θεοῦ
862 3913 1079 3977 πάντως
1134 3913 1415 3984 ἀγόμενοι,
1456 3915 1552 3968 καὶ
1605 3916 1705 3986 τὴν
1756 3917 1968 3970 ἐκεῖθεν

381 4000 650 4072 ἔλλαμψιν
681 4003 921 4074 ἔχοντες,
948 4005 1019 4057 τὰ
1052 4005 1151 4076 μὲν
1178 4006 1440 4075 ἧμειψαν,
1482 4007 1551 4060 τά
1585 4007 1643 4061 δὲ
1696 4007 1965 4079 ηὔξησαν,

381 4095 591 4148 ἄνωθεν
636 4094 921 4167 δεξάμενοι
964 4095 1062 4166 τὴν
1113 4100 1370 4169 τοιαύτην
1413 4100 1597 4171 χάριν,
1641 4101 1734 4153 καὶ
1790 4103 1967 4155 πάντα

385 4187 522 4256 πρὸς
552 4188 612 4240 τὸ
646 4188 927 4259 συμφέρον
955 4189 1330 4259 ἐνεργοῦντες,
1359 4191 1451 4244 καὶ
1495 4192 1762 4262 θεοφιλῶς
1788 4194 1969 4261 ὁριζό-

384 4297 554 4349 μενοι,
588 4282 680 4334 καὶ
704 4281 1117 4344 διατυποῦντες.
1148 4283 1209 4337 Ei
1242 4284 1297 4338 δὲ
1331 4285 1576 4356 ἀκριϐῶς
1627 4289 1965 4359 κατανοήσο-

385 4390 506 4443 μεν,
539 4372 658 4426 οὐδὲ
681 4372 893 4443 ἄζυμον
922 4369 990 4443 ἦν
1015 4374 1200 4452 ἄρτος,
1223 4370 1285 4428 οὗ
1304 4376 1611 4444 μετέδωκεν
1653 4379 1680 4430 ὁ
1730 4378 1965 4449 Χριστὸς

379 4467 491 4528 τοῖς
516 4466 855 4528 ἀποστόλοις.
901 4465 961 4518 '0
992 4467 1100 4537 γὰρ
1126 4468 1253 4535 περὶ
1283 4466 1377 4519 τοῦ
1413 4468 1604 4537 Πάσχα
1628 4470 1792 4537 νόμος
1820 4469 1964 4521 οὕτω

377 4557 602 4625 διέξεισι
629 4574 643 4587 ο
681 4557 762 4625 Τῇ
786 4559 1420 4627 τεσσαρεσκαιδεκάτῃ
1459 4558 1567 4613 τοῦ
1594 4561 1791 4627 μηνὸς
1854 4561 1963 4613 τοῦ

378 4656 431 4701 a’
459 4651 558 4719 ἀφ’
591 4650 854 4718 ἑσπέρας
875 4648 1089 4705 ἐδεσθε
1113 4649 1322 4721 ἄζυμα,
1380 4652 1492 4718 ἕως
1544 4653 1771 4720 ἡμέρας
1821 4652 1965 4721 μιᾶς

378 4745 617 4810 εἰκάδος
648 4746 754 4798 τοῦ
795 4746 990 4813 μηνὸς
1032 4745 1143 4811 ἕως
1171 4745 1454 4816 ἑσπέρας.
1495 4746 1680 4800 Ἑπτὰ
1737 4748 1964 4815 ἡμέρας

379 4837 524 4907 ζῦμη
552 4838 665 4906 οὐχ
694 4840 1082 4905 εὑρεθήσεται
1110 4840 1180 4891 ἐν
1216 4839 1346 4905 ταῖς
1392 4841 1610 4906 οἰκίαις
1638 4839 1821 4910 ὑμῶν.
1883 4842 1964 4894 Τά

382 4931 481 4998 μὲν
505 4926 600 4983 οὖν
630 4929 725 4982 τοῦ
758 4931 941 4999 Νόμου
968 4930 1223 4983 τοιαῦτα·
1254 4934 1279 4983 ὁ
1303 4932 1358 4983 δὲ
1404 4932 1640 5001 Χριστὸς
1692 4932 1799 5002 πρὸ
1862 4933 1964 5003 τῆς

377 5021 975 5092 τεσσαρεσκαιδεκάτης
1005 5022 1238 5091 ἡμέρας,
1274 5023 1442 5093 ῆγουν
1490 5023 1629 5077 κατά
1683 5026 1784 5093 τὴν
1813 5043 1964 5094 τρισ-

381 5116 715 5184 καιδεκάτην
765 5114 823 5167 τὸ
852 5115 1074 5183 νομικόν
1107 5132 1164 5165 τε
1204 5115 1393 5184 Πάσχα
1415 5116 1688 5183 τετέλεκε,
1725 5119 1820 5170 καὶ
1870 5119 1963 5171 τὸν

378 5206 637 5273 μυστικὸν
665 5205 838 5274 παρέδ
859 5223 950 5259 οκε
972 5206 1204 5271 δεῖπνον,
1227 5207 1346 5259 καθ’
1378 5207 1443 5276 ἣν
1475 5208 1688 5277 ἡμέραν
1708 5207 1963 5277 ζυμίτανς

373 5300 559 5369 ἄρτοις
591 5294 890 5361 ἀκωλύτως
918 5300 1118 5361 πάντες
1146 5300 1467 5369 ἐκέχρηντο.
1498 5300 1559 5351 Ei
1587 5299 1643 5351 δέ
1675 5318 1757 5361 τις
1789 5301 1956 5363 εἴποι,

374 5388 483 5440 Καὶ
505 5388 614 5459 μὴν
640 5389 699 5440 τὸ
730 5389 953 5457 νομικὸν
990 5387 1295 5457 τηνικαῦτα
1338 5389 1532 5459 Πάσχα
1564 5390 1735 5445 τελῶν
1774 5391 1960 5459 ἄζυμα

372 5482 462 5543 ἐπὶ
497 5480 764 5549 πικρξδων
794 5480 995 5548 ἔφαγεν
1031 5480 1193 5543 αὐτός
1229 5497 1287 5532 τε
1326 5482 1422 5533 καὶ
1453 5482 1501 5534 oi
1532 5480 1774 5551 μαθηταί
1798 5499 1811 5512 ο
1868 5484 1964 5536 πό-

2081 3271 2266 3340 potius
2292 3279 2348 3324 ttt
2381 3270 2435 3324 in
2468 3267 2751 3323 meliorem
2789 3266 3109 3333 redigantur
3144 3260 3393 3316 ordinem
3420 3260 3653 3314 libertati

2079 3378 2146 3418 ac
2178 3363 2345 3417 certis
2392 3360 2682 3432 principiis
2712 3359 2886 3428 magis
2935 3358 3378 3412 convenientem.
3411 3351 3656 3421 Namque

2072 3453 2311 3523 apostoli
2373 3464 2428 3506 ct
2502 3453 2617 3506 veri
2672 3461 2794 3520 post
2876 3452 3000 3505 illos
3076 3458 3328 3519 pastores
3409 3445 3655 3513 reetique

2076 3546 2440 3599 Ecelesiarum
2477 3547 2745 3613 magistri,
2773 3542 2980 3613 Spiritu
3012 3544 3102 3597 Dei
3143 3543 3370 3595 omnino
3408 3538 3556 3592 ducti
3586 3538 3655 3591 ab

2070 3650 2248 3702 eoque
2272 3635 2587 3698 il'luminati,
2615 3634 2716 3686 alia
2749 3633 3134 3695 imtnutarunt,
3159 3630 3262 3684 alia
3283 3628 3656 3698 ampliﬁcare-

2071 3735 2229 3791 runt,
2268 3725 2540 3779 divinitus
2571 3724 2714 3777 nacti
2753 3725 2916 3777 talem
2950 3722 3202 3791 gratiam,
3236 3730 3290 3775 et
3319 3721 3372 3774 in
3394 3719 3655 3772 omnibus

2073 3818 2297 3871 tttilitati
2353 3816 2759 3887 prospicientes
2816 3825 2870 3868 et
2921 3828 3107 3868 amore
3139 3813 3229 3867 Dei
3270 3811 3656 3881 prazcipientes

2070 3921 2268 3965 cuncta
2304 3922 2358 3965 et
2395 3911 2743 3965 ordinantes.
2792 3908 2897 3962 Ubi
2945 3916 3129 3960 autem
3190 3904 3499 3959 accuratius
3537 3918 3650 3956 rem

2071 4004 2619 4073 inrestigaverimus,
2677 4015 2857 4069 neque
2890 4012 3122 4068 azymus
3158 3997 3255 4050 fuit
3297 3996 3451 4064 panis
3487 4008 3651 4061 quem

2068 4096 2322 4151 Christus
2381 4094 2645 4162 apostolis
2700 4090 3155 4146 communicavit.
3227 4088 3339 4140 Lex
3382 4085 3530 4139 enim
3583 4082 3653 4136 de

2069 4188 2335 4243 Paschate
2389 4186 2720 4240 celebrando
2756 4185 2840 4237 sic
2875 4183 2993 4236 ait:
3032 4180 3443 4245 Quartodcct’mo
3493 4175 3652 4245 primi

2070 4282 2265 4335 mensis
2301 4297 2332 4332 a
2378 4294 2587 4348 vespere
2621 4273 3009 4330 ntanducabitis
3039 4288 3249 4343 azyma,
3282 4284 3444 4339 usque
3476 4269 3546 4321 ad
3578 4268 3654 4320 vi-

2070 4377 2325 4428 cesimum
2357 4373 2590 4443 primum
2622 4370 2813 4423 mensis
2841 4369 2908 4419 ad
2953 4380 3244 4436 vesperam.
3291 4365 3505 4432 Septem
3544 4361 3653 4414 dies

2078 4466 2405 4534 fermentum
2456 4480 2562 4517 non
2613 4464 2901 4532 reperietur
2940 4462 2993 4512 in
3022 4458 3259 4512 dantibus
3293 4456 3495 4511 vestris.
3528 4454 3652 4509 Πιθεῖ

2000 4540 2042 4594 θ
2076 4559 2161 4610 lex
2211 4557 2434 4625 quidem
2481 4554 2727 4625 praecipit
2758 4572 2773 4608 :
2802 4554 3056 4609 Christus
3107 4561 3290 4606 autem
3338 4561 3464 4605 ante
3487 4565 3654 4619 quar-

2079 4648 2472 4701 tumducimum
2498 4646 2666 4711 diem,
2711 4646 2971 4698 nimirum
3009 4645 3174 4697 tertio
3196 4642 3411 4696 decimo
3443 4640 3651 4694 Pascha

2077 4741 2254 4810 legale
2283 4739 2601 4799 celebravit,
2626 4747 2680 4792 et
2715 4737 3004 4807 mysticam
3033 4749 3244 4789 cuinam
3275 4732 3653 4787 communica-

2078 4834 2177 4896 vit,
2214 4847 2324 4901 quo
2366 4832 2455 4885 die
2487 4832 2816 4885 fermentato
2856 4844 2991 4897 pane
3020 4828 3095 4881 uti
3138 4826 3395 4879 munibus
3425 4825 3653 4879 omnino

2075 4925 2253 4979 licuit.
2301 4925 2357 4978 Si
2413 4925 2539 4992 quis
2594 4938 2727 4975 vero
2786 4921 2987 4975 dixerit
3034 4919 3240 4987 :Atqui
3284 4928 3413 4971 tunc
3444 4916 3654 4971 Pascha

2075 5016 2248 5085 legale
2305 5015 2591 5070 celebrans
2644 5029 2830 5083 azyma
2872 5028 2998 5067 cum
3033 5011 3221 5066 herbis
3250 5011 3452 5064 amaris
3493 5025 3652 5063 matt-

2077 5110 2300 5162 ducavit
2326 5107 2444 5177 ipse
2476 5119 2640 5176 atque
2664 5107 2783 5176 ejus
2810 5104 3100 5173 discipuli;
3136 5104 3281 5158 unde
3328 5103 3495 5173 igitur
3522 5113 3654 5157 tunc

2075 5204 2388 5257 habuerunt
2420 5199 2650 5271 azyma?
2678 5199 2807 5252 huic
2834 5197 3326 5267 respondebimus:
3363 5192 3650 5248 Probabile

2076 5307 2164 5351 est
2197 5296 2285 5349 illa
2331 5296 2441 5364 jam
2470 5302 2627 5347 antea
2663 5300 2965 5361 praeparata
3001 5289 3170 5344 fuisse
3201 5287 3502 5343 Salvatoris
3530 5287 3651 5350 jus-

2073 5407 2161 5457 su,
2196 5400 2289 5444 aut
2320 5388 2703 5443 benevolentia
2736 5387 3146 5457 patrisfamilias
3172 5386 3263 5453 qui
3294 5397 3347 5437 et
3371 5386 3487 5451 ipse
3518 5381 3653 5436 title-

2076 5484 2147 5537 Iis
2186 5489 2325 5537 erat.

372 5564 462 5626 θεν
494 5572 587 5627 οὖν
618 5572 774 5643 ἔσχον
811 5573 932 5627 τότε
957 5574 1024 5626 τὰ
1048 5572 1277 5643 άξυμας
1334 5572 1569 5643 ἐροῦμεν
1603 5575 1737 5645 πρὸς
1766 5574 1949 5642 αὐτὸν,
2007 5576 2089 5629 ὅτι
2149 5574 2295 5637 εἰκὸς
2328 5570 2396 5646 ἦν
2434 5572 2932 5643 προετοιμασθῆναι
2997 5569 3167 5622 ταῦτα
3215 5568 3336 5620 κατ’
3381 5568 3652 5636 ἐπιταγὴν

372 5665 462 5717 τοῦ
489 5664 822 5738 Σωτῆρος,ἣ
855 5664 995 5718 κατά
1040 5666 1351 5734 πρόγνωσιν
1389 5664 1482 5718 τοῦ
1537 5666 1939 5731 οἰκοδεσπότου,
1998 5667 2192 5718 πιστοῦ
2235 5666 2327 5718 καὶ
2358 5666 2523 5718 αὑτοῦ
2546 5665 2927 5735 τυγχάν.ντος.

458 5757 546 5808 Ἐν
575 5758 692 5819 ταῖς
728 5756 742 5807 ί
781 5756 1063 5826 ρουργίαις
1093 5757 1255 5809 πάλιν
1291 5757 1350 5809 οὐ
1381 5758 1783 5826 προσφέρουσιν
1813 5755 1955 5811 οἶνον

374 5848 527 5904 ὕδατι
562 5849 922 5920 μεμιγμένον,
950 5848 1066 5902 ἀλλ’
1104 5850 1360 5920 ἄκρατον,
1395 5850 1486 5903 καὶ
1524 5851 1699 5920 ἀμιγῆ
1748 5853 1952 5907 παντά-

2146 5757 2316 5813 Porro
2359 5760 2411 5811 in
2465 5773 2621 5813 sacra
2662 5769 2817 5811 ctena
2840 5770 2948 5809 non
2978 5755 3221 5810 offerunt
3268 5755 3459 5808 vinum
3505 5772 3646 5827 aqua

2067 5861 2455 5923 temperatum,
2495 5853 2593 5909 sed
2627 5866 2838 5906 merum
2872 5866 3050 5922 neque
3092 5828 3195 5908 uila
3226 5852 3452 5909 omnino
3490 5869 3633 5922 aqua
