4132 6452
479 346 619 416 1183

1726 346 2116 415 EUTHYMII
2154 346 2518 410 ZIGABENI

3613 351 3743 416 1134

481 465 861 534 mmmistmn,
912 483 1080 525 unam
1151 467 1318 524 etiam
1368 482 1473 540 per
1528 469 1636 525 hoc
1701 477 1956 524 naturam
2008 464 2066 520 in

2178 476 2336 516 πασιν
2370 461 2582 530 ὓδατος,
2612 466 2743 534 μίαν
2773 464 2866 520 καὶ
2894 464 2982 521 διὰ
3012 465 3204 520 τούτου
3238 467 3402 536 φύσιν
3421 470 3484 524 ἐν
3510 466 3589 538 τῷ
3621 468 3741 538 Χρι-

484 555 709 615 Christo
770 560 1101 627 indicantes,
1138 568 1194 616 et
1237 561 1554 630 producunt
1604 562 2061 632 Chrysostomunt

484 649 582 719 qui
643 665 842 725 aquam
900 652 1146 707 vetuerit
1219 654 1273 707 in
1335 653 1712 724 Explicatione
1783 648 2064 719 Evangelii

488 742 747 799 Matthsi.
791 743 900 800 Nos
941 760 1072 800 vero
1121 744 1313 801 vinum
1352 762 1497 817 aqua
1533 755 1930 817 temperantes.
1963 743 2065 799 ad-

487 834 863 892 ministramus
891 847 950 892 et
976 839 1387 908 participamus,
1429 840 1776 895 declarantes
1801 840 1881 895 sic
1907 839 2067 893 unio-

491 941 618 982 nem
686 926 919 983 duarum
988 932 1040 984 in
1101 932 1323 989 Christo
1373 940 1723 987 naturarum.
1813 930 2067 1002 Namque

487 1016 655 1072 etiam
687 1016 986 1089 Gregorius
1015 1020 1330 1093 Theologus
1361 1024 1498 1080 dicit
1526 1041 1546 1080 :
1571 1024 1808 1094 Sanguis
1829 1033 1887 1079 et
1925 1039 2068 1093 aqua

488 1122 613 1176 quae
642 1109 926 1178 proﬂuunt
966 1112 1218 1180 elatcre,
1274 1114 1366 1169 ille
1417 1116 1638 1185 quidem
1694 1126 1756 1171 ut
1805 1116 2068 1178 hominis,

491 1198 609 1256 hac
638 1213 824 1259 autem
874 1207 1029 1275 quasi
1063 1222 1227 1277 supra
1281 1208 1586 1263 hominem.
1639 1208 2069 1280 Chrysostomus

493 1305 660 1359 porro
698 1292 888 1350 videns
943 1294 1240 1353 Marcionis
1276 1299 1491 1355 Pontici
1540 1301 1841 1371 discipulos
1871 1316 2069 1371 aquam

492 1382 840 1439 solummodo
856 1385 1054 1443 offerre
1082 1405 1096 1441 :
1120 1399 1409 1459 propterea
1426 1392 1572 1446 enim
1592 1391 2071 1463 llynl'roparastatte

493 1477 756 1546 appellati
791 1488 922 1533 sunt
970 1497 984 1532 :
1029 1481 1205 1535 vetuit
1251 1496 1453 1552 aquam
1519 1482 1738 1545 oﬁcrre,
1776 1484 2076 1553 prohibens

496 1583 608 1624 non
658 1570 772 1625 vini
834 1582 893 1627 et
924 1587 1085 1641 aqua:
1123 1572 1492 1635 oblationem,
1557 1575 1651 1628 sed
1702 1590 1859 1644 aqua:
1902 1576 2076 1630 solius

493 1661 892 1718 azlhibitionem
923 1664 1229 1719 secundum
1259 1664 1476 1720 illorum
1515 1667 1852 1736 exemplum.
1891 1667 2073 1736 Ipsum

493 1758 680 1804 autem
718 1750 904 1805 vinum
938 1760 994 1805 et
1017 1766 1216 1822 aquam
1259 1763 1561 1823 temperata
1597 1766 1763 1825 atque
1793 1756 1874 1811 sic
1899 1756 2076 1810 admi-

497 1842 736 1897 nistrata
779 1845 1193 1914 comprobasse.
1242 1847 1549 1904 luculenter
1581 1849 1847 1912 ostendit,
1894 1850 1986 1905 ubi
2019 1850 2073 1903 in

499 1933 873 2001 Explicatione
903 1934 1180 2006 Evangelii
1209 1937 1456 2006 Joannis,
1480 1940 1736 2008 Quando,
1766 1941 1964 2011 inquit,
2007 1940 2076 1996 ad

498 2030 674 2081 altare
718 2027 936 2083 accedis
986 2038 1047 2084 et
1101 2031 1403 2101 participas
1451 2034 1775 2104 sanguinem
1803 2034 2009 2091 Christi
2045 2049 2078 2090 ο

496 2117 712 2185 calice,
764 2127 957 2188 reputa
1018 2128 1071 2175 te
1129 2134 1193 2176 os
1246 2130 1399 2177 tuum
1450 2124 1610 2177 lateri
1655 2124 1857 2179 Christi
1887 2126 2078 2178 admo-

498 2210 686 2275 visse,
735 2217 902 2280 atque
954 2224 1021 2266 ex
1084 2210 1205 2282 ejus
1255 2212 1430 2270 latere
1479 2223 1532 2269 to
1585 2214 1800 2271 bibere.
1833 2216 1876 2270 E
1922 2215 2081 2272 Chri-

498 2302 571 2356 sti
609 2302 779 2358 latere
834 2312 1020 2359 autem
1078 2319 1191 2359 non
1247 2304 1427 2360 solum
1471 2306 1720 2377 sanguis,
1758 2307 1857 2363 sed
1906 2307 2073 2363 etiam

497 2408 641 2463 aqua
682 2394 944 2465 proﬂuxit
974 2398 1042 2451 ad
1091 2398 1569 2455 confirmationem
1629 2400 1864 2456 duarum
1918 2402 1972 2456 in
2013 2417 2080 2457 eo

501 2495 847 2553 naturarum,
899 2488 1368 2558 quemadmodum
1409 2505 1578 2560 supra
1626 2492 1886 2547 diximus.
1937 2491 2082 2549 Cali-

498 2595 622 2636 cem
648 2589 834 2638 autem
873 2598 941 2638 ex
964 2599 1076 2653 quo
1128 2584 1388 2640 Christus
1435 2587 1696 2655 apostolis
1727 2587 2065 2656 propinavit,

497 2675 635 2730 vino
668 2683 729 2730 et
781 2690 921 2744 aqua
957 2684 1323 2746 temperatum
1366 2678 1541 2733 fuisse
1598 2688 1834 2735 testatur
1864 2680 2081 2734 Domini

498 2771 671 2823 lrater
704 2767 944 2824 Jacobus
970 2769 1254 2838 aposmlus
1298 2778 1463 2839 atque
1496 2769 1716 2825 Marcus
1745 2772 2081 2840 evangelista

502 2859 561 2914 in
613 2859 853 2930 Iiturgiis
912 2861 1159 2929 ipsorum
1202 2862 1285 2914 sic
1318 2861 1568 2916 dicentes
1602 2880 1618 2917 :
1659 2860 1883 2932 Sumpta
1915 2861 2083 2917 calice

500 2960 660 3023 atque
724 2953 843 3006 rino
904 2969 1044 3021 aqua
1095 2962 1410 3020 temperato,
1454 2955 1656 3023 gratias
1707 2970 1868 3024 agens
1895 2971 1961 3008 ac
1996 2955 2081 3008 be-

501 3045 766 3108 nedicens,
801 3045 943 3098 dedit
976 3044 1110 3109 illis,
1153 3028 1349 3107 Bibite,
1382 3044 1646 3114 inquiens,
1681 3061 1745 3099 ea:
1779 3061 1837 3099 eo
1874 3062 2078 3112 omnes,

2168 551 2281 623 στῷ
2316 554 2803 623 καταγγέλλοντες,
2836 559 2930 610 καὶ
2958 558 3353 629 προϐάλλονται
3389 560 3483 613 τὸν
3539 559 3741 629 Χρυσό-

2169 662 2370 715 στομον
2390 644 2670 700 κωλύοντα
2696 648 2758 700 τὸ
2789 648 2938 718 ὕδωρ
2967 650 3024 702 ὲν
3047 652 3116 720 τῇ
3149 650 3419 721 ἑρμηνείᾳ
3459 651 3557 704 τοῦ
3609 652 3748 704 κατὰ

2166 738 2448 792 Ματθαῖον
2510 738 2870 807 Εὑαγγελίου.
2937 740 3129 811 Ἡμεῖς
3176 741 3233 795 δὲ
3277 743 3372 796 τὸν
3416 737 3558 796 οἶνον
3600 742 3751 795 ὕδατι

2168 831 2484 901 κιρνῶντες,
2519 832 2917 903 ίερουργοῦμέν
2977 850 3040 887 τε
3101 834 3200 888 καὶ
3240 834 3753 905 μεταλαμϐάνομεν,

2169 922 2526 991 ἐμφαίνοντες
2558 923 2657 994 τὴν
2693 925 2888 979 ἕνωσιν
2907 926 3017 979 τῶν
3045 927 3105 980 ὲν
3127 926 3351 996 Χριστῷ
3377 926 3471 979 δύο
3515 927 3756 995 φύσεων.

2168 1016 2305 1085 Φησὶ
2338 1017 2447 1084 γὰρ
2472 1017 2569 1070 καὶ
2587 1019 2615 1070 6
2642 1017 2901 1085 Θεολόγος
2932 1018 3254 1088 Γρηγόριος,
3284 1013 3431 1088 Αἷμα
3485 1022 3580 1074 καὶ
3610 1020 3757 1088 ὕδωρ

2167 1108 2271 1178 τῆς
2306 1108 2547 1179 πλευρᾶς
2570 1109 2851 1180 χεόμενον,
2888 1110 2950 1163 τὸ
2986 1111 3085 1180 μὲν
3111 1110 3186 1174 ὡς
3217 1111 3532 1182 ἀνθρώπου,
3583 1112 3646 1165 τὸ
3697 1111 3755 1166 δὲ
3828 1162 3841 1167 _

2169 1199 2244 1261 ὡς
2277 1198 2419 1268 ὑπὲρ
2449 1198 2758 1268 ἄνθρωπον.
2801 1200 2859 1253 '0
2883 1199 2941 1252 δὲ
2995 1201 3411 1269 Χρυσόστομος,
3439 1201 3583 1271 δρῶν
3629 1202 3757 1265 τοὺς

2172 1288 2498 1360 Μαρκίωνος
2521 1288 2615 1342 τοῦ
2650 1288 2916 1343 Ποντικοῦ
2944 1290 3192 1361 μαθητὰς
3214 1290 3362 1363 ὕδωρ
3394 1293 3559 1360 μόνον
3587 1309 3758 1362 προσ-

2172 1381 2407 1449 άγοντας
2438 1380 2528 1448 (δι’
2554 1380 2690 1435 αὐτὸ
2719 1381 2826 1451 γὰρ
2844 1381 3006 1435 τοῦτο
3039 1382 3553 1453 ’Υδροπαραστάται
3585 1399 3759 1451 προσ-

2172 1473 2617 1544 ωνομάσθησαν),
2652 1474 2895 1528 ἐκώλυσε
2918 1475 2980 1527 τὸ
3011 1477 3344 1546 προσφέρειν
3369 1475 3535 1546 ὕδωρ,
3568 1476 3762 1529 ἀποδό-

2176 1565 2419 1633 κιμάσας
2450 1564 2512 1618 οὐ
2535 1564 2595 1617 τὸ
2627 1564 2925 1636 προσάγειν
2958 1561 3103 1620 οἶνον
3140 1568 3237 1621 καὶ
3291 1566 3459 1637 ὕδωρ,
3510 1567 3649 1621 ἀλλὰ
3696 1569 3762 1622 τὸ

2177 1656 2512 1728 προσφέρειν
2544 1656 2690 1726 ὓδωρ
2719 1657 2879 1726 μόνον
2911 1658 3055 1712 κατὰ
3086 1658 3186 1728 τὴν
3209 1657 3441 1713 ἐκείνων
3470 1660 3761 1727 ὁμοίωσιν.

2183 1750 2303 1802 Ὅτι
2329 1749 2385 1802 δὲ
2411 1749 2506 1803 τὸν
2531 1744 2673 1801 οἶνον
2702 1750 2796 1802 καὶ
2809 1748 2870 1803 τὺ
2891 1748 3035 1820 ὕδωρ
3062 1749 3369 1821 μιγνύμενα
3423 1754 3517 1806 καὶ
3545 1754 3764 1823 ἱερουρ-

2178 1842 2424 1909 γούμενα
2453 1842 2771 1913 ἀπεδέχετο,
2811 1842 3002 1910 σαφῶς
3034 1842 3307 1913 ἐδήλωσεν
3353 1846 3414 1897 ἐν
3468 1848 3535 1917 τῇ
3584 1828 3765 1917 ἒρμηο

2179 1935 2299 2006 νείᾳ
2350 1933 2446 1990 τοῦ
2502 1935 2642 1989 κατὰ
2710 1932 2963 2006 Ἰωάννην
3036 1934 3371 2005 Εὑαγγελίου
3422 1936 3617 2005 λέγων,
3678 1937 3766 1992 ὃτι

2192 2026 2387 2080 Ἦνίκα
2423 2029 2708 2100 προσέρχῃ
2734 2028 2814 2098 τῷ
2838 2029 3235 2101 θυσιαστηρίῳ,
3276 2030 3373 2084 καὶ
3413 2030 3769 2101 μεωλαμόἅο

2179 2137 2291 2182 νεις
2315 2121 2412 2175 τοῦ
2442 2120 2675 2191 αἵματος
2696 2122 2792 2176 τοῦ
2821 2123 3059 2194 Χριστοῦ
3087 2125 3153 2177 ὲκ
3177 2122 3272 2176 τοῦ
3332 2123 3617 2195 ποτηρίου.
3670 2124 3767 2177 νό-

2182 2214 2306 2283 μιζε
2348 2214 2430 2267 ὅτι
2479 2214 2544 2267 τὸ
2596 2214 2773 2284 στόμα
2837 2233 2934 2269 σου
2993 2218 3060 2287 τῇ
3113 2215 3329 2286 πλευρᾷ
3379 2216 3477 2268 τοῦ
3525 2215 3768 2286 Χριστοῦ

2181 2304 2552 2375 προσέθηκας,
2584 2307 2681 2358 xei.
2708 2309 2772 2360 ὲκ
2802 2307 2904 2376 τῆς
2935 2307 3184 2374 πλευρᾶς
3232 2305 3399 2361 αὐτοῦ
3435 2307 3629 2370 πίνεις.
3669 2307 3770 2362 Ἐκ

2180 2395 2237 2449 δὲ
2266 2397 2365 2466 τῆς
2394 2397 2635 2467 πλευρᾶς
2656 2398 2897 2469 Χριστοῦ
2923 2399 3022 2468 οὐχ
3055 2391 3198 2468 αἷμα
3253 2398 3436 2468 μόνον,
3473 2397 3612 2453 ἀλλὰ
3671 2399 3771 2452 καὶ

2183 2487 2329 2557 ὕδωρ
2367 2487 2598 2543 ἔϐλυσεν
2618 2491 2701 2553 είς
2724 2490 2991 2543 πίστωσιν
3023 2490 3132 2542 τῶν
3150 2491 3209 2544 ἐν
3239 2490 3389 2560 αὐτῷ
3411 2489 3506 2544 δύο
3525 2490 3767 2558 φύσεων,

2182 2580 2369 2644 καθὼς
2425 2581 2858 2653 προδεδήλωται.
2921 2583 3045 2635 Ὀτι
3073 2582 3133 2635 δὲ
3159 2584 3256 2637 καὶ
3309 2582 3373 2651 το
3405 2585 3685 2653 ποτήριον,
3706 2582 3773 2646 ἐξ

2182 2668 2244 2729 οὗ
2271 2675 2579 2745 μετέδωκεν
2601 2675 2630 2728 6
2673 2674 2908 2746 Χριστὸς
2943 2677 3055 2737 τοῖς
3086 2674 3428 2738 ἀποστόλοις,
3463 2675 3775 2743 σύγκρατον

2182 2765 2250 2840 ἦν
2294 2767 2352 2835 ἐξ
2381 2769 2526 2823 οἴνου
2575 2769 2668 2820 καὶ
2700 2768 2915 2831 ὓδατος,
2951 2770 3222 2839 μαρτυρεῖ
3244 2770 3272 2823 6
3295 2767 3614 2835 ἀδελφόθεος
3663 2766 3776 2820 Ἰά-

2186 2861 2358 2923 κωϐος
2382 2862 2410 2913 6
2434 2859 2757 2923 ἀπόστολος,
2787 2860 2881 2913 καὶ
2912 2860 3140 2932 Μάρκος
3185 2861 3213 2913 6
3266 2858 3664 2927 εὐαγγελιστὴς
3710 2859 3777 2910 ὲν

2184 2954 2305 3015 ταῖς
2331 2951 2699 3023 λειτουργίαις
2724 2951 2928 3016 αὐτῶν,
2957 2952 3212 3022 ἑκάτεροι
3268 2950 3521 3020 λέγοντες
3569 2948 3774 3015 οὕτως,

2185 3044 2291 3110 ὄτι,
2317 3045 2533 3099 Λαϐὼν
2567 3044 2878 3113 ποτήριον,
2911 3044 3010 3098 καί
3039 3044 3304 3112 κεράσας
3335 3043 3405 3107 ἐξ
3441 3042 3615 3096 οτνου
3671 3043 3781 3095 καὶ

500 3135 589 3188 hic
641 3143 719 3188 est
755 3136 972 3205 sanguis
1026 3150 1172 3188 meus
1215 3135 1306 3199 qui
1346 3150 1443 3203 pro
1493 3135 1634 3189 vobis
1688 3146 1843 3205 atque
1893 3136 2074 3190 multis

2186 3135 2402 3201 ὕδατος
2431 3136 2911 3208 εὐχαριστήσας,
2961 3136 3335 3205 εὐλογήσας,
3385 3135 3611 3189 ἔδωκεν
3658 3135 3773 3188 ab»

498 3225 866 3296 profunditur.
906 3225 1142 3281 Prorsus
1172 3227 1319 3281 enim
1355 3227 1627 3283 mendacii
1660 3243 1859 3297 expers
1880 3239 1932 3282 et
1960 3238 2078 3283 tan-

498 3332 665 3387 quam
727 3317 875 3372 Deus
923 3317 1218 3385 praescicns
1261 3317 1443 3387 qualis
1492 3318 1750 3388 rrol‘undi
1810 3320 2070 3386 debebat,

501 3409 667 3463 talem
696 3417 754 3462 et
780 3407 1073 3478 discipulis
1103 3409 1557 3465 communicavit.
1616 3412 1797 3481 Atque
1840 3413 2082 3483 synodus

502 3499 868 3571 Carthagcua:
899 3500 1088 3555 habita
1118 3501 1387 3567 decrevit,
1421 3511 1482 3556 ut
1513 3502 1567 3555 in
1594 3517 1752 3558 sacra
1785 3519 1946 3560 coena
1997 3506 2079 3558 ni-

501 3590 580 3646 hil
612 3592 846 3662 amplius
878 3590 1166 3658 oﬁ‘eratur,
1199 3592 1304 3647 nisi
1328 3607 1392 3647 ea
1416 3595 1790 3650 tantummodo
1834 3611 1958 3666 quae
1980 3598 2085 3652 Do-

508 3684 694 3739 minus
730 3683 1176 3751 communicavit,
1207 3682 1258 3738 id
1289 3692 1372 3740 est
1405 3685 1564 3755 panis
1593 3701 1658 3742 ac
1708 3686 1896 3757 vinum
1943 3702 2086 3758 aqua

510 3785 901 3846 temperatum.

573 3958 835 4017 Dominus
869 3965 1050 4013 noster
1079 3953 1238 4015 Jesus
1284 3956 1530 4012 Christus
1566 3958 1880 4014 animalium
1923 3958 2096 4015 sacri-

2185 3226 2309 3292 τοῒς
2334 3226 2539 3289 εἰπὼν,
2577 3228 2749 3281 Πίετε
2777 3225 2846 3289 ἐξ
2873 3225 3056 3280 αὑτοῦ
3107 3226 3350 3292 πάντες,
3410 3225 3589 3279 τοῦτό
3637 3225 3780 3277 ἐστι

2184 3317 2251 3371 τὸ
2279 3312 2422 3387 αἷμα
2444 3335 2565 3386 μου
2588 3318 2654 3372 τὸ
2684 3316 2837 3387 ὑπὲρ
2873 3316 3041 3387 ὑμῶν
3066 3318 3168 3371 καί
3217 3316 3468 3371 πολλῶν
3516 3315 3780 3386 ἐκχυνόο

2181 3429 2395 3481 μενον.
2446 3412 2673 3476 Πάντως
2701 3413 2812 3484 γὰρ
2854 3413 2929 3476 ὡς
2976 3412 3215 3482 ἀψευδὴς
3270 3414 3365 3465 καὶ
3416 3410 3776 3483 προγνώστης

2186 3504 2320 3570 Θεὸς
2350 3502 2463 3559 οἷον
2485 3506 2709 3577 ἔμελλεν
2738 3505 3063 3577 ἐκχυθῆναι,
3091 3502 3338 3558 τοιούτου
3369 3504 3464 3557 καὶ
3495 3503 3777 3573 μετεδίδου

2188 3600 2303 3662 τοῖς
2340 3598 2633 3671 μαθηταῖς.
2668 3599 2779 3653 Καὶ
2800 3600 2835 3670 ή
2856 3599 2913 3652 ὲν
2941 3598 3275 3669 Καρθαγένῃ
3307 3597 3365 3651 δὲ
3416 3595 3634 3658 σύνοδος
3681 3594 3781 3648 οῦ-

2190 3692 2647 3758 τωςξὲκανόνισεν,
2675 3692 2763 3745 ἵνα
2788 3693 2847 3744 ὲν
2872 3692 2983 3754 τοῖς
3015 3689 3193 3759 ἁγίοις
3223 3687 3391 3759 μηδὲν
3412 3687 3574 3741 πλέον
3607 3703 3782 3755 προσ-

2191 3784 2393 3853 ἀγηται
2422 3782 2455 3853 ἢ
2494 3782 2654 3853 μόνα,
2685 3783 2830 3854 ἆπερ
2859 3785 2886 3836 6
2917 3781 3124 3854 Κύριος
3148 3781 3460 3852 παρέδωκε,
3497 3778 3783 3834 τουτέστιν

2194 3875 2363 3944 ἄρτον
2399 3873 2497 3927 καὶ
2529 3871 2675 3928 οἶνον
2704 3872 2861 3930 ὕδατι
2905 3872 3272 3944 μεμιγμένον.

2268 3966 2378 4021 Τοῦ
2407 3965 2615 4033 Κυρίου
2647 3964 2803 4035 ἡμῶν
2849 3962 3026 4033 Ἰησοῦ
3048 3960 3288 4033 Χριστοῦ
3319 3961 3416 4024 τὰς
3469 3957 3784 4025 ζωοουσίας

504 4060 648 4120 liciis
679 4058 838 4114 linem
875 4050 1154 4123 imposuit,
1191 4064 1313 4105 cum
1341 4050 1625 4119 mysticam
1650 4050 1936 4120 discipulis
1983 4067 2074 4107 cm

2197 4056 2510 4118 staticulum;
2531 4056 2589 4108 ἐν
2616 4052 2695 4123 τῷ
2721 4050 3047 4124 μεταδοῦναι
3081 4053 3192 4115 τοῖς
3228 4049 3501 4120 μαθηταῖς
3532 4046 3628 4100 τοῦ
3680 4064 3789 4117 μυ·-

503 4167 631 4211 nam
664 4150 832 4215 dedit,
874 4156 931 4201 et
967 4143 1143 4199 dixit:
1186 4139 1302 4195 Hoc
1357 4140 1518 4209 facile
1543 4141 1600 4194 in
1649 4157 1818 4195 meum
1870 4157 2074 4196 eamme

2203 4149 2390 4205 στικοῦ
2418 4148 2658 4209 δείπνου,
2684 4147 2782 4201 καὶ
2811 4147 3006 4213 εἰπεῖν,
3038 4144 3223 4200 Τοῦτο
3254 4143 3484 4200 ποιεῖτε
3538 4144 3630 4208 είς
3665 4142 3789 4209 τὴν

505 4244 852 4302 morationem
878 4237 924 4302 ⁸,
955 4236 1010 4291 id
1047 4243 1154 4297 est.
1206 4248 1314 4288 non
1343 4232 1649 4298 Judaicmn,
1683 4235 1775 4287 scd
1807 4235 1950 4303 quod
1975 4244 2074 4289 tun

2201 4239 2359 4311 ἐμὴν
2422 4236 2808 4306 ἀνάμνησιν,
2875 4238 3156 4291 τουτέστιν
3235 4236 3297 4291 οὐ
3341 4236 3403 4289 τὸ
3470 4234 3785 4301 Ἰουδαϊκὸν,

506 4336 739 4410 mystice
779 4330 1040 4386 traditum
1067 4325 1192 4392 fuit;
1229 4324 1473 4379 Armenii
1498 4334 1674 4378 tamen
1707 4324 1851 4379 cultu
1873 4323 2074 4381 Judaic.

2203 4331 2339 4386 ἀλλὰ
2366 4330 2429 4385 τὸ
2453 4328 2759 4401 τηνικαῦτα
2803 4329 3088 4401 μυστικῶς
3138 4327 3603 4400 παραδεδομένον,
3661 4327 3792 4379 τοῦ-

504 4435 545 4489 ι)
566 4443 695 4494 .ves,
735 4438 789 4480 et
819 4437 1025 4492 agnos,
1048 4429 1105 4475 et
1129 4432 1260 4473 oves
1290 4416 1623 4480 sacriﬁcant,
1663 4428 1718 4471 et
1757 4418 2074 4474 victimarun

2204 4424 2421 4480 ναντίον
2453 4424 2501 4478 οι
2544 4422 2824 4495 Ἀρμένιοι
2852 4423 3298 4494 διαπράττονται,
3332 4421 3487 4491 βόας,
3530 4418 3628 4473 καὶ
3673 4419 3786 4488 ἁμ-

505 4522 771 4596 sauguine
795 4518 981 4573 limina
1008 4514 1295 4581 inungunt,
1325 4506 1519 4564 salutis
1536 4522 1687 4578 spem
1716 4508 1767 4564 in
1798 4510 1880 4565 his
1924 4514 2074 4580 magi:

2178 4519 2349 4584 ’vobc,
2378 4517 2475 4581 καὶ
2510 4515 2756 4587 πρόὸατα
2778 4514 2996 4578 θύοντες
3019 4513 3164 4568 κατὰ
3202 4513 3300 4581 τὴν
3362 4512 3665 4581 Ἰουδαῖκὴν
3690 4511 3794 4565 λα-

506 4619 861 4676 collocantes.
901 4607 1265 4676 Quamobrem
1304 4617 1405 4658 nec
1444 4601 1497 4656 in
1532 4601 1814 4656 Paschalis
1872 4604 2070 4659 celebri

2201 4611 2416 4683 τρείαν.
2453 4609 2548 4663 καὶ
2572 4607 2671 4671 τὰς
2707 4604 2868 4676 φλιὰς
2896 4607 3013 4665 τοῖς
3043 4606 3152 4661 τῶν
3215 4604 3534 4673 τεθυμένων
3591 4603 3791 4673 αἵμασι

507 4720 619 4767 tate
648 4720 848 4775 corpus
888 4710 943 4758 et
967 4698 1285 4769 sanguinem
1319 4693 1658 4751 Dominicum
1707 4705 1952 4760 sumunt,
2010 4712 2074 4751 se,

2203 4700 2475 4772 χρίοντες,
2513 4698 2608 4752 καὶ
2640 4697 2738 4760 τὰς
2774 4695 2998 4758 ἐλπίδας
3027 4696 3126 4765 τῆς
3169 4694 3445 4765 σωτηρίας
3503 4692 3702 4762 μᾶλλον
3732 4693 3791 4742 ἐν

508 4815 731 4873 agnum,
770 4809 929 4867 quem
971 4790 1255 4848 immolant
1310 4800 1469 4841 more.
1509 4785 1763 4849 Judaico,
1822 4795 1879 4841 et
1922 4802 2074 4840 assum

2203 4791 2414 4855 τούτοις
2447 4791 2686 4862 ἔχοντες.
2717 4788 2883 4843 Ὅθεν
2914 4786 3007 4843 καὶ
3034 4790 3092 4842 ὲν
3137 4790 3203 4858 τῇ
3236 4789 3401 4858 ἑορτῇ
3451 4784 3549 4838 τοῦ
3597 4786 3792 4853 Πάσχα

509 4893 624 4963 igni
664 4889 979 4963 comedunt,
1029 4893 1193 4953 atque
1227 4887 1301 4936 ita
1334 4878 1660 4935 sanctiﬁcari
1694 4894 1753 4933 se
1781 4885 2021 4946 sperant,
2054 4892 2074 4932 ε

2204 4885 2267 4937 οὐ
2298 4882 2393 4935 τοῦ
2426 4880 2761 4934 Δεσποτικοῦ
2816 4878 3071 4948 σώματος
3111 4879 3208 4931 καὶ
3250 4876 3484 4948 αἵματος
3521 4874 3794 4944 μεταλαμ-

510 4953 858 5055 peccatorum
896 4953 1111 5032 vcinam
1145 4975 1412 5045 accipere.
1450 4970 1604 5036 Quod
1627 4981 1810 5025 autem
1836 4970 2074 5039 ejusmod

2211 4972 2489 5039 σάνουσιν,
2518 4972 2652 5024 ἀλλὰ
2683 4969 2777 5025 τοῦ
2810 4968 3009 5039 ἀμνοῦ,
3046 4968 3267 5031 θύοντες
3288 4965 3456 5019 αὐτὸν
3482 4961 3797 5023 ἰουὸαῖκῶς,

509 5049 796 5132 sacriﬁciis
813 5073 887 5125 sit
907 5069 1029 5123 linis
1054 5067 1364 5136 impositus,
1385 5063 1625 5135 reperies
1654 5063 1707 5117 in
1730 5077 1795 5117 co
1815 5060 1969 5117 titulo
2005 5077 2074 5131 qu

2207 5065 2304 5119 καὶ
2328 5065 2470 5119 ὀπτὰ
2501 5062 2637 5134 πυρὶ
2668 5060 2971 5127 ποιοῦντες,
3006 5060 3100 5112 καὶ
3124 5057 3184 5122 ἐξ
3233 5056 3413 5110 αὐτῶν
3478 5049 3801 5122 ἁγιάζεσθαι
3891 5098 3899 5114 ,

511 5166 773 5226 adversus
808 5160 1063 5215 Hebraeos
1090 5159 1323 5229 seriptus
1350 5168 1453 5214 est.

2204 5156 2571 5230 προσδοκῶσι,
2622 5157 2715 5208 καὶ
2743 5155 2941 5221 ἄφεσιν
2993 5149 3295 5221 λαμϐάνειν
3346 5138 3802 5218 ἁμαρτημάτων.

514 5240 644 5316 Ὅτι
668 5256 727 5311 δὲ
762 5253 872 5309 τῶν
907 5249 1170 5305 τοιούτων
1196 5249 1401 5303 θυσιῶν
1441 5248 1766 5318 ἐπαύθησαν
1809 5248 1867 5302 αἱ
1912 5251 2303 5320 προσαγωγαὶ,
2348 5248 2591 5321 ζητήσας
2660 5246 2914 5317 εὑρήσεις
2972 5245 3031 5296 ἐν
3067 5241 3144 5313 τῷ
3168 5240 3310 5295 κατὰ
3341 5238 3450 5293 τῶν
3532 5232 3804 5305 Ἐϐραίων

512 5352 699 5422 τίτλῳ.

586 5418 840 5505 crucem,
870 5435 1405 5511 quamvisematcria
1446 5444 1682 5500 constet,
1709 5450 1815 5490 non
1842 5435 1990 5506 prius
2021 5452 2074 5492 vc

2294 5437 2399 5489 Τὸν
2430 5432 2664 5502 σταυρὸν
2720 5429 3045 5501 οίασδήποτε
3083 5425 3217 5494 ὕλης
3270 5423 3401 5477 ὄντα
3437 5421 3499 5474 οὐ
3539 5418 3804 5491 πρότερον
3844 5446 3851 5459 ι

517 5547 781 5594 iterantur
830 5510 925 5589 aut
954 5530 1205 5597 adorant,
1233 5541 1396 5599 quam
1412 5541 1533 5582 eam
1562 5536 1813 5599 tanquam
1844 5529 2074 5583 hominct

2219 5528 2476 5598 τιμῶσιν,
2517 5524 2640 5578 οὐδὲ
2670 5518 3091 5594 προσκυνοῦσιν,
3120 5517 3169 5567 εί
3211 5513 3288 5586 μὴ
3325 5511 3649 5585 βαπτίσουσι
3678 5510 3804 5561 τοῦ·-

522 5628 816 5693 abluerint,
846 5633 902 5679 et
937 5623 993 5679 in
1030 5620 1144 5692 eius
1176 5622 1356 5678 medio
1394 5620 1602 5675 clavum
1666 5620 1902 5683 ﬁxerint,
1943 5633 1997 5675 et
2027 5638 2074 5677 si

2218 5638 2310 5676 τον
2338 5621 2411 5681 ὼς
2432 5616 2738 5688 ἄνθρωπον,
2768 5613 2862 5667 καὶ
2891 5610 3154 5681 πήξουσιν
3180 5602 3308 5676 ἧλον
3330 5608 3386 5658 ὲν
3413 5605 3565 5674 μέσῳ
3590 5602 3802 5662 τούτου,

525 5720 714 5774 criticii
753 5717 1018 5786 sanguine
1058 5716 1230 5786 ipsam
1262 5712 1600 5781 inunxcrint,
1657 5728 1778 5769 cum
1832 5724 2013 5770 tamen
2056 5716 2069 5770 i

2220 5715 2316 5768 καὶ
2351 5710 2634 5783 χρίσουσιν
2662 5704 2825 5761 αὐτὸν
2862 5703 3056 5773 αἵματι
3090 5700 3300 5777 θυσίας,
3343 5697 3522 5752 καίτοι
3555 5693 3640 5748 διὰ
3694 5709 3803 5762 χει-

603 5835 620 5867 ⁶
647 5835 775 5889 Luc.
806 5849 939 5899 uti,
968 5834 1052 5890 i9.
1110 5860 1113 5865 ν
