  <div class='ocr_page' id='page_1' title='image "/cluster/home/n/w/nwhite01/storage/ocr_20150623/130:no.3/coo.31924054870351/602.png"; bbox 0 0 4132 6406; ppageno 0'>
   <div class='ocr_carea' id='block_1_1' title="bbox 334 348 474 417">
    <p class='ocr_par' dir='ltr' id='par_1_1' title="bbox 334 348 474 417">
     <span class='ocr_line' id='line_1_1' title="bbox 334 348 474 417; baseline -0.036 0"><span class='ocrx_word' id='word_1_1' title='bbox 334 348 474 417; x_wconf 78' lang='grc'><strong>1185</strong></span> 
     </span>
    </p>
   </div>
   <div class='ocr_carea' id='block_1_2' title="bbox 1207 338 2655 409">
    <p class='ocr_par' dir='ltr' id='par_1_2' title="bbox 1207 338 2655 409">
     <span class='ocr_line' id='line_1_2' title="bbox 1207 338 2655 409; baseline -0.006 0"><span class='ocrx_word' id='word_1_2' title='bbox 1207 347 1589 409; x_wconf 79' lang='lat' dir='ltr'><strong>PANOPLIA</strong></span> <span class='ocrx_word' id='word_1_3' title='bbox 1630 338 2195 407; x_wconf 65' lang='lat' dir='ltr'><strong>DOGMATICA.-—</strong></span> <span class='ocrx_word' id='word_1_4' title='bbox 2230 340 2376 402; x_wconf 88' lang='lat' dir='ltr'><strong>TlT.</strong></span> <span class='ocrx_word' id='word_1_5' title='bbox 2426 341 2655 402; x_wconf 76' lang='lat' dir='ltr'><strong>XXIII.</strong></span> 
     </span>
    </p>
   </div>
   <div class='ocr_carea' id='block_1_3' title="bbox 3474 338 3613 404">
    <p class='ocr_par' dir='ltr' id='par_1_3' title="bbox 3474 338 3613 404">
     <span class='ocr_line' id='line_1_3' title="bbox 3474 338 3613 404; baseline -0.007 0"><span class='ocrx_word' id='word_1_6' title='bbox 3474 338 3613 404; x_wconf 69' lang='lat'><strong>1186</strong></span> 
     </span>
    </p>
   </div>
   <div class='ocr_carea' id='block_1_4' title="bbox 332 448 1943 530">
    <p class='ocr_par' dir='ltr' id='par_1_4' title="bbox 332 453 1922 530">
     <span class='ocr_line' id='line_1_4' title="bbox 332 453 1922 530; baseline -0.003 -18"><span class='ocrx_word' id='word_1_7' title='bbox 332 460 428 530; x_wconf 83' lang='grc' dir='ltr'><strong>ρὸς</strong></span> <span class='ocrx_word' id='word_1_8' title='bbox 449 458 751 523; x_wconf 73' lang='grc' dir='ltr'><strong>τυποῦντες</strong></span> <span class='ocrx_word' id='word_1_9' title='bbox 785 458 877 512; x_wconf 70' lang='grc' dir='ltr'>τὸν</span> <span class='ocrx_word' id='word_1_10' title='bbox 926 460 1166 530; x_wconf 79' lang='grc' dir='ltr'>σταυρὸν</span> <span class='ocrx_word' id='word_1_11' title='bbox 1191 462 1284 514; x_wconf 74' lang='grc' dir='ltr'><strong>ἐπὶ</strong></span> <span class='ocrx_word' id='word_1_12' title='bbox 1326 458 1422 514; x_wconf 87' lang='lat'><strong>106</strong></span> <span class='ocrx_word' id='word_1_13' title='bbox 1479 457 1755 529; x_wconf 83' lang='grc' dir='ltr'>μετώπου,</span> <span class='ocrx_word' id='word_1_14' title='bbox 1823 453 1922 507; x_wconf 69' lang='grc' dir='ltr'>καὶ</span> 
     </span>
    </p>
   </div>
   <div class='ocr_carea' id='block_1_5' title="bbox 2044 448 3613 530">
    <p class='ocr_par' dir='ltr' id='par_1_5' title="bbox 2044 448 3613 520">
     <span class='ocr_line' id='line_1_5' title="bbox 2044 448 3613 520; baseline 0.003 -17"><span class='ocrx_word' id='word_1_15' title='bbox 2044 452 2201 506; x_wconf 89' lang='lat' dir='ltr'><strong>&#39;ronte</strong></span> <span class='ocrx_word' id='word_1_16' title='bbox 2229 465 2447 506; x_wconf 90' lang='lat' dir='ltr'><strong>crucem</strong></span> <span class='ocrx_word' id='word_1_17' title='bbox 2483 467 2647 505; x_wconf 88' lang='lat' dir='ltr'><strong>manu</strong></span> <span class='ocrx_word' id='word_1_18' title='bbox 2688 448 2996 519; x_wconf 83' lang='lat' dir='ltr'><strong>designent,</strong></span> <span class='ocrx_word' id='word_1_19' title='bbox 3043 458 3099 504; x_wconf 89' lang='lat' dir='ltr'><strong>et</strong></span> <span class='ocrx_word' id='word_1_20' title='bbox 3128 450 3180 504; x_wconf 90' lang='lat' dir='ltr'><strong>in</strong></span> <span class='ocrx_word' id='word_1_21' title='bbox 3231 449 3515 520; x_wconf 83' lang='lat' dir='ltr'><strong>baptismo,</strong></span> <span class='ocrx_word' id='word_1_22' title='bbox 3557 450 3613 507; x_wconf 70' lang='lat' dir='ltr'><strong>ei-</strong></span> 
     </span>
    </p>
   </div>
   <div class='ocr_carea' id='block_1_6' title="bbox 329 547 1916 623">
    <p class='ocr_par' dir='ltr' id='par_1_6' title="bbox 329 547 1916 623">
     <span class='ocr_line' id='line_1_6' title="bbox 329 547 1916 623; baseline -0.004 -18"><span class='ocrx_word' id='word_1_23' title='bbox 329 554 427 605; x_wconf 79' lang='grc' dir='ltr'><strong>ἐπὶ</strong></span> <span class='ocrx_word' id='word_1_24' title='bbox 456 550 552 604; x_wconf 84' lang='grc' dir='ltr'>τοῦ</span> <span class='ocrx_word' id='word_1_25' title='bbox 576 551 973 622; x_wconf 74' lang='grc' dir='ltr'><strong>βαπτίσματος,</strong></span> <span class='ocrx_word' id='word_1_26' title='bbox 1028 556 1123 606; x_wconf 72' lang='grc' dir='ltr'><strong>καὶ</strong></span> <span class='ocrx_word' id='word_1_27' title='bbox 1157 555 1249 606; x_wconf 75' lang='grc' dir='ltr'><strong>ἐπὶ</strong></span> <span class='ocrx_word' id='word_1_28' title='bbox 1284 554 1383 623; x_wconf 83' lang='grc' dir='ltr'>τῆς</span> <span class='ocrx_word' id='word_1_29' title='bbox 1440 551 1772 623; x_wconf 71' lang='grc' dir='ltr'><strong>ἱερουργίας,</strong></span> <span class='ocrx_word' id='word_1_30' title='bbox 1818 547 1916 600; x_wconf 75' lang='grc' dir='ltr'>καὶ</span> 
     </span>
    </p>
   </div>
   <div class='ocr_carea' id='block_1_7' title="bbox 329 640 1913 715">
    <p class='ocr_par' dir='ltr' id='par_1_7' title="bbox 329 640 1913 715">
     <span class='ocr_line' id='line_1_7' title="bbox 329 640 1913 715; baseline -0.002 -19"><span class='ocrx_word' id='word_1_31' title='bbox 329 647 389 698; x_wconf 76' lang='grc' dir='ltr'>ἐν</span> <span class='ocrx_word' id='word_1_32' title='bbox 423 645 605 709; x_wconf 78' lang='grc' dir='ltr'>ἄλλοις</span> <span class='ocrx_word' id='word_1_33' title='bbox 638 645 873 708; x_wconf 80' lang='grc' dir='ltr'><strong>πολλοῖς.</strong></span> <span class='ocrx_word' id='word_1_34' title='bbox 907 640 1125 712; x_wconf 80' lang='grc' dir='ltr'>Ἀλλ’,ὧ</span> <span class='ocrx_word' id='word_1_35' title='bbox 1145 648 1366 713; x_wconf 83' lang='grc' dir='ltr'><strong>μάταιοι</strong></span> <span class='ocrx_word' id='word_1_36' title='bbox 1392 646 1486 699; x_wconf 72' lang='grc' dir='ltr'>καὶ</span> <span class='ocrx_word' id='word_1_37' title='bbox 1505 643 1913 715; x_wconf 76' lang='grc' dir='ltr'>φρενοϐλαϐεῖς,</span> 
     </span>
    </p>
   </div>
   <div class='ocr_carea' id='block_1_8' title="bbox 331 735 1916 809">
    <p class='ocr_par' dir='ltr' id='par_1_8' title="bbox 331 735 1916 809">
     <span class='ocr_line' id='line_1_8' title="bbox 331 735 1916 809; baseline 0.004 -21"><span class='ocrx_word' id='word_1_38' title='bbox 331 736 505 805; x_wconf 84' lang='grc' dir='ltr'>φαίην</span> <span class='ocrx_word' id='word_1_39' title='bbox 544 736 611 789; x_wconf 84' lang='grc' dir='ltr'>ἂν</span> <span class='ocrx_word' id='word_1_40' title='bbox 637 736 775 804; x_wconf 83' lang='grc' dir='ltr'>πρὸς</span> <span class='ocrx_word' id='word_1_41' title='bbox 808 737 1027 800; x_wconf 80' lang='grc' dir='ltr'>αὐτοὺς,</span> <span class='ocrx_word' id='word_1_42' title='bbox 1062 740 1221 809; x_wconf 80' lang='grc' dir='ltr'>είπερ</span> <span class='ocrx_word' id='word_1_43' title='bbox 1274 740 1302 791; x_wconf 98' lang='lat'><strong>6</strong></span> <span class='ocrx_word' id='word_1_44' title='bbox 1341 737 1430 791; x_wconf 78' lang='grc' dir='ltr'><strong>διὰ</strong></span> <span class='ocrx_word' id='word_1_45' title='bbox 1483 738 1669 807; x_wconf 83' lang='grc' dir='ltr'>χειρὸς</span> <span class='ocrx_word' id='word_1_46' title='bbox 1734 735 1916 795; x_wconf 64' lang='grc' dir='ltr'>ἀύλως</span> 
     </span>
    </p>
   </div>
   <div class='ocr_carea' id='block_1_9' title="bbox 330 824 1917 899">
    <p class='ocr_par' dir='ltr' id='par_1_9' title="bbox 330 824 1917 899">
     <span class='ocr_line' id='line_1_9' title="bbox 330 824 1917 899; baseline -0.001 -19"><span class='ocrx_word' id='word_1_47' title='bbox 330 827 677 898; x_wconf 84' lang='grc' dir='ltr'>τυπούμενος</span> <span class='ocrx_word' id='word_1_48' title='bbox 711 830 948 899; x_wconf 75' lang='grc' dir='ltr'>σταυρὸς</span> <span class='ocrx_word' id='word_1_49' title='bbox 990 831 1241 897; x_wconf 76' lang='grc' dir='ltr'>ἁγιάζειν</span> <span class='ocrx_word' id='word_1_50' title='bbox 1283 832 1482 892; x_wconf 88' lang='grc' dir='ltr'>πάντα,</span> <span class='ocrx_word' id='word_1_51' title='bbox 1518 824 1599 893; x_wconf 75' lang='grc' dir='ltr'>οἷς</span> <span class='ocrx_word' id='word_1_52' title='bbox 1629 826 1917 882; x_wconf 75' lang='grc' dir='ltr'>ἐπιϐάλλε-</span> 
     </span>
    </p>
   </div>
   <div class='ocr_carea' id='block_1_10' title="bbox 331 919 1913 994">
    <p class='ocr_par' dir='ltr' id='par_1_10' title="bbox 331 919 1913 994">
     <span class='ocr_line' id='line_1_10' title="bbox 331 919 1913 994; baseline 0 -22"><span class='ocrx_word' id='word_1_53' title='bbox 331 936 447 985; x_wconf 80' lang='grc' dir='ltr'>ται,</span> <span class='ocrx_word' id='word_1_54' title='bbox 476 920 538 973; x_wconf 83' lang='grc' dir='ltr'><strong>τὸ</strong></span> <span class='ocrx_word' id='word_1_55' title='bbox 571 919 715 991; x_wconf 81' lang='grc' dir='ltr'>ὕδωρ</span> <span class='ocrx_word' id='word_1_56' title='bbox 744 921 889 990; x_wconf 85' lang='grc' dir='ltr'>λέγω</span> <span class='ocrx_word' id='word_1_57' title='bbox 916 921 1010 973; x_wconf 84' lang='grc' dir='ltr'>τοῦ</span> <span class='ocrx_word' id='word_1_58' title='bbox 1048 923 1447 994; x_wconf 75' lang='grc' dir='ltr'><strong>βαπτίσματος,</strong></span> <span class='ocrx_word' id='word_1_59' title='bbox 1494 924 1585 976; x_wconf 77' lang='grc' dir='ltr'><strong>καὶ</strong></span> <span class='ocrx_word' id='word_1_60' title='bbox 1616 923 1679 975; x_wconf 80' lang='lat'><strong>16</strong></span> <span class='ocrx_word' id='word_1_61' title='bbox 1714 922 1913 985; x_wconf 75' lang='grc' dir='ltr'>ἔλαιον,</span> 
     </span>
    </p>
   </div>
   <div class='ocr_carea' id='block_1_11' title="bbox 332 1013 1918 1085">
    <p class='ocr_par' dir='ltr' id='par_1_11' title="bbox 332 1013 1918 1085">
     <span class='ocr_line' id='line_1_11' title="bbox 332 1013 1918 1085; baseline 0.001 -22"><span class='ocrx_word' id='word_1_62' title='bbox 332 1013 431 1063; x_wconf 72' lang='grc' dir='ltr'><strong>καὶ</strong></span> <span class='ocrx_word' id='word_1_63' title='bbox 453 1013 514 1064; x_wconf 84' lang='lat'><strong>16</strong></span> <span class='ocrx_word' id='word_1_64' title='bbox 545 1013 738 1083; x_wconf 85' lang='grc' dir='ltr'>μύρον,</span> <span class='ocrx_word' id='word_1_65' title='bbox 771 1015 865 1066; x_wconf 81' lang='grc' dir='ltr'><strong>καὶ</strong></span> <span class='ocrx_word' id='word_1_66' title='bbox 895 1015 963 1067; x_wconf 82' lang='grc' dir='ltr'><strong>τά</strong></span> <span class='ocrx_word' id='word_1_67' title='bbox 986 1016 1256 1085; x_wconf 83' lang='grc' dir='ltr'>πρόσωπα</span> <span class='ocrx_word' id='word_1_68' title='bbox 1281 1015 1392 1067; x_wconf 83' lang='grc' dir='ltr'><strong>τῶν</strong></span> <span class='ocrx_word' id='word_1_69' title='bbox 1438 1015 1745 1084; x_wconf 77' lang='grc' dir='ltr'>ἀνθρώπων</span> <span class='ocrx_word' id='word_1_70' title='bbox 1808 1014 1918 1066; x_wconf 81' lang='grc' dir='ltr'>τῶν</span> 
     </span>
    </p>
   </div>
   <div class='ocr_carea' id='block_1_12' title="bbox 334 1106 1919 1179">
    <p class='ocr_par' dir='ltr' id='par_1_12' title="bbox 334 1106 1919 1179">
     <span class='ocr_line' id='line_1_12' title="bbox 334 1106 1919 1179; baseline 0.004 -23"><span class='ocrx_word' id='word_1_71' title='bbox 334 1106 729 1169; x_wconf 80' lang='grc' dir='ltr'>πιστευόντων,</span> <span class='ocrx_word' id='word_1_72' title='bbox 757 1109 851 1158; x_wconf 71' lang='grc' dir='ltr'><strong>καὶ</strong></span> <span class='ocrx_word' id='word_1_73' title='bbox 878 1108 970 1160; x_wconf 76' lang='grc' dir='ltr'>τὸν</span> <span class='ocrx_word' id='word_1_74' title='bbox 1005 1111 1270 1174; x_wconf 73' lang='grc' dir='ltr'>μυστικὸν</span> <span class='ocrx_word' id='word_1_75' title='bbox 1301 1108 1487 1179; x_wconf 82' lang='grc' dir='ltr'>ἄρτον,</span> <span class='ocrx_word' id='word_1_76' title='bbox 1523 1110 1619 1161; x_wconf 77' lang='grc' dir='ltr'><strong>καὶ</strong></span> <span class='ocrx_word' id='word_1_77' title='bbox 1664 1108 1725 1159; x_wconf 85' lang='lat'><strong>16</strong></span> <span class='ocrx_word' id='word_1_78' title='bbox 1775 1110 1816 1161; x_wconf 83' lang='grc' dir='ltr'><strong>ίε</strong></span> <span class='ocrx_word' id='word_1_79' title='bbox 1830 1110 1919 1178; x_wconf 68' lang='grc' dir='ltr'>ρδν</span> 
     </span>
    </p>
   </div>
   <div class='ocr_carea' id='block_1_13' title="bbox 337 1200 1909 1272">
    <p class='ocr_par' dir='ltr' id='par_1_13' title="bbox 337 1200 1909 1272">
     <span class='ocr_line' id='line_1_13' title="bbox 337 1200 1909 1272; baseline 0.003 -22"><span class='ocrx_word' id='word_1_80' title='bbox 337 1201 620 1266; x_wconf 85' lang='grc' dir='ltr'>ποτήριον,</span> <span class='ocrx_word' id='word_1_81' title='bbox 654 1200 749 1251; x_wconf 61' lang='lat'><em>116.1</em></span> <span class='ocrx_word' id='word_1_82' title='bbox 777 1200 969 1262; x_wconf 79' lang='grc' dir='ltr'>τᾶλλα,</span> <span class='ocrx_word' id='word_1_83' title='bbox 1001 1202 1090 1254; x_wconf 77' lang='grc' dir='ltr'><strong>ἵνα</strong></span> <span class='ocrx_word' id='word_1_84' title='bbox 1121 1205 1197 1272; x_wconf 73' lang='grc' dir='ltr'>μὴ</span> <span class='ocrx_word' id='word_1_85' title='bbox 1228 1202 1353 1255; x_wconf 72' lang='grc' dir='ltr'>καθ’</span> <span class='ocrx_word' id='word_1_86' title='bbox 1379 1203 1612 1254; x_wconf 73' lang='grc' dir='ltr'>ἕκαστον</span> <span class='ocrx_word' id='word_1_87' title='bbox 1672 1202 1909 1270; x_wconf 80' lang='grc' dir='ltr'>ἀπαριθ-</span> 
     </span>
    </p>
   </div>
   <div class='ocr_carea' id='block_1_14' title="bbox 339 1290 1919 1365">
    <p class='ocr_par' dir='ltr' id='par_1_14' title="bbox 339 1290 1919 1365">
     <span class='ocr_line' id='line_1_14' title="bbox 339 1290 1919 1365; baseline 0.004 -25"><span class='ocrx_word' id='word_1_88' title='bbox 339 1290 613 1359; x_wconf 80' lang='grc' dir='ltr'>μούμενος</span> <span class='ocrx_word' id='word_1_89' title='bbox 655 1291 882 1362; x_wconf 78' lang='grc' dir='ltr'>μηκύνω</span> <span class='ocrx_word' id='word_1_90' title='bbox 915 1296 1008 1346; x_wconf 86' lang='lat' dir='ltr'><em>16v</em></span> <span class='ocrx_word' id='word_1_91' title='bbox 1037 1294 1218 1361; x_wconf 84' lang='grc' dir='ltr'>λόγον,</span> <span class='ocrx_word' id='word_1_92' title='bbox 1254 1296 1372 1358; x_wconf 84' lang='grc' dir='ltr'><strong>πῶς</strong></span> <span class='ocrx_word' id='word_1_93' title='bbox 1394 1298 1423 1349; x_wconf 96' lang='lat'><strong>6</strong></span> <span class='ocrx_word' id='word_1_94' title='bbox 1449 1296 1538 1349; x_wconf 82' lang='grc' dir='ltr'>διὰ</span> <span class='ocrx_word' id='word_1_95' title='bbox 1575 1296 1677 1365; x_wconf 83' lang='grc' dir='ltr'>τῆς</span> <span class='ocrx_word' id='word_1_96' title='bbox 1699 1296 1919 1364; x_wconf 76' lang='grc' dir='ltr'>οἱασδή·</span> 
     </span>
    </p>
   </div>
   <div class='ocr_carea' id='block_1_15' title="bbox 337 1370 1922 1458">
    <p class='ocr_par' dir='ltr' id='par_1_15' title="bbox 337 1384 1922 1458">
     <span class='ocr_line' id='line_1_15' title="bbox 337 1384 1922 1458; baseline 0.003 -23"><span class='ocrx_word' id='word_1_97' title='bbox 337 1400 471 1436; x_wconf 82' lang='grc' dir='ltr'>ποτε</span> <span class='ocrx_word' id='word_1_98' title='bbox 514 1384 647 1452; x_wconf 77' lang='grc' dir='ltr'>ὕλης</span> <span class='ocrx_word' id='word_1_99' title='bbox 681 1388 853 1448; x_wconf 80' lang='grc' dir='ltr'>τύπος</span> <span class='ocrx_word' id='word_1_100' title='bbox 891 1386 987 1439; x_wconf 87' lang='grc' dir='ltr'>τοῦ</span> <span class='ocrx_word' id='word_1_101' title='bbox 1035 1389 1289 1458; x_wconf 80' lang='grc' dir='ltr'>σταυροῦ,</span> <span class='ocrx_word' id='word_1_102' title='bbox 1316 1389 1390 1450; x_wconf 87' lang='grc' dir='ltr'>ὡς</span> <span class='ocrx_word' id='word_1_103' title='bbox 1417 1389 1594 1442; x_wconf 86' lang='grc' dir='ltr'>κοινόν</span> <span class='ocrx_word' id='word_1_104' title='bbox 1619 1406 1670 1440; x_wconf 89' lang='grc' dir='ltr'><strong>τι</strong></span> <span class='ocrx_word' id='word_1_105' title='bbox 1709 1390 1800 1441; x_wconf 69' lang='grc' dir='ltr'>καὶ</span> <span class='ocrx_word' id='word_1_106' title='bbox 1830 1387 1922 1456; x_wconf 80' lang='grc' dir='ltr'><strong>βέ-</strong></span> 
     </span>
    </p>
   </div>
   <div class='ocr_carea' id='block_1_16' title="bbox 338 1476 1921 1552">
    <p class='ocr_par' dir='ltr' id='par_1_16' title="bbox 338 1476 1921 1552">
     <span class='ocr_line' id='line_1_16' title="bbox 338 1476 1921 1552; baseline 0.006 -27"><span class='ocrx_word' id='word_1_107' title='bbox 338 1476 503 1540; x_wconf 75' lang='grc' dir='ltr'>ϐηλον</span> <span class='ocrx_word' id='word_1_108' title='bbox 524 1477 614 1528; x_wconf 86' lang='grc' dir='ltr'><strong>διά</strong></span> <span class='ocrx_word' id='word_1_109' title='bbox 639 1495 697 1529; x_wconf 91' lang='grc' dir='ltr'><strong>τε</strong></span> <span class='ocrx_word' id='word_1_110' title='bbox 723 1478 1126 1548; x_wconf 73' lang='grc' dir='ltr'>βαπτίσματος,</span> <span class='ocrx_word' id='word_1_111' title='bbox 1151 1482 1247 1533; x_wconf 69' lang='grc' dir='ltr'><strong>καὶ</strong></span> <span class='ocrx_word' id='word_1_112' title='bbox 1264 1481 1395 1550; x_wconf 75' lang='grc' dir='ltr'>ἥλου</span> <span class='ocrx_word' id='word_1_113' title='bbox 1420 1483 1515 1535; x_wconf 78' lang='grc' dir='ltr'><strong>καὶ</strong></span> <span class='ocrx_word' id='word_1_114' title='bbox 1539 1482 1773 1552; x_wconf 68' lang='grc' dir='ltr'>αἵματος</span> <span class='ocrx_word' id='word_1_115' title='bbox 1797 1479 1921 1535; x_wconf 78' lang='grc' dir='ltr'>καθ’</span> 
     </span>
    </p>
   </div>
   <div class='ocr_carea' id='block_1_17' title="bbox 340 1567 1923 1644">
    <p class='ocr_par' dir='ltr' id='par_1_17' title="bbox 340 1567 1923 1644">
     <span class='ocr_line' id='line_1_17' title="bbox 340 1567 1923 1644; baseline 0.003 -25"><span class='ocrx_word' id='word_1_116' title='bbox 340 1567 485 1632; x_wconf 74' lang='grc' dir='ltr'>ὑμᾶς</span> <span class='ocrx_word' id='word_1_117' title='bbox 524 1569 849 1637; x_wconf 81' lang='grc' dir='ltr'>ἁγιάζεται;</span> <span class='ocrx_word' id='word_1_118' title='bbox 882 1573 1005 1634; x_wconf 76' lang='grc' dir='ltr'>Πῶς</span> <span class='ocrx_word' id='word_1_119' title='bbox 1036 1572 1092 1625; x_wconf 78' lang='grc' dir='ltr'><strong>δὲ</strong></span> <span class='ocrx_word' id='word_1_120' title='bbox 1117 1575 1145 1626; x_wconf 91' lang='lat'><strong>6</strong></span> <span class='ocrx_word' id='word_1_121' title='bbox 1170 1573 1264 1625; x_wconf 71' lang='grc' dir='ltr'><strong>καὶ</strong></span> <span class='ocrx_word' id='word_1_122' title='bbox 1295 1574 1357 1627; x_wconf 84' lang='lat'><strong>16</strong></span> <span class='ocrx_word' id='word_1_123' title='bbox 1397 1574 1681 1643; x_wconf 76' lang='grc' dir='ltr'><strong>βάπτισμα</strong></span> <span class='ocrx_word' id='word_1_124' title='bbox 1700 1575 1794 1627; x_wconf 75' lang='grc' dir='ltr'>καὶ</span> <span class='ocrx_word' id='word_1_125' title='bbox 1825 1574 1923 1644; x_wconf 76' lang='grc' dir='ltr'>τὴν</span> 
     </span>
    </p>
   </div>
   <div class='ocr_carea' id='block_1_18' title="bbox 337 1659 1925 1740">
    <p class='ocr_par' dir='ltr' id='par_1_18' title="bbox 337 1659 1925 1740">
     <span class='ocr_line' id='line_1_18' title="bbox 337 1659 1925 1740; baseline 0.005 -27"><span class='ocrx_word' id='word_1_126' title='bbox 337 1659 529 1714; x_wconf 78' lang='grc' dir='ltr'>ούσῖαν</span> <span class='ocrx_word' id='word_1_127' title='bbox 548 1661 793 1728; x_wconf 78' lang='grc' dir='ltr'><strong>ἁγιάζων</strong></span> <span class='ocrx_word' id='word_1_128' title='bbox 825 1668 1055 1736; x_wconf 71' lang='grc' dir='ltr'>σταυρὸς</span> <span class='ocrx_word' id='word_1_129' title='bbox 1073 1666 1180 1720; x_wconf 81' lang='lat'><em>61:6</em></span> <span class='ocrx_word' id='word_1_130' title='bbox 1196 1668 1306 1721; x_wconf 87' lang='grc' dir='ltr'>τῶν</span> <span class='ocrx_word' id='word_1_131' title='bbox 1331 1667 1708 1740; x_wconf 79' lang='grc' dir='ltr'>ἀγιαζομένων</span> <span class='ocrx_word' id='word_1_132' title='bbox 1718 1669 1925 1722; x_wconf 86' lang='grc' dir='ltr'>τούτων</span> 
     </span>
    </p>
   </div>
   <div class='ocr_carea' id='block_1_19' title="bbox 338 1754 1925 1832">
    <p class='ocr_par' dir='ltr' id='par_1_19' title="bbox 338 1754 1925 1832">
     <span class='ocr_line' id='line_1_19' title="bbox 338 1754 1925 1832; baseline 0.006 -26"><span class='ocrx_word' id='word_1_133' title='bbox 338 1754 669 1822; x_wconf 70' lang='grc' dir='ltr'>ἁγιάζεταις</span> <span class='ocrx_word' id='word_1_134' title='bbox 697 1756 910 1827; x_wconf 81' lang='grc' dir='ltr'>Ὥσπερ</span> <span class='ocrx_word' id='word_1_135' title='bbox 942 1759 1050 1827; x_wconf 71' lang='grc' dir='ltr'>γὰρ</span> <span class='ocrx_word' id='word_1_136' title='bbox 1082 1760 1186 1829; x_wconf 66' lang='grc' dir='ltr'>πρὸ</span> <span class='ocrx_word' id='word_1_137' title='bbox 1241 1759 1337 1812; x_wconf 87' lang='lat'><strong>106</strong></span> <span class='ocrx_word' id='word_1_138' title='bbox 1393 1761 1773 1832; x_wconf 77' lang='grc' dir='ltr'>σταυρωθῆναι</span> <span class='ocrx_word' id='word_1_139' title='bbox 1833 1762 1925 1815; x_wconf 81' lang='grc' dir='ltr'><strong>τὸν</strong></span> 
     </span>
    </p>
   </div>
   <div class='ocr_carea' id='block_1_20' title="bbox 338 1847 1926 1926">
    <p class='ocr_par' dir='ltr' id='par_1_20' title="bbox 338 1847 1926 1926">
     <span class='ocr_line' id='line_1_20' title="bbox 338 1847 1926 1926; baseline 0.004 -25"><span class='ocrx_word' id='word_1_140' title='bbox 338 1847 579 1916; x_wconf 84' lang='grc' dir='ltr'>Χριστὸν</span> <span class='ocrx_word' id='word_1_141' title='bbox 608 1849 637 1900; x_wconf 89' lang='lat'><strong>6</strong></span> <span class='ocrx_word' id='word_1_142' title='bbox 675 1853 909 1921; x_wconf 77' lang='grc' dir='ltr'>σταυρὸς</span> <span class='ocrx_word' id='word_1_143' title='bbox 946 1852 1181 1922; x_wconf 72' lang='grc' dir='ltr'>ὄργανον</span> <span class='ocrx_word' id='word_1_144' title='bbox 1211 1848 1279 1924; x_wconf 81' lang='grc' dir='ltr'>ἦν</span> <span class='ocrx_word' id='word_1_145' title='bbox 1328 1854 1564 1908; x_wconf 85' lang='grc' dir='ltr'>θανάτου</span> <span class='ocrx_word' id='word_1_146' title='bbox 1608 1855 1926 1926; x_wconf 79' lang='grc' dir='ltr'>κατηραμέ·</span> 
     </span>
    </p>
   </div>
   <div class='ocr_carea' id='block_1_21' title="bbox 338 1943 1930 2018">
    <p class='ocr_par' dir='ltr' id='par_1_21' title="bbox 338 1943 1930 2018">
     <span class='ocr_line' id='line_1_21' title="bbox 338 1943 1930 2018; baseline 0.004 -25"><span class='ocrx_word' id='word_1_147' title='bbox 338 1957 452 2001; x_wconf 86' lang='grc' dir='ltr'>νον,</span> <span class='ocrx_word' id='word_1_148' title='bbox 486 1944 581 1994; x_wconf 71' lang='grc' dir='ltr'><strong>καὶ</strong></span> <span class='ocrx_word' id='word_1_149' title='bbox 618 1943 646 1994; x_wconf 97' lang='lat'><strong>6</strong></span> <span class='ocrx_word' id='word_1_150' title='bbox 673 1943 842 2005; x_wconf 82' lang='grc' dir='ltr'>τύπος</span> <span class='ocrx_word' id='word_1_151' title='bbox 870 1945 1034 1998; x_wconf 83' lang='grc' dir='ltr'>αὑτοῦ</span> <span class='ocrx_word' id='word_1_152' title='bbox 1063 1948 1298 2013; x_wconf 82' lang='grc' dir='ltr'>φευκτός</span> <span class='ocrx_word' id='word_1_153' title='bbox 1319 1966 1377 2000; x_wconf 87' lang='grc' dir='ltr'><strong>τε</strong></span> <span class='ocrx_word' id='word_1_154' title='bbox 1412 1948 1506 2000; x_wconf 75' lang='grc' dir='ltr'>καὶ</span> <span class='ocrx_word' id='word_1_155' title='bbox 1537 1949 1930 2018; x_wconf 83' lang='grc' dir='ltr'>ἀποτρόπαιος·</span> 
     </span>
    </p>
   </div>
   <div class='ocr_carea' id='block_1_22' title="bbox 339 2032 1933 2112">
    <p class='ocr_par' dir='ltr' id='par_1_22' title="bbox 339 2032 1933 2112">
     <span class='ocr_line' id='line_1_22' title="bbox 339 2032 1933 2112; baseline 0.007 -28"><span class='ocrx_word' id='word_1_156' title='bbox 339 2032 484 2084; x_wconf 82' lang='grc' dir='ltr'>οὓτω</span> <span class='ocrx_word' id='word_1_157' title='bbox 514 2034 652 2103; x_wconf 70' lang='grc' dir='ltr'>μετὰ</span> <span class='ocrx_word' id='word_1_158' title='bbox 677 2037 738 2088; x_wconf 89' lang='lat'><strong>16</strong></span> <span class='ocrx_word' id='word_1_159' title='bbox 777 2039 1198 2107; x_wconf 68' lang='grc' dir='ltr'>προσηλωθῆναι</span> <span class='ocrx_word' id='word_1_160' title='bbox 1238 2039 1330 2092; x_wconf 81' lang='grc' dir='ltr'><strong>τὸν</strong></span> <span class='ocrx_word' id='word_1_161' title='bbox 1361 2042 1593 2110; x_wconf 74' lang='grc' dir='ltr'>Χριστὸν</span> <span class='ocrx_word' id='word_1_162' title='bbox 1623 2042 1793 2112; x_wconf 79' lang='grc' dir='ltr'>αὐτῷ,</span> <span class='ocrx_word' id='word_1_163' title='bbox 1838 2044 1933 2095; x_wconf 79' lang='grc' dir='ltr'>καὶ</span> 
     </span>
    </p>
   </div>
   <div class='ocr_carea' id='block_1_23' title="bbox 342 2126 1935 2201">
    <p class='ocr_par' dir='ltr' id='par_1_23' title="bbox 342 2126 1935 2201">
     <span class='ocr_line' id='line_1_23' title="bbox 342 2126 1935 2201; baseline 0.006 -26"><span class='ocrx_word' id='word_1_164' title='bbox 342 2126 793 2195; x_wconf 75' lang='grc' dir='ltr'>καταρρανθῆναι</span> <span class='ocrx_word' id='word_1_165' title='bbox 838 2128 1027 2180; x_wconf 82' lang='grc' dir='ltr'>τοῦτον</span> <span class='ocrx_word' id='word_1_166' title='bbox 1078 2128 1156 2197; x_wconf 82' lang='grc' dir='ltr'>τῷ</span> <span class='ocrx_word' id='word_1_167' title='bbox 1215 2131 1533 2199; x_wconf 81' lang='grc' dir='ltr'>Δεσποτικῷ</span> <span class='ocrx_word' id='word_1_168' title='bbox 1596 2132 1788 2201; x_wconf 79' lang='grc' dir='ltr'>αἵματι</span> <span class='ocrx_word' id='word_1_169' title='bbox 1841 2134 1935 2186; x_wconf 67' lang='grc' dir='ltr'>καὶ</span> 
     </span>
    </p>
   </div>
   <div class='ocr_carea' id='block_1_24' title="bbox 344 2216 1937 2293">
    <p class='ocr_par' dir='ltr' id='par_1_24' title="bbox 344 2216 1937 2293">
     <span class='ocr_line' id='line_1_24' title="bbox 344 2216 1937 2293; baseline 0.006 -26"><span class='ocrx_word' id='word_1_170' title='bbox 344 2216 520 2280; x_wconf 71' lang='grc' dir='ltr'>ὕδατι,</span> <span class='ocrx_word' id='word_1_171' title='bbox 559 2217 721 2279; x_wconf 74' lang='grc' dir='ltr'>αὐτός</span> <span class='ocrx_word' id='word_1_172' title='bbox 752 2236 811 2271; x_wconf 89' lang='grc' dir='ltr'><strong>τε</strong></span> <span class='ocrx_word' id='word_1_173' title='bbox 836 2219 1094 2290; x_wconf 82' lang='grc' dir='ltr'>ἡγιάσθη,</span> <span class='ocrx_word' id='word_1_174' title='bbox 1121 2224 1211 2275; x_wconf 71' lang='grc' dir='ltr'><strong>καὶ</strong></span> <span class='ocrx_word' id='word_1_175' title='bbox 1232 2223 1260 2273; x_wconf 90' lang='lat'><strong>6</strong></span> <span class='ocrx_word' id='word_1_176' title='bbox 1279 2222 1450 2285; x_wconf 87' lang='grc' dir='ltr'>τύπος</span> <span class='ocrx_word' id='word_1_177' title='bbox 1479 2224 1643 2276; x_wconf 66' lang='grc' dir='ltr'>αὐτοῦ</span> <span class='ocrx_word' id='word_1_178' title='bbox 1666 2224 1937 2293; x_wconf 82' lang='grc' dir='ltr'>ἀγιαστή-</span> 
     </span>
    </p>
   </div>
   <div class='ocr_carea' id='block_1_25' title="bbox 348 2311 1940 2383">
    <p class='ocr_par' dir='ltr' id='par_1_25' title="bbox 348 2311 1940 2383">
     <span class='ocr_line' id='line_1_25' title="bbox 348 2311 1940 2383; baseline 0.004 -23"><span class='ocrx_word' id='word_1_179' title='bbox 348 2324 463 2377; x_wconf 84' lang='grc' dir='ltr'>ριον</span> <span class='ocrx_word' id='word_1_180' title='bbox 487 2311 619 2361; x_wconf 79' lang='grc' dir='ltr'>πᾶσι</span> <span class='ocrx_word' id='word_1_181' title='bbox 650 2311 761 2371; x_wconf 82' lang='grc' dir='ltr'>τοῖς</span> <span class='ocrx_word' id='word_1_182' title='bbox 790 2312 1003 2371; x_wconf 82' lang='grc' dir='ltr'>πιστοῖς</span> <span class='ocrx_word' id='word_1_183' title='bbox 1032 2312 1291 2380; x_wconf 83' lang='grc' dir='ltr'>κατέστη,</span> <span class='ocrx_word' id='word_1_184' title='bbox 1316 2314 1580 2381; x_wconf 75' lang='grc' dir='ltr'>πρότερον</span> <span class='ocrx_word' id='word_1_185' title='bbox 1602 2314 1698 2381; x_wconf 80' lang='grc' dir='ltr'><strong>μὲν</strong></span> <span class='ocrx_word' id='word_1_186' title='bbox 1731 2314 1940 2383; x_wconf 80' lang='grc' dir='ltr'>ἀνθρὼ-</span> 
     </span>
    </p>
   </div>
   <div class='ocr_carea' id='block_1_26' title="bbox 348 2399 1939 2473">
    <p class='ocr_par' dir='ltr' id='par_1_26' title="bbox 348 2399 1939 2473">
     <span class='ocr_line' id='line_1_26' title="bbox 348 2399 1939 2473; baseline 0.004 -23"><span class='ocrx_word' id='word_1_187' title='bbox 348 2416 483 2460; x_wconf 77' lang='grc' dir='ltr'>πους</span> <span class='ocrx_word' id='word_1_188' title='bbox 517 2399 885 2467; x_wconf 66' lang='grc' dir='ltr'>ἀναιροῦντος,</span> <span class='ocrx_word' id='word_1_189' title='bbox 916 2400 1142 2471; x_wconf 76' lang='grc' dir='ltr'>ὕστερον</span> <span class='ocrx_word' id='word_1_190' title='bbox 1185 2403 1241 2455; x_wconf 84' lang='grc' dir='ltr'><strong>δὲ</strong></span> <span class='ocrx_word' id='word_1_191' title='bbox 1271 2405 1394 2467; x_wconf 80' lang='grc' dir='ltr'>τοὺς</span> <span class='ocrx_word' id='word_1_192' title='bbox 1427 2405 1704 2473; x_wconf 80' lang='grc' dir='ltr'>δαίμονας.</span> <span class='ocrx_word' id='word_1_193' title='bbox 1748 2407 1809 2458; x_wconf 83' lang='grc' dir='ltr'><strong>Εἰ</strong></span> <span class='ocrx_word' id='word_1_194' title='bbox 1845 2403 1939 2459; x_wconf 73' lang='grc' dir='ltr'>οὖν</span> 
     </span>
    </p>
   </div>
   <div class='ocr_carea' id='block_1_27' title="bbox 347 2491 1939 2569">
    <p class='ocr_par' dir='ltr' id='par_1_27' title="bbox 347 2491 1939 2569">
     <span class='ocr_line' id='line_1_27' title="bbox 347 2491 1939 2569; baseline 0.005 -26"><span class='ocrx_word' id='word_1_195' title='bbox 347 2491 411 2543; x_wconf 83' lang='lat'><strong>16</strong></span> <span class='ocrx_word' id='word_1_196' title='bbox 435 2493 789 2561; x_wconf 84' lang='grc' dir='ltr'>πρωτότυπον</span> <span class='ocrx_word' id='word_1_197' title='bbox 811 2494 1035 2561; x_wconf 79' lang='grc' dir='ltr'>γέγονεν</span> <span class='ocrx_word' id='word_1_198' title='bbox 1070 2494 1246 2562; x_wconf 75' lang='grc' dir='ltr'>ἅγιον,</span> <span class='ocrx_word' id='word_1_199' title='bbox 1280 2496 1354 2558; x_wconf 86' lang='grc' dir='ltr'>ὼς</span> <span class='ocrx_word' id='word_1_200' title='bbox 1382 2496 1616 2566; x_wconf 76' lang='grc' dir='ltr'>εἴρηται,</span> <span class='ocrx_word' id='word_1_201' title='bbox 1652 2499 1939 2569; x_wconf 69' lang='grc' dir='ltr'>προσηλω-</span> 
     </span>
    </p>
   </div>
   <div class='ocr_carea' id='block_1_28' title="bbox 351 2583 1939 2656">
    <p class='ocr_par' dir='ltr' id='par_1_28' title="bbox 351 2583 1939 2656">
     <span class='ocr_line' id='line_1_28' title="bbox 351 2583 1939 2656; baseline 0.004 -19"><span class='ocrx_word' id='word_1_202' title='bbox 351 2583 540 2647; x_wconf 77' lang='grc' dir='ltr'>Θὲντος</span> <span class='ocrx_word' id='word_1_203' title='bbox 570 2585 717 2653; x_wconf 80' lang='grc' dir='ltr'>αὐτῷ</span> <span class='ocrx_word' id='word_1_204' title='bbox 748 2586 841 2638; x_wconf 88' lang='lat'><strong>106</strong></span> <span class='ocrx_word' id='word_1_205' title='bbox 875 2588 1178 2649; x_wconf 88' lang='grc' dir='ltr'>Δεσπότου,</span> <span class='ocrx_word' id='word_1_206' title='bbox 1207 2588 1391 2652; x_wconf 79' lang='grc' dir='ltr'>καθὼς</span> <span class='ocrx_word' id='word_1_207' title='bbox 1412 2591 1439 2642; x_wconf 85' lang='lat'><strong>6</strong></span> <span class='ocrx_word' id='word_1_208' title='bbox 1494 2590 1657 2643; x_wconf 75' lang='grc' dir='ltr'><strong>Δαὸὶδ</strong></span> <span class='ocrx_word' id='word_1_209' title='bbox 1701 2592 1939 2656; x_wconf 75' lang='grc' dir='ltr'>ἐδίδαξεν</span> 
     </span>
    </p>
   </div>
   <div class='ocr_carea' id='block_1_29' title="bbox 352 2677 1941 2746">
    <p class='ocr_par' dir='ltr' id='par_1_29' title="bbox 352 2677 1941 2746">
     <span class='ocr_line' id='line_1_29' title="bbox 352 2677 1941 2746; baseline 0.003 -17"><span class='ocrx_word' id='word_1_210' title='bbox 352 2677 543 2739; x_wconf 74' lang='grc' dir='ltr'>εἰπὼν,</span> <span class='ocrx_word' id='word_1_211' title='bbox 572 2679 676 2732; x_wconf 76' lang='grc' dir='ltr'><strong>Καὶ</strong></span> <span class='ocrx_word' id='word_1_212' title='bbox 713 2679 1112 2746; x_wconf 82' lang='grc' dir='ltr'>προσκυνεῖτε</span> <span class='ocrx_word' id='word_1_213' title='bbox 1146 2680 1227 2744; x_wconf 83' lang='grc' dir='ltr'>τῷ</span> <span class='ocrx_word' id='word_1_214' title='bbox 1260 2682 1569 2746; x_wconf 79' lang='grc' dir='ltr'>ὑποποδίῳ</span> <span class='ocrx_word' id='word_1_215' title='bbox 1589 2682 1707 2735; x_wconf 75' lang='grc' dir='ltr'>τῶν</span> <span class='ocrx_word' id='word_1_216' title='bbox 1738 2682 1941 2735; x_wconf 74' lang='grc' dir='ltr'>ποδῶν·</span> 
     </span>
    </p>
   </div>
   <div class='ocr_carea' id='block_1_30' title="bbox 353 2771 1941 2844">
    <p class='ocr_par' dir='ltr' id='par_1_30' title="bbox 353 2771 1941 2844">
     <span class='ocr_line' id='line_1_30' title="bbox 353 2771 1941 2844; baseline 0.003 -22"><span class='ocrx_word' id='word_1_217' title='bbox 353 2771 563 2831; x_wconf 80' lang='grc' dir='ltr'>αὐτοῦ,</span> <span class='ocrx_word' id='word_1_218' title='bbox 596 2772 683 2823; x_wconf 87' lang='grc' dir='ltr'>ὅτι</span> <span class='ocrx_word' id='word_1_219' title='bbox 744 2771 915 2840; x_wconf 75' lang='grc' dir='ltr'>ἅγιόν</span> <span class='ocrx_word' id='word_1_220' title='bbox 957 2772 1087 2825; x_wconf 81' lang='grc' dir='ltr'>ἐστι</span> <span class='ocrx_word' id='word_1_221' title='bbox 1122 2790 1149 2831; x_wconf 24' lang='grc' dir='ltr'>’ν</span> <span class='ocrx_word' id='word_1_222' title='bbox 1172 2772 1329 2826; x_wconf 81' lang='grc' dir='ltr'>τοῦτο</span> <span class='ocrx_word' id='word_1_223' title='bbox 1366 2774 1474 2843; x_wconf 81' lang='grc' dir='ltr'>γὰρ</span> <span class='ocrx_word' id='word_1_224' title='bbox 1518 2776 1611 2827; x_wconf 78' lang='grc' dir='ltr'>νῦν</span> <span class='ocrx_word' id='word_1_225' title='bbox 1662 2775 1941 2844; x_wconf 58' lang='grc' dir='ltr'>ὠνόμασεν</span> 
     </span>
    </p>
   </div>
   <div class='ocr_carea' id='block_1_31' title="bbox 355 2864 1942 2938">
    <p class='ocr_par' dir='ltr' id='par_1_31' title="bbox 355 2864 1942 2938">
     <span class='ocr_line' id='line_1_31' title="bbox 355 2864 1942 2938; baseline 0.003 -22"><span class='ocrx_word' id='word_1_226' title='bbox 355 2864 645 2916; x_wconf 69' lang='grc' dir='ltr'>ὑποπόδιον</span> <span class='ocrx_word' id='word_1_227' title='bbox 668 2864 754 2917; x_wconf 75' lang='grc' dir='ltr'><strong>διὰ</strong></span> <span class='ocrx_word' id='word_1_228' title='bbox 789 2864 848 2915; x_wconf 82' lang='lat'><strong>16</strong></span> <span class='ocrx_word' id='word_1_229' title='bbox 864 2865 1251 2935; x_wconf 85' lang='grc' dir='ltr'>προσπαγῆναι</span> <span class='ocrx_word' id='word_1_230' title='bbox 1281 2866 1452 2933; x_wconf 83' lang='grc' dir='ltr'>τούτῳ</span> <span class='ocrx_word' id='word_1_231' title='bbox 1476 2868 1599 2931; x_wconf 85' lang='grc' dir='ltr'>τοὺς</span> <span class='ocrx_word' id='word_1_232' title='bbox 1634 2885 1942 2938; x_wconf 82' lang='grc' dir='ltr'>προσκυνη-</span> 
     </span>
    </p>
   </div>
   <div class='ocr_carea' id='block_1_32' title="bbox 354 2957 1940 3029">
    <p class='ocr_par' dir='ltr' id='par_1_32' title="bbox 354 2957 1940 3029">
     <span class='ocr_line' id='line_1_32' title="bbox 354 2957 1940 3029; baseline 0.003 -21"><span class='ocrx_word' id='word_1_233' title='bbox 354 2957 482 3019; x_wconf 80' lang='lat'><em>106;</em></span> <span class='ocrx_word' id='word_1_234' title='bbox 510 2957 676 3009; x_wconf 82' lang='grc' dir='ltr'>αὑτοῦ</span> <span class='ocrx_word' id='word_1_235' title='bbox 705 2957 901 3020; x_wconf 76' lang='grc' dir='ltr'>πόδας’</span> <span class='ocrx_word' id='word_1_236' title='bbox 933 2957 1087 3025; x_wconf 80' lang='grc' dir='ltr'>ἆγιος</span> <span class='ocrx_word' id='word_1_237' title='bbox 1135 2959 1241 3029; x_wconf 83' lang='grc' dir='ltr'>ἄρα</span> <span class='ocrx_word' id='word_1_238' title='bbox 1280 2962 1376 3012; x_wconf 63' lang='grc' dir='ltr'><strong>καὶ⁹</strong></span> <span class='ocrx_word' id='word_1_239' title='bbox 1410 2962 1517 3023; x_wconf 79' lang='grc' dir='ltr'>πᾶς</span> <span class='ocrx_word' id='word_1_240' title='bbox 1557 2960 1723 3022; x_wconf 82' lang='grc' dir='ltr'>τύπος</span> <span class='ocrx_word' id='word_1_241' title='bbox 1756 2960 1940 3027; x_wconf 75' lang='grc' dir='ltr'>αὑτοῦ,</span> 
     </span>
    </p>
   </div>
   <div class='ocr_carea' id='block_1_33' title="bbox 358 3049 1941 3123">
    <p class='ocr_par' dir='ltr' id='par_1_33' title="bbox 358 3049 1941 3123">
     <span class='ocr_line' id='line_1_33' title="bbox 358 3049 1941 3123; baseline 0.006 -24"><span class='ocrx_word' id='word_1_242' title='bbox 358 3049 463 3101; x_wconf 77' lang='grc' dir='ltr'>κᾶν</span> <span class='ocrx_word' id='word_1_243' title='bbox 500 3049 586 3101; x_wconf 68' lang='grc' dir='ltr'><strong>διὰ</strong></span> <span class='ocrx_word' id='word_1_244' title='bbox 608 3051 788 3120; x_wconf 76' lang='grc' dir='ltr'>χειρὸς</span> <span class='ocrx_word' id='word_1_245' title='bbox 806 3051 985 3113; x_wconf 81' lang='grc' dir='ltr'>ἀΰλως</span> <span class='ocrx_word' id='word_1_246' title='bbox 1010 3053 1309 3123; x_wconf 78' lang='grc' dir='ltr'>τυπωοείη,</span> <span class='ocrx_word' id='word_1_247' title='bbox 1337 3054 1441 3106; x_wconf 72' lang='grc' dir='ltr'>κᾶν</span> <span class='ocrx_word' id='word_1_248' title='bbox 1478 3053 1544 3107; x_wconf 89' lang='grc' dir='ltr'><strong>δι’</strong></span> <span class='ocrx_word' id='word_1_249' title='bbox 1588 3053 1720 3123; x_wconf 75' lang='grc' dir='ltr'>ὕλης</span> <span class='ocrx_word' id='word_1_250' title='bbox 1779 3055 1941 3117; x_wconf 65' lang='grc' dir='ltr'>τινός.</span> 
     </span>
    </p>
   </div>
   <div class='ocr_carea' id='block_1_34' title="bbox 362 3141 2014 3219">
    <p class='ocr_par' dir='ltr' id='par_1_34' title="bbox 362 3141 2014 3219">
     <span class='ocr_line' id='line_1_34' title="bbox 362 3141 2014 3219; baseline 0.003 -26"><span class='ocrx_word' id='word_1_251' title='bbox 362 3141 580 3201; x_wconf 82' lang='grc' dir='ltr'>Εἰκὸνες</span> <span class='ocrx_word' id='word_1_252' title='bbox 604 3142 711 3211; x_wconf 87' lang='grc' dir='ltr'><strong>γάρ</strong></span> <span class='ocrx_word' id='word_1_253' title='bbox 738 3144 843 3195; x_wconf 82' lang='grc' dir='ltr'>εἱσι</span> <span class='ocrx_word' id='word_1_254' title='bbox 865 3158 878 3171; x_wconf 73' lang='grc' dir='ltr'><strong>ο</strong></span> <span class='ocrx_word' id='word_1_255' title='bbox 899 3141 1072 3195; x_wconf 79' lang='grc' dir='ltr'>ταῦτα</span> <span class='ocrx_word' id='word_1_256' title='bbox 1097 3143 1189 3196; x_wconf 82' lang='grc' dir='ltr'>τοῦ</span> <span class='ocrx_word' id='word_1_257' title='bbox 1218 3144 1603 3213; x_wconf 86' lang='grc' dir='ltr'>πρωτοτύπου,</span> <span class='ocrx_word' id='word_1_258' title='bbox 1640 3149 1733 3199; x_wconf 68' lang='grc' dir='ltr'><strong>καὶ</strong></span> <span class='ocrx_word' id='word_1_259' title='bbox 1757 3148 1944 3217; x_wconf 78' lang='grc' dir='ltr'>ὥσπερ</span> <span class='ocrx_word' id='word_1_260' title='bbox 1971 3161 2014 3219; x_wconf 78' lang='lat' dir='ltr'><strong><em>C</em></strong></span> 
     </span>
    </p>
   </div>
   <div class='ocr_carea' id='block_1_35' title="bbox 358 3231 1948 3309">
    <p class='ocr_par' dir='ltr' id='par_1_35' title="bbox 358 3231 1948 3309">
     <span class='ocr_line' id='line_1_35' title="bbox 358 3231 1948 3309; baseline 0.005 -25"><span class='ocrx_word' id='word_1_261' title='bbox 358 3234 394 3301; x_wconf 72' lang='grc' dir='ltr'><strong>η</strong></span> <span class='ocrx_word' id='word_1_262' title='bbox 417 3231 507 3284; x_wconf 84' lang='lat'><strong>106</strong></span> <span class='ocrx_word' id='word_1_263' title='bbox 541 3233 775 3301; x_wconf 79' lang='grc' dir='ltr'>Χριστοῦ</span> <span class='ocrx_word' id='word_1_264' title='bbox 815 3233 980 3287; x_wconf 86' lang='grc' dir='ltr'>είκὼν</span> <span class='ocrx_word' id='word_1_265' title='bbox 1006 3235 1137 3303; x_wconf 80' lang='grc' dir='ltr'>ἁγία</span> <span class='ocrx_word' id='word_1_266' title='bbox 1159 3236 1327 3298; x_wconf 74' lang='grc' dir='ltr'>ἐστὶν,</span> <span class='ocrx_word' id='word_1_267' title='bbox 1357 3237 1416 3289; x_wconf 89' lang='grc' dir='ltr'><strong>ού</strong></span> <span class='ocrx_word' id='word_1_268' title='bbox 1448 3238 1534 3291; x_wconf 85' lang='grc' dir='ltr'>διὰ</span> <span class='ocrx_word' id='word_1_269' title='bbox 1564 3238 1664 3309; x_wconf 87' lang='grc' dir='ltr'><strong>τὴν</strong></span> <span class='ocrx_word' id='word_1_270' title='bbox 1690 3239 1948 3303; x_wconf 79' lang='grc' dir='ltr'>ὑποδεξα-</span> 
     </span>
    </p>
   </div>
   <div class='ocr_carea' id='block_1_36' title="bbox 362 3324 1952 3401">
    <p class='ocr_par' dir='ltr' id='par_1_36' title="bbox 362 3324 1952 3401">
     <span class='ocr_line' id='line_1_36' title="bbox 362 3324 1952 3401; baseline 0.005 -26"><span class='ocrx_word' id='word_1_271' title='bbox 362 3324 529 3395; x_wconf 81' lang='grc' dir='ltr'>μένην</span> <span class='ocrx_word' id='word_1_272' title='bbox 563 3325 699 3396; x_wconf 81' lang='grc' dir='ltr'>αὐτῇ</span> <span class='ocrx_word' id='word_1_273' title='bbox 731 3325 883 3394; x_wconf 80' lang='grc' dir='ltr'>ὓλην,</span> <span class='ocrx_word' id='word_1_274' title='bbox 908 3327 1042 3379; x_wconf 79' lang='grc' dir='ltr'>ἀλλὰ</span> <span class='ocrx_word' id='word_1_275' title='bbox 1065 3326 1152 3380; x_wconf 84' lang='grc' dir='ltr'>διὰ</span> <span class='ocrx_word' id='word_1_276' title='bbox 1191 3328 1286 3381; x_wconf 76' lang='grc' dir='ltr'><strong>τὸν</strong></span> <span class='ocrx_word' id='word_1_277' title='bbox 1332 3330 1669 3401; x_wconf 80' lang='grc' dir='ltr'>χαρακτῆρα</span> <span class='ocrx_word' id='word_1_278' title='bbox 1718 3332 1812 3383; x_wconf 76' lang='grc' dir='ltr'>καὶ</span> <span class='ocrx_word' id='word_1_279' title='bbox 1854 3333 1952 3401; x_wconf 71' lang='grc' dir='ltr'><strong>τὴν</strong></span> 
     </span>
    </p>
   </div>
   <div class='ocr_carea' id='block_1_37' title="bbox 364 3417 1953 3492">
    <p class='ocr_par' dir='ltr' id='par_1_37' title="bbox 364 3417 1953 3492">
     <span class='ocr_line' id='line_1_37' title="bbox 364 3417 1953 3492; baseline 0.003 -22"><span class='ocrx_word' id='word_1_280' title='bbox 364 3417 576 3487; x_wconf 79' lang='grc' dir='ltr'>μορφὴν</span> <span class='ocrx_word' id='word_1_281' title='bbox 603 3417 697 3470; x_wconf 89' lang='lat'><strong>106</strong></span> <span class='ocrx_word' id='word_1_282' title='bbox 728 3418 962 3486; x_wconf 81' lang='grc' dir='ltr'>Χριστοῦ</span> <span class='ocrx_word' id='word_1_283' title='bbox 993 3433 1005 3448; x_wconf 88' lang='grc'><strong>·</strong></span> <span class='ocrx_word' id='word_1_284' title='bbox 1031 3417 1171 3471; x_wconf 79' lang='grc' dir='ltr'>οὓτω</span> <span class='ocrx_word' id='word_1_285' title='bbox 1193 3421 1290 3474; x_wconf 79' lang='grc' dir='ltr'>καὶ</span> <span class='ocrx_word' id='word_1_286' title='bbox 1314 3421 1343 3472; x_wconf 89' lang='lat'><strong>6</strong></span> <span class='ocrx_word' id='word_1_287' title='bbox 1388 3421 1480 3475; x_wconf 89' lang='lat'><strong>106</strong></span> <span class='ocrx_word' id='word_1_288' title='bbox 1528 3422 1763 3492; x_wconf 81' lang='grc' dir='ltr'>σταυροῦ</span> <span class='ocrx_word' id='word_1_289' title='bbox 1786 3424 1953 3485; x_wconf 86' lang='grc' dir='ltr'>τύπος</span> 
     </span>
    </p>
   </div>
   <div class='ocr_carea' id='block_1_38' title="bbox 360 3508 1957 3584">
    <p class='ocr_par' dir='ltr' id='par_1_38' title="bbox 360 3508 1957 3584">
     <span class='ocr_line' id='line_1_38' title="bbox 360 3508 1957 3584; baseline 0.005 -22"><span class='ocrx_word' id='word_1_290' title='bbox 360 3508 529 3564; x_wconf 79' lang='grc' dir='ltr'>εἰκών</span> <span class='ocrx_word' id='word_1_291' title='bbox 552 3512 669 3562; x_wconf 78' lang='grc' dir='ltr'>ἐστι</span> <span class='ocrx_word' id='word_1_292' title='bbox 719 3511 813 3562; x_wconf 86' lang='lat'><strong>106</strong></span> <span class='ocrx_word' id='word_1_293' title='bbox 845 3511 1203 3577; x_wconf 86' lang='grc' dir='ltr'>πρωτοτύπου</span> <span class='ocrx_word' id='word_1_294' title='bbox 1248 3513 1337 3566; x_wconf 86' lang='grc' dir='ltr'><strong>διὰ</strong></span> <span class='ocrx_word' id='word_1_295' title='bbox 1380 3513 1439 3567; x_wconf 85' lang='grc' dir='ltr'><strong>τὸ</strong></span> <span class='ocrx_word' id='word_1_296' title='bbox 1464 3515 1648 3584; x_wconf 86' lang='grc' dir='ltr'>σχῆμα</span> <span class='ocrx_word' id='word_1_297' title='bbox 1700 3517 1795 3568; x_wconf 76' lang='grc' dir='ltr'><strong>καὶ</strong></span> <span class='ocrx_word' id='word_1_298' title='bbox 1856 3516 1957 3583; x_wconf 75' lang='grc' dir='ltr'><strong>τὴν</strong></span> 
     </span>
    </p>
   </div>
   <div class='ocr_carea' id='block_1_39' title="bbox 360 3599 1952 3673">
    <p class='ocr_par' dir='ltr' id='par_1_39' title="bbox 360 3599 1952 3673">
     <span class='ocr_line' id='line_1_39' title="bbox 360 3599 1952 3673; baseline 0.001 -20"><span class='ocrx_word' id='word_1_299' title='bbox 360 3600 644 3668; x_wconf 77' lang='grc' dir='ltr'>ὁμοίωσιν,</span> <span class='ocrx_word' id='word_1_300' title='bbox 674 3599 773 3653; x_wconf 75' lang='grc' dir='ltr'><strong>καὶ</strong></span> <span class='ocrx_word' id='word_1_301' title='bbox 800 3600 887 3653; x_wconf 74' lang='grc' dir='ltr'>διά</span> <span class='ocrx_word' id='word_1_302' title='bbox 916 3600 1076 3653; x_wconf 83' lang='grc' dir='ltr'>τοῦτο</span> <span class='ocrx_word' id='word_1_303' title='bbox 1106 3602 1300 3663; x_wconf 75' lang='grc' dir='ltr'>σεπτὸς</span> <span class='ocrx_word' id='word_1_304' title='bbox 1326 3603 1416 3656; x_wconf 74' lang='grc' dir='ltr'><strong>καὶ</strong></span> <span class='ocrx_word' id='word_1_305' title='bbox 1439 3603 1640 3672; x_wconf 72' lang='grc' dir='ltr'>τίμιος.</span> <span class='ocrx_word' id='word_1_306' title='bbox 1718 3604 1781 3656; x_wconf 84' lang='grc' dir='ltr'>Ἥ</span> <span class='ocrx_word' id='word_1_307' title='bbox 1846 3603 1952 3673; x_wconf 83' lang='grc' dir='ltr'><strong>γὰρ</strong></span> 
     </span>
    </p>
   </div>
   <div class='ocr_carea' id='block_1_40' title="bbox 361 3691 1958 3763">
    <p class='ocr_par' dir='ltr' id='par_1_40' title="bbox 361 3691 1958 3763">
     <span class='ocr_line' id='line_1_40' title="bbox 361 3691 1958 3763; baseline 0.003 -18"><span class='ocrx_word' id='word_1_308' title='bbox 361 3693 498 3762; x_wconf 85' lang='grc' dir='ltr'>τιμὴ</span> <span class='ocrx_word' id='word_1_309' title='bbox 539 3691 637 3759; x_wconf 84' lang='grc' dir='ltr'>τῆς</span> <span class='ocrx_word' id='word_1_310' title='bbox 668 3691 877 3755; x_wconf 82' lang='grc' dir='ltr'>εἰκόνος</span> <span class='ocrx_word' id='word_1_311' title='bbox 902 3692 995 3744; x_wconf 73' lang='grc' dir='ltr'>ἐπὶ</span> <span class='ocrx_word' id='word_1_312' title='bbox 1023 3692 1083 3745; x_wconf 81' lang='grc' dir='ltr'>τὸ</span> <span class='ocrx_word' id='word_1_313' title='bbox 1131 3694 1485 3763; x_wconf 82' lang='grc' dir='ltr'>πρωτὸτυπον</span> <span class='ocrx_word' id='word_1_314' title='bbox 1539 3695 1823 3761; x_wconf 79' lang='grc' dir='ltr'>διαόαίνει,</span> <span class='ocrx_word' id='word_1_315' title='bbox 1878 3696 1958 3750; x_wconf 82' lang='grc' dir='ltr'>διὸ</span> 
     </span>
    </p>
   </div>
   <div class='ocr_carea' id='block_1_41' title="bbox 364 3782 1957 3860">
    <p class='ocr_par' dir='ltr' id='par_1_41' title="bbox 364 3782 1957 3860">
     <span class='ocr_line' id='line_1_41' title="bbox 364 3782 1957 3860; baseline 0.003 -24"><span class='ocrx_word' id='word_1_316' title='bbox 364 3785 464 3838; x_wconf 66' lang='grc' dir='ltr'>καὶ</span> <span class='ocrx_word' id='word_1_317' title='bbox 484 3784 513 3836; x_wconf 90' lang='lat'><strong>6</strong></span> <span class='ocrx_word' id='word_1_318' title='bbox 535 3782 676 3845; x_wconf 83' lang='grc' dir='ltr'>θεῖος</span> <span class='ocrx_word' id='word_1_319' title='bbox 695 3782 995 3853; x_wconf 86' lang='grc' dir='ltr'>Γρηγόριος</span> <span class='ocrx_word' id='word_1_320' title='bbox 1022 3786 1050 3837; x_wconf 91' lang='lat'><strong>6</strong></span> <span class='ocrx_word' id='word_1_321' title='bbox 1072 3786 1170 3854; x_wconf 84' lang='grc' dir='ltr'>τῆς</span> <span class='ocrx_word' id='word_1_322' title='bbox 1192 3785 1452 3854; x_wconf 82' lang='grc' dir='ltr'>Μεγάλης</span> <span class='ocrx_word' id='word_1_323' title='bbox 1503 3786 1794 3856; x_wconf 77' lang='grc' dir='ltr'>Ἀρμενίας</span> <span class='ocrx_word' id='word_1_324' title='bbox 1850 3788 1957 3860; x_wconf 78' lang='grc' dir='ltr'><strong>πρὸ</strong></span> 
     </span>
    </p>
   </div>
   <div class='ocr_carea' id='block_1_42' title="bbox 367 3876 1954 3971">
    <p class='ocr_par' dir='ltr' id='par_1_42' title="bbox 367 3876 1954 3971">
     <span class='ocr_line' id='line_1_42' title="bbox 367 3876 1954 3971; baseline 0 -40"><span class='ocrx_word' id='word_1_325' title='bbox 367 3877 587 3931; x_wconf 84' lang='grc' dir='ltr'>πάντων</span> <span class='ocrx_word' id='word_1_326' title='bbox 616 3876 881 3971; x_wconf 82' lang='grc' dir='ltr'>σταυροὺς</span> <span class='ocrx_word' id='word_1_327' title='bbox 920 3876 1165 3942; x_wconf 77' lang='grc' dir='ltr'>ξυλίνους</span> <span class='ocrx_word' id='word_1_328' title='bbox 1227 3877 1285 3928; x_wconf 83' lang='grc' dir='ltr'>ὲν</span> <span class='ocrx_word' id='word_1_329' title='bbox 1338 3876 1523 3940; x_wconf 80' lang='grc' dir='ltr'>τόποις</span> <span class='ocrx_word' id='word_1_330' title='bbox 1566 3880 1677 3931; x_wconf 69' lang='grc' dir='ltr'>τισὶ</span> <span class='ocrx_word' id='word_1_331' title='bbox 1729 3880 1954 3949; x_wconf 83' lang='grc' dir='ltr'>στήσας,</span> 
     </span>
    </p>
   </div>
   <div class='ocr_carea' id='block_1_43' title="bbox 366 3968 1956 4038">
    <p class='ocr_par' dir='ltr' id='par_1_43' title="bbox 366 3968 1956 4038">
     <span class='ocr_line' id='line_1_43' title="bbox 366 3968 1956 4038; baseline 0.002 -17"><span class='ocrx_word' id='word_1_332' title='bbox 366 3968 587 4024; x_wconf 70' lang='grc' dir='ltr'>ἐκέλευε</span> <span class='ocrx_word' id='word_1_333' title='bbox 616 3968 961 4038; x_wconf 81' lang='grc' dir='ltr'>προσκυνεῖν,</span> <span class='ocrx_word' id='word_1_334' title='bbox 986 3968 1083 4020; x_wconf 74' lang='grc' dir='ltr'>καὶ</span> <span class='ocrx_word' id='word_1_335' title='bbox 1117 3968 1488 4038; x_wconf 83' lang='grc' dir='ltr'>καταφεύγειν</span> <span class='ocrx_word' id='word_1_336' title='bbox 1515 3970 1609 4022; x_wconf 75' lang='grc' dir='ltr'><strong>ἐπὶ</strong></span> <span class='ocrx_word' id='word_1_337' title='bbox 1636 3971 1857 4034; x_wconf 85' lang='grc' dir='ltr'>τούτους</span> <span class='ocrx_word' id='word_1_338' title='bbox 1880 3971 1956 4035; x_wconf 85' lang='grc' dir='ltr'>ὼς</span> 
     </span>
    </p>
   </div>
   <div class='ocr_carea' id='block_1_44' title="bbox 368 4060 1956 4134">
    <p class='ocr_par' dir='ltr' id='par_1_44' title="bbox 368 4060 1956 4134">
     <span class='ocr_line' id='line_1_44' title="bbox 368 4060 1956 4134; baseline 0.001 -19"><span class='ocrx_word' id='word_1_339' title='bbox 368 4062 733 4130; x_wconf 76' lang='grc' dir='ltr'>ἁγιαστήρια,</span> <span class='ocrx_word' id='word_1_340' title='bbox 765 4060 941 4112; x_wconf 89' lang='grc' dir='ltr'>καίτοι</span> <span class='ocrx_word' id='word_1_341' title='bbox 978 4061 1051 4129; x_wconf 80' lang='grc' dir='ltr'>μή</span> <span class='ocrx_word' id='word_1_342' title='bbox 1085 4078 1170 4112; x_wconf 85' lang='grc' dir='ltr'><strong>πω</strong></span> <span class='ocrx_word' id='word_1_343' title='bbox 1198 4061 1597 4131; x_wconf 77' lang='grc' dir='ltr'>χειροτονηθεὶς</span> <span class='ocrx_word' id='word_1_344' title='bbox 1640 4065 1956 4134; x_wconf 84' lang='grc' dir='ltr'>ἀρχιερεὺς,</span> 
     </span>
    </p>
   </div>
   <div class='ocr_carea' id='block_1_45' title="bbox 374 4151 1957 4223">
    <p class='ocr_par' dir='ltr' id='par_1_45' title="bbox 374 4151 1957 4223">
     <span class='ocr_line' id='line_1_45' title="bbox 374 4151 1957 4223; baseline 0.003 -18"><span class='ocrx_word' id='word_1_345' title='bbox 374 4155 510 4223; x_wconf 86' lang='grc' dir='ltr'>μήτε</span> <span class='ocrx_word' id='word_1_346' title='bbox 539 4153 649 4205; x_wconf 78' lang='grc' dir='ltr'>τινὶ</span> <span class='ocrx_word' id='word_1_347' title='bbox 682 4151 1042 4222; x_wconf 81' lang='grc' dir='ltr'>βαπτίσματι,</span> <span class='ocrx_word' id='word_1_348' title='bbox 1071 4152 1102 4222; x_wconf 84' lang='grc' dir='ltr'>ἢ</span> <span class='ocrx_word' id='word_1_349' title='bbox 1127 4152 1261 4223; x_wconf 81' lang='grc' dir='ltr'>ἥλῳ,</span> <span class='ocrx_word' id='word_1_350' title='bbox 1295 4152 1327 4223; x_wconf 80' lang='grc' dir='ltr'>ἢ</span> <span class='ocrx_word' id='word_1_351' title='bbox 1387 4154 1580 4223; x_wconf 78' lang='grc' dir='ltr'>αἵματι</span> <span class='ocrx_word' id='word_1_352' title='bbox 1615 4154 1957 4221; x_wconf 75' lang='grc' dir='ltr'>καθοσιώσας</span> 
     </span>
    </p>
   </div>
   <div class='ocr_carea' id='block_1_46' title="bbox 370 4237 1956 4315">
    <p class='ocr_par' dir='ltr' id='par_1_46' title="bbox 370 4237 1956 4315">
     <span class='ocr_line' id='line_1_46' title="bbox 370 4237 1956 4315; baseline -0.001 -21"><span class='ocrx_word' id='word_1_353' title='bbox 370 4240 589 4302; x_wconf 75' lang='grc' dir='ltr'>αὐτούς.</span> <span class='ocrx_word' id='word_1_354' title='bbox 626 4238 1032 4307; x_wconf 84' lang='grc' dir='ltr'>Ἐμπηγνύουσι</span> <span class='ocrx_word' id='word_1_355' title='bbox 1066 4240 1121 4291; x_wconf 84' lang='grc' dir='ltr'><strong>δὲ</strong></span> <span class='ocrx_word' id='word_1_356' title='bbox 1161 4240 1252 4293; x_wconf 83' lang='grc' dir='ltr'><strong>τὸν</strong></span> <span class='ocrx_word' id='word_1_357' title='bbox 1279 4237 1408 4312; x_wconf 83' lang='grc' dir='ltr'>ἧλον</span> <span class='ocrx_word' id='word_1_358' title='bbox 1455 4243 1533 4311; x_wconf 80' lang='grc' dir='ltr'>τῷ</span> <span class='ocrx_word' id='word_1_359' title='bbox 1598 4243 1817 4315; x_wconf 61' lang='grc' dir='ltr'>σταυρῷ</span> <span class='ocrx_word' id='word_1_360' title='bbox 1874 4247 1956 4308; x_wconf 76' lang='grc' dir='ltr'><strong>είς</strong></span> 
     </span>
    </p>
   </div>
   <div class='ocr_carea' id='block_1_47' title="bbox 372 4328 1955 4403">
    <p class='ocr_par' dir='ltr' id='par_1_47' title="bbox 372 4328 1955 4403">
     <span class='ocr_line' id='line_1_47' title="bbox 372 4328 1955 4403; baseline 0.001 -18"><span class='ocrx_word' id='word_1_361' title='bbox 372 4333 542 4397; x_wconf 70' lang='grc' dir='ltr'>ὄνομα</span> <span class='ocrx_word' id='word_1_362' title='bbox 575 4332 668 4384; x_wconf 80' lang='grc' dir='ltr'>τοῦ</span> <span class='ocrx_word' id='word_1_363' title='bbox 698 4330 955 4399; x_wconf 75' lang='grc' dir='ltr'>Χριστοῦ,</span> <span class='ocrx_word' id='word_1_364' title='bbox 992 4330 1305 4399; x_wconf 70' lang='grc' dir='ltr'>δηλοῦντες,</span> <span class='ocrx_word' id='word_1_365' title='bbox 1333 4333 1416 4384; x_wconf 87' lang='grc' dir='ltr'>ὃτι</span> <span class='ocrx_word' id='word_1_366' title='bbox 1462 4328 1544 4394; x_wconf 72' lang='grc' dir='ltr'>εἷς</span> <span class='ocrx_word' id='word_1_367' title='bbox 1577 4334 1678 4402; x_wconf 75' lang='grc' dir='ltr'><strong>τῆς</strong></span> <span class='ocrx_word' id='word_1_368' title='bbox 1728 4335 1955 4403; x_wconf 76' lang='grc' dir='ltr'>Τριάδος</span> 
     </span>
    </p>
   </div>
   <div class='ocr_carea' id='block_1_48' title="bbox 372 4417 1954 4489">
    <p class='ocr_par' dir='ltr' id='par_1_48' title="bbox 372 4417 1954 4489">
     <span class='ocr_line' id='line_1_48' title="bbox 372 4417 1954 4489; baseline 0.001 -17"><span class='ocrx_word' id='word_1_369' title='bbox 372 4417 717 4489; x_wconf 77' lang='grc' dir='ltr'>ἐσταυρώθη,</span> <span class='ocrx_word' id='word_1_370' title='bbox 752 4418 1027 4470; x_wconf 84' lang='grc' dir='ltr'>τουτέστιν</span> <span class='ocrx_word' id='word_1_371' title='bbox 1078 4417 1257 4486; x_wconf 75' lang='grc' dir='ltr'>ἠθεία</span> <span class='ocrx_word' id='word_1_372' title='bbox 1292 4418 1450 4486; x_wconf 81' lang='grc' dir='ltr'>φύσις</span> <span class='ocrx_word' id='word_1_373' title='bbox 1478 4421 1663 4474; x_wconf 78' lang='grc' dir='ltr'>αὐτοῦ.</span> <span class='ocrx_word' id='word_1_374' title='bbox 1717 4422 1867 4474; x_wconf 80' lang='grc' dir='ltr'>Ἐπεὶ</span> <span class='ocrx_word' id='word_1_375' title='bbox 1897 4423 1954 4474; x_wconf 66' lang='grc' dir='ltr'><strong>δὲ</strong></span> 
     </span>
    </p>
   </div>
   <div class='ocr_carea' id='block_1_49' title="bbox 2022 541 3612 607">
    <p class='ocr_par' dir='ltr' id='par_1_49' title="bbox 2022 541 3612 607">
     <span class='ocr_line' id='line_1_49' title="bbox 2022 541 3612 607; baseline 0.003 -14"><span class='ocrx_word' id='word_1_376' title='bbox 2022 541 2074 594; x_wconf 87' lang='lat' dir='ltr'><strong>in</strong></span> <span class='ocrx_word' id='word_1_377' title='bbox 2108 543 2395 607; x_wconf 85' lang='lat' dir='ltr'><strong>sacriﬁcio,</strong></span> <span class='ocrx_word' id='word_1_378' title='bbox 2418 552 2473 597; x_wconf 90' lang='lat' dir='ltr'><strong>et</strong></span> <span class='ocrx_word' id='word_1_379' title='bbox 2494 543 2612 595; x_wconf 87' lang='lat' dir='ltr'><strong>aliis</strong></span> <span class='ocrx_word' id='word_1_380' title='bbox 2638 542 2821 596; x_wconf 86' lang='lat' dir='ltr'><strong>multis</strong></span> <span class='ocrx_word' id='word_1_381' title='bbox 2845 543 2900 595; x_wconf 90' lang='lat' dir='ltr'><strong>in</strong></span> <span class='ocrx_word' id='word_1_382' title='bbox 2931 542 3112 596; x_wconf 91' lang='lat' dir='ltr'><strong>rebus.</strong></span> <span class='ocrx_word' id='word_1_383' title='bbox 3143 541 3416 605; x_wconf 82' lang='lat' dir='ltr'><strong>Verum,o</strong></span> <span class='ocrx_word' id='word_1_384' title='bbox 3462 544 3612 598; x_wconf 82' lang='lat' dir='ltr'><strong>smltl</strong></span> 
     </span>
    </p>
   </div>
   <div class='ocr_carea' id='block_1_50' title="bbox 2019 634 3616 703">
    <p class='ocr_par' dir='ltr' id='par_1_50' title="bbox 2019 634 3616 703">
     <span class='ocr_line' id='line_1_50' title="bbox 2019 634 3616 703; baseline 0.001 -16"><span class='ocrx_word' id='word_1_385' title='bbox 2019 642 2071 687; x_wconf 91' lang='lat' dir='ltr'><strong>et</strong></span> <span class='ocrx_word' id='word_1_386' title='bbox 2102 643 2279 687; x_wconf 91' lang='lat' dir='ltr'><strong>mente</strong></span> <span class='ocrx_word' id='word_1_387' title='bbox 2303 635 2468 703; x_wconf 87' lang='lat' dir='ltr'><strong>capti,</strong></span> <span class='ocrx_word' id='word_1_388' title='bbox 2496 635 2573 689; x_wconf 89' lang='lat' dir='ltr'><strong>sic</strong></span> <span class='ocrx_word' id='word_1_389' title='bbox 2602 635 2746 688; x_wconf 84' lang='lat' dir='ltr'><strong>enim</strong></span> <span class='ocrx_word' id='word_1_390' title='bbox 2776 634 3136 703; x_wconf 80' lang='lat' dir='ltr'><strong>eusallnqnar</strong></span> <span class='ocrx_word' id='word_1_391' title='bbox 3159 673 3171 697; x_wconf 84' lang='lat'><strong>,</strong></span> <span class='ocrx_word' id='word_1_392' title='bbox 3210 636 3253 689; x_wconf 86' lang='lat' dir='ltr'><strong>si</strong></span> <span class='ocrx_word' id='word_1_393' title='bbox 3282 650 3415 689; x_wconf 83' lang='lat' dir='ltr'><strong>crux</strong></span> <span class='ocrx_word' id='word_1_394' title='bbox 3452 651 3616 689; x_wconf 85' lang='lat' dir='ltr'><strong>manu</strong></span> 
     </span>
    </p>
   </div>
   <div class='ocr_carea' id='block_1_51' title="bbox 2021 724 3617 794">
    <p class='ocr_par' dir='ltr' id='par_1_51' title="bbox 2021 724 3617 794">
     <span class='ocr_line' id='line_1_51' title="bbox 2021 724 3617 794; baseline 0 -16"><span class='ocrx_word' id='word_1_395' title='bbox 2021 724 2303 794; x_wconf 79' lang='lat' dir='ltr'><strong>designata</strong></span> <span class='ocrx_word' id='word_1_396' title='bbox 2351 741 2437 781; x_wconf 89' lang='lat' dir='ltr'><strong>res</strong></span> <span class='ocrx_word' id='word_1_397' title='bbox 2473 741 2661 781; x_wconf 87' lang='lat' dir='ltr'><strong>onmes</strong></span> <span class='ocrx_word' id='word_1_398' title='bbox 2709 726 3013 781; x_wconf 86' lang='lat' dir='ltr'><strong>sanctiﬁcat</strong></span> <span class='ocrx_word' id='word_1_399' title='bbox 3048 726 3244 793; x_wconf 79' lang='lat' dir='ltr'><strong>quibus</strong></span> <span class='ocrx_word' id='word_1_400' title='bbox 3304 727 3617 792; x_wconf 85' lang='lat' dir='ltr'><strong>adhibetur,</strong></span> 
     </span>
    </p>
   </div>
   <div class='ocr_carea' id='block_1_52' title="bbox 2021 818 3617 887">
    <p class='ocr_par' dir='ltr' id='par_1_52' title="bbox 2021 818 3617 887">
     <span class='ocr_line' id='line_1_52' title="bbox 2021 818 3617 887; baseline 0.001 -20"><span class='ocrx_word' id='word_1_401' title='bbox 2021 823 2079 867; x_wconf 89' lang='lat' dir='ltr'><strong>ut</strong></span> <span class='ocrx_word' id='word_1_402' title='bbox 2110 830 2302 885; x_wconf 87' lang='lat' dir='ltr'><strong>aquam</strong></span> <span class='ocrx_word' id='word_1_403' title='bbox 2346 818 2618 887; x_wconf 75' lang='lat' dir='ltr'><strong>baptismi,</strong></span> <span class='ocrx_word' id='word_1_404' title='bbox 2643 825 2695 871; x_wconf 85' lang='lat' dir='ltr'><strong>ct</strong></span> <span class='ocrx_word' id='word_1_405' title='bbox 2726 818 2930 881; x_wconf 90' lang='lat' dir='ltr'><strong>oleutu,</strong></span> <span class='ocrx_word' id='word_1_406' title='bbox 2958 826 3014 872; x_wconf 91' lang='lat' dir='ltr'><strong>et</strong></span> <span class='ocrx_word' id='word_1_407' title='bbox 3042 824 3393 887; x_wconf 81' lang='lat' dir='ltr'><strong>unguentum,</strong></span> <span class='ocrx_word' id='word_1_408' title='bbox 3419 828 3475 872; x_wconf 90' lang='lat' dir='ltr'><strong>et</strong></span> <span class='ocrx_word' id='word_1_409' title='bbox 3499 818 3617 870; x_wconf 83' lang='lat' dir='ltr'><strong>vul-</strong></span> 
     </span>
    </p>
   </div>
   <div class='ocr_carea' id='block_1_53' title="bbox 2023 908 3618 980">
    <p class='ocr_par' dir='ltr' id='par_1_53' title="bbox 2023 908 3618 980">
     <span class='ocr_line' id='line_1_53' title="bbox 2023 908 3618 980; baseline 0.002 -20"><span class='ocrx_word' id='word_1_410' title='bbox 2023 914 2109 961; x_wconf 87' lang='lat' dir='ltr'><strong>tus</strong></span> <span class='ocrx_word' id='word_1_411' title='bbox 2141 908 2415 962; x_wconf 82' lang='lat' dir='ltr'><strong>hominum</strong></span> <span class='ocrx_word' id='word_1_412' title='bbox 2453 909 2812 976; x_wconf 74' lang='lat' dir='ltr'><strong>credentium,</strong></span> <span class='ocrx_word' id='word_1_413' title='bbox 2846 917 2902 963; x_wconf 86' lang='lat' dir='ltr'><strong>et</strong></span> <span class='ocrx_word' id='word_1_414' title='bbox 2952 923 3145 977; x_wconf 83' lang='lat' dir='ltr'><strong>panem</strong></span> <span class='ocrx_word' id='word_1_415' title='bbox 3178 909 3495 980; x_wconf 85' lang='lat' dir='ltr'><strong>mysticum,</strong></span> <span class='ocrx_word' id='word_1_416' title='bbox 3561 920 3618 963; x_wconf 87' lang='lat' dir='ltr'><strong>et</strong></span> 
     </span>
    </p>
   </div>
   <div class='ocr_carea' id='block_1_54' title="bbox 2022 1001 3619 1070">
    <p class='ocr_par' dir='ltr' id='par_1_54' title="bbox 2022 1001 3619 1070">
     <span class='ocr_line' id='line_1_54' title="bbox 2022 1001 3619 1070; baseline -0.001 -18"><span class='ocrx_word' id='word_1_417' title='bbox 2022 1013 2235 1052; x_wconf 88' lang='lat' dir='ltr'><strong>sacrum</strong></span> <span class='ocrx_word' id='word_1_418' title='bbox 2296 1001 2637 1070; x_wconf 86' lang='lat' dir='ltr'><strong>sanguinem,</strong></span> <span class='ocrx_word' id='word_1_419' title='bbox 2671 1011 2725 1054; x_wconf 89' lang='lat' dir='ltr'><strong>et</strong></span> <span class='ocrx_word' id='word_1_420' title='bbox 2767 1001 2996 1070; x_wconf 86' lang='lat' dir='ltr'><strong>reliqua,</strong></span> <span class='ocrx_word' id='word_1_421' title='bbox 3039 1014 3158 1069; x_wconf 65' lang='lat' dir='ltr'><strong>qua:</strong></span> <span class='ocrx_word' id='word_1_422' title='bbox 3211 1014 3317 1053; x_wconf 89' lang='lat' dir='ltr'><strong>non</strong></span> <span class='ocrx_word' id='word_1_423' title='bbox 3354 1015 3619 1054; x_wconf 73' lang='lat' dir='ltr'><strong>enumera</strong></span> 
     </span>
    </p>
   </div>
   <div class='ocr_carea' id='block_1_55' title="bbox 2022 1090 3621 1162">
    <p class='ocr_par' dir='ltr' id='par_1_55' title="bbox 2022 1090 3621 1162">
     <span class='ocr_line' id='line_1_55' title="bbox 2022 1090 3621 1162; baseline -0.001 -17"><span class='ocrx_word' id='word_1_424' title='bbox 2022 1090 2319 1159; x_wconf 76' lang='lat' dir='ltr'><strong>sigillatim,</strong></span> <span class='ocrx_word' id='word_1_425' title='bbox 2348 1107 2413 1145; x_wconf 90' lang='lat' dir='ltr'><strong>ne</strong></span> <span class='ocrx_word' id='word_1_426' title='bbox 2447 1092 2657 1162; x_wconf 86' lang='lat' dir='ltr'><strong>longior</strong></span> <span class='ocrx_word' id='word_1_427' title='bbox 2684 1092 2811 1157; x_wconf 86' lang='lat' dir='ltr'><strong>sim,</strong></span> <span class='ocrx_word' id='word_1_428' title='bbox 2851 1109 2950 1147; x_wconf 87' lang='lat' dir='ltr'><strong>cur</strong></span> <span class='ocrx_word' id='word_1_429' title='bbox 2989 1094 3131 1160; x_wconf 87' lang='lat' dir='ltr'><strong>apud</strong></span> <span class='ocrx_word' id='word_1_430' title='bbox 3165 1106 3263 1146; x_wconf 84' lang='lat' dir='ltr'><strong>vos</strong></span> <span class='ocrx_word' id='word_1_431' title='bbox 3293 1092 3455 1162; x_wconf 88' lang='lat' dir='ltr'><strong>ﬁgura</strong></span> <span class='ocrx_word' id='word_1_432' title='bbox 3493 1106 3621 1152; x_wconf 72' lang='lat' dir='ltr'><strong>cru-</strong></span> 
     </span>
    </p>
   </div>
   <div class='ocr_carea' id='block_1_56' title="bbox 2023 1182 3618 1253">
    <p class='ocr_par' dir='ltr' id='par_1_56' title="bbox 2023 1182 3618 1253">
     <span class='ocr_line' id='line_1_56' title="bbox 2023 1182 3618 1253; baseline 0.003 -19"><span class='ocrx_word' id='word_1_433' title='bbox 2023 1182 2103 1234; x_wconf 90' lang='lat' dir='ltr'><strong>cis</strong></span> <span class='ocrx_word' id='word_1_434' title='bbox 2136 1197 2203 1235; x_wconf 78' lang='lat' dir='ltr'><strong>ex</strong></span> <span class='ocrx_word' id='word_1_435' title='bbox 2243 1183 2434 1249; x_wconf 84' lang='lat' dir='ltr'><strong>quavis</strong></span> <span class='ocrx_word' id='word_1_436' title='bbox 2474 1184 2694 1236; x_wconf 75' lang='lat' dir='ltr'><strong>materia</strong></span> <span class='ocrx_word' id='word_1_437' title='bbox 2728 1183 2995 1245; x_wconf 73' lang='lat' dir='ltr'><strong>confecta,</strong></span> <span class='ocrx_word' id='word_1_438' title='bbox 3025 1194 3278 1252; x_wconf 84' lang='lat' dir='ltr'><strong>tanquam</strong></span> <span class='ocrx_word' id='word_1_439' title='bbox 3312 1199 3398 1239; x_wconf 85' lang='lat' dir='ltr'><strong>res</strong></span> <span class='ocrx_word' id='word_1_440' title='bbox 3435 1185 3618 1253; x_wconf 84' lang='lat' dir='ltr'><strong>aliqua</strong></span> 
     </span>
    </p>
   </div>
   <div class='ocr_carea' id='block_1_57' title="bbox 2024 1273 3616 1344">
    <p class='ocr_par' dir='ltr' id='par_1_57' title="bbox 2024 1273 3616 1344">
     <span class='ocr_line' id='line_1_57' title="bbox 2024 1273 3616 1344; baseline 0.003 -20"><span class='ocrx_word' id='word_1_441' title='bbox 2024 1275 2324 1325; x_wconf 80' lang='lat' dir='ltr'><strong>conmmnis</strong></span> <span class='ocrx_word' id='word_1_442' title='bbox 2353 1288 2416 1327; x_wconf 87' lang='lat' dir='ltr'><strong>ac</strong></span> <span class='ocrx_word' id='word_1_443' title='bbox 2453 1273 2707 1343; x_wconf 82' lang='lat' dir='ltr'><strong>profana,</strong></span> <span class='ocrx_word' id='word_1_444' title='bbox 2740 1275 3015 1329; x_wconf 90' lang='lat' dir='ltr'><strong>ahlutione</strong></span> <span class='ocrx_word' id='word_1_445' title='bbox 3048 1286 3102 1329; x_wconf 87' lang='lat' dir='ltr'><strong>et</strong></span> <span class='ocrx_word' id='word_1_446' title='bbox 3128 1276 3283 1327; x_wconf 84' lang='lat' dir='ltr'><strong>clavo</strong></span> <span class='ocrx_word' id='word_1_447' title='bbox 3313 1284 3367 1329; x_wconf 90' lang='lat' dir='ltr'><strong>et</strong></span> <span class='ocrx_word' id='word_1_448' title='bbox 3394 1277 3616 1344; x_wconf 70' lang='lat' dir='ltr'><strong>sangui-</strong></span> 
     </span>
    </p>
   </div>
   <div class='ocr_carea' id='block_1_58' title="bbox 2026 1365 3620 1437">
    <p class='ocr_par' dir='ltr' id='par_1_58' title="bbox 2026 1365 3620 1437">
     <span class='ocr_line' id='line_1_58' title="bbox 2026 1365 3620 1437; baseline 0.001 -20"><span class='ocrx_word' id='word_1_449' title='bbox 2026 1378 2093 1417; x_wconf 90' lang='lat' dir='ltr'><strong>ne</strong></span> <span class='ocrx_word' id='word_1_450' title='bbox 2112 1365 2483 1419; x_wconf 83' lang='lat' dir='ltr'><strong>sanetiﬁcatur</strong></span> <span class='ocrx_word' id='word_1_451' title='bbox 2512 1407 2525 1429; x_wconf 91' lang='lat'><strong>,</strong></span> <span class='ocrx_word' id='word_1_452' title='bbox 2556 1378 2648 1421; x_wconf 88' lang='lat' dir='ltr'><strong>aut</strong></span> <span class='ocrx_word' id='word_1_453' title='bbox 2670 1370 2939 1437; x_wconf 86' lang='lat' dir='ltr'><strong>quomodo</strong></span> <span class='ocrx_word' id='word_1_454' title='bbox 2960 1381 3115 1431; x_wconf 82' lang='lat' dir='ltr'><strong>crux,</strong></span> <span class='ocrx_word' id='word_1_455' title='bbox 3172 1382 3290 1436; x_wconf 76' lang='lat' dir='ltr'><strong>quae</strong></span> <span class='ocrx_word' id='word_1_456' title='bbox 3326 1376 3380 1420; x_wconf 85' lang='lat' dir='ltr'><strong>et</strong></span> <span class='ocrx_word' id='word_1_457' title='bbox 3415 1367 3620 1436; x_wconf 54' lang='lat' dir='ltr'><strong>baptis-</strong></span> 
     </span>
    </p>
   </div>
   <div class='ocr_carea' id='block_1_59' title="bbox 2028 1458 3617 1528">
    <p class='ocr_par' dir='ltr' id='par_1_59' title="bbox 2028 1458 3617 1528">
     <span class='ocr_line' id='line_1_59' title="bbox 2028 1458 3617 1528; baseline 0.003 -20"><span class='ocrx_word' id='word_1_458' title='bbox 2028 1471 2196 1519; x_wconf 86' lang='lat' dir='ltr'><strong>mum,</strong></span> <span class='ocrx_word' id='word_1_459' title='bbox 2248 1468 2303 1510; x_wconf 89' lang='lat' dir='ltr'><strong>et</strong></span> <span class='ocrx_word' id='word_1_460' title='bbox 2364 1459 2693 1512; x_wconf 88' lang='lat' dir='ltr'><strong>sacriﬁcimn</strong></span> <span class='ocrx_word' id='word_1_461' title='bbox 2746 1458 3068 1522; x_wconf 85' lang='lat' dir='ltr'><strong>sanctiﬁcat,</strong></span> <span class='ocrx_word' id='word_1_462' title='bbox 3124 1463 3193 1513; x_wconf 86' lang='lat' dir='ltr'><strong>ab</strong></span> <span class='ocrx_word' id='word_1_463' title='bbox 3239 1460 3445 1513; x_wconf 86' lang='lat' dir='ltr'><strong>eisdem</strong></span> <span class='ocrx_word' id='word_1_464' title='bbox 3503 1460 3617 1528; x_wconf 77' lang='lat' dir='ltr'><strong>ipsa</strong></span> 
     </span>
    </p>
   </div>
   <div class='ocr_carea' id='block_1_60' title="bbox 2026 1547 3623 1619">
    <p class='ocr_par' dir='ltr' id='par_1_60' title="bbox 2026 1547 3623 1619">
     <span class='ocr_line' id='line_1_60' title="bbox 2026 1547 3623 1619; baseline -0.001 -17"><span class='ocrx_word' id='word_1_465' title='bbox 2026 1547 2398 1602; x_wconf 84' lang='lat' dir='ltr'><strong>sanctiﬁcetur</strong></span> <span class='ocrx_word' id='word_1_466' title='bbox 2419 1548 2442 1603; x_wconf 90' lang='lat'><strong>?</strong></span> <span class='ocrx_word' id='word_1_467' title='bbox 2463 1549 2702 1615; x_wconf 88' lang='lat' dir='ltr'><strong>Quemod</strong></span> <span class='ocrx_word' id='word_1_468' title='bbox 2713 1550 2929 1604; x_wconf 87' lang='lat' dir='ltr'><strong>modum</strong></span> <span class='ocrx_word' id='word_1_469' title='bbox 2951 1554 3094 1604; x_wconf 88' lang='lat' dir='ltr'><strong>enim</strong></span> <span class='ocrx_word' id='word_1_470' title='bbox 3143 1561 3432 1619; x_wconf 80' lang='lat' dir='ltr'><strong>antequam</strong></span> <span class='ocrx_word' id='word_1_471' title='bbox 3457 1549 3623 1604; x_wconf 80' lang='lat' dir='ltr'><strong>Clit-i-</strong></span> 
     </span>
    </p>
   </div>
   <div class='ocr_carea' id='block_1_61' title="bbox 2026 1638 3621 1711">
    <p class='ocr_par' dir='ltr' id='par_1_61' title="bbox 2026 1638 3621 1711">
     <span class='ocr_line' id='line_1_61' title="bbox 2026 1638 3621 1711; baseline -0.003 -15"><span class='ocrx_word' id='word_1_472' title='bbox 2026 1648 2141 1696; x_wconf 87' lang='lat' dir='ltr'><strong>stus</strong></span> <span class='ocrx_word' id='word_1_473' title='bbox 2173 1638 2226 1693; x_wconf 93' lang='lat' dir='ltr'><strong>in</strong></span> <span class='ocrx_word' id='word_1_474' title='bbox 2262 1654 2478 1695; x_wconf 87' lang='lat' dir='ltr'><strong>crucem</strong></span> <span class='ocrx_word' id='word_1_475' title='bbox 2515 1650 2791 1709; x_wconf 78' lang='lat' dir='ltr'><strong>ageretur.</strong></span> <span class='ocrx_word' id='word_1_476' title='bbox 2833 1642 2947 1711; x_wconf 89' lang='lat' dir='ltr'><strong>ipsa</strong></span> <span class='ocrx_word' id='word_1_477' title='bbox 3015 1643 3207 1694; x_wconf 88' lang='lat' dir='ltr'><strong>mortis</strong></span> <span class='ocrx_word' id='word_1_478' title='bbox 3250 1652 3366 1695; x_wconf 88' lang='lat' dir='ltr'><strong>erat</strong></span> <span class='ocrx_word' id='word_1_479' title='bbox 3417 1642 3621 1696; x_wconf 86' lang='lat' dir='ltr'><strong>instru-</strong></span> 
     </span>
    </p>
   </div>
   <div class='ocr_carea' id='block_1_62' title="bbox 2030 1730 3623 1802">
    <p class='ocr_par' dir='ltr' id='par_1_62' title="bbox 2030 1730 3623 1802">
     <span class='ocr_line' id='line_1_62' title="bbox 2030 1730 3623 1802; baseline 0.001 -19"><span class='ocrx_word' id='word_1_480' title='bbox 2030 1739 2272 1784; x_wconf 84' lang='lat' dir='ltr'><strong>mentum</strong></span> <span class='ocrx_word' id='word_1_481' title='bbox 2298 1731 2648 1793; x_wconf 80' lang='lat' dir='ltr'><strong>exsecrabile,</strong></span> <span class='ocrx_word' id='word_1_482' title='bbox 2681 1743 2733 1785; x_wconf 87' lang='lat' dir='ltr'><strong>et</strong></span> <span class='ocrx_word' id='word_1_483' title='bbox 2760 1732 2876 1801; x_wconf 86' lang='lat' dir='ltr'><strong>ejus</strong></span> <span class='ocrx_word' id='word_1_484' title='bbox 2899 1731 3064 1802; x_wconf 86' lang='lat' dir='ltr'><strong>ﬁgura</strong></span> <span class='ocrx_word' id='word_1_485' title='bbox 3098 1730 3348 1800; x_wconf 80' lang='lat' dir='ltr'><strong>fugienda</strong></span> <span class='ocrx_word' id='word_1_486' title='bbox 3407 1746 3472 1785; x_wconf 89' lang='lat' dir='ltr'><strong>ac</strong></span> <span class='ocrx_word' id='word_1_487' title='bbox 3525 1732 3623 1785; x_wconf 87' lang='lat' dir='ltr'><strong>de-</strong></span> 
     </span>
    </p>
   </div>
   <div class='ocr_carea' id='block_1_63' title="bbox 1961 1804 3613 1889">
    <p class='ocr_par' dir='ltr' id='par_1_63' title="bbox 1961 1804 3613 1889">
     <span class='ocr_line' id='line_1_63' title="bbox 1961 1804 3613 1889; baseline 0.002 -16"><span class='ocrx_word' id='word_1_488' title='bbox 1961 1804 2003 1861; x_wconf 74' lang='grc' dir='ltr'><strong>Β</strong></span> <span class='ocrx_word' id='word_1_489' title='bbox 2035 1822 2298 1881; x_wconf 80' lang='lat' dir='ltr'><strong>testantla,</strong></span> <span class='ocrx_word' id='word_1_490' title='bbox 2349 1821 2422 1873; x_wconf 86' lang='lat' dir='ltr'><strong>ita</strong></span> <span class='ocrx_word' id='word_1_491' title='bbox 2490 1832 2837 1889; x_wconf 69' lang='lat' dir='ltr'><strong>posteaquam</strong></span> <span class='ocrx_word' id='word_1_492' title='bbox 2874 1822 3122 1877; x_wconf 82' lang='lat' dir='ltr'><strong>Christus</strong></span> <span class='ocrx_word' id='word_1_493' title='bbox 3180 1824 3228 1875; x_wconf 91' lang='lat' dir='ltr'><strong>ei</strong></span> <span class='ocrx_word' id='word_1_494' title='bbox 3270 1821 3370 1874; x_wconf 79' lang='lat' dir='ltr'><strong>fuit</strong></span> <span class='ocrx_word' id='word_1_495' title='bbox 3401 1821 3613 1887; x_wconf 79' lang='lat' dir='ltr'><strong>alﬁxus,</strong></span> 
     </span>
    </p>
   </div>
   <div class='ocr_carea' id='block_1_64' title="bbox 2035 1910 3616 1979">
    <p class='ocr_par' dir='ltr' id='par_1_64' title="bbox 2035 1910 3616 1979">
     <span class='ocr_line' id='line_1_64' title="bbox 2035 1910 3616 1979; baseline -0.001 -14"><span class='ocrx_word' id='word_1_496' title='bbox 2035 1910 2296 1979; x_wconf 85' lang='lat' dir='ltr'><strong>sanguine</strong></span> <span class='ocrx_word' id='word_1_497' title='bbox 2327 1919 2379 1964; x_wconf 89' lang='lat' dir='ltr'><strong>et</strong></span> <span class='ocrx_word' id='word_1_498' title='bbox 2409 1924 2546 1978; x_wconf 82' lang='lat' dir='ltr'><strong>aqua</strong></span> <span class='ocrx_word' id='word_1_499' title='bbox 2583 1910 2793 1963; x_wconf 75' lang='lat' dir='ltr'><strong>Domini</strong></span> <span class='ocrx_word' id='word_1_500' title='bbox 2846 1910 3175 1964; x_wconf 82' lang='lat' dir='ltr'><strong>sanctiﬁcata</strong></span> <span class='ocrx_word' id='word_1_501' title='bbox 3233 1924 3328 1977; x_wconf 86' lang='lat' dir='ltr'><strong>per</strong></span> <span class='ocrx_word' id='word_1_502' title='bbox 3386 1911 3616 1976; x_wconf 69' lang='lat' dir='ltr'><strong>ﬁgurans</strong></span> 
     </span>
    </p>
   </div>
   <div class='ocr_carea' id='block_1_65' title="bbox 2035 2001 3621 2060">
    <p class='ocr_par' dir='ltr' id='par_1_65' title="bbox 2035 2001 3621 2060">
     <span class='ocr_line' id='line_1_65' title="bbox 2035 2001 3621 2060; baseline 0 -6"><span class='ocrx_word' id='word_1_503' title='bbox 2035 2016 2187 2054; x_wconf 87' lang='lat' dir='ltr'><strong>suam</strong></span> <span class='ocrx_word' id='word_1_504' title='bbox 2248 2003 2461 2056; x_wconf 87' lang='lat' dir='ltr'><strong>cunctis</strong></span> <span class='ocrx_word' id='word_1_505' title='bbox 2523 2001 2771 2057; x_wconf 88' lang='lat' dir='ltr'><strong>ﬁdelibus</strong></span> <span class='ocrx_word' id='word_1_506' title='bbox 2829 2003 3048 2058; x_wconf 80' lang='lat' dir='ltr'><strong>exhibet</strong></span> <span class='ocrx_word' id='word_1_507' title='bbox 3116 2004 3621 2060; x_wconf 83' lang='lat' dir='ltr'><strong>sanctiﬁcationem.</strong></span> 
     </span>
    </p>
   </div>
   <div class='ocr_carea' id='block_1_66' title="bbox 2037 2093 3624 2164">
    <p class='ocr_par' dir='ltr' id='par_1_66' title="bbox 2037 2093 3624 2164">
     <span class='ocr_line' id='line_1_66' title="bbox 2037 2093 3624 2164; baseline 0.003 -19"><span class='ocrx_word' id='word_1_508' title='bbox 2037 2094 2214 2161; x_wconf 86' lang='lat' dir='ltr'><strong>Atque</strong></span> <span class='ocrx_word' id='word_1_509' title='bbox 2248 2093 2319 2146; x_wconf 87' lang='lat' dir='ltr'><strong>ita</strong></span> <span class='ocrx_word' id='word_1_510' title='bbox 2344 2108 2498 2157; x_wconf 82' lang='lat' dir='ltr'><strong>crux,</strong></span> <span class='ocrx_word' id='word_1_511' title='bbox 2527 2108 2645 2163; x_wconf 79' lang='lat' dir='ltr'><strong>qua:</strong></span> <span class='ocrx_word' id='word_1_512' title='bbox 2679 2096 2827 2161; x_wconf 90' lang='lat' dir='ltr'><strong>prius</strong></span> <span class='ocrx_word' id='word_1_513' title='bbox 2870 2095 3115 2149; x_wconf 84' lang='lat' dir='ltr'><strong>homines</strong></span> <span class='ocrx_word' id='word_1_514' title='bbox 3145 2097 3383 2155; x_wconf 86' lang='lat' dir='ltr'><strong>tollebat,</strong></span> <span class='ocrx_word' id='word_1_515' title='bbox 3436 2104 3624 2164; x_wconf 83' lang='lat' dir='ltr'><strong>postea</strong></span> 
     </span>
    </p>
   </div>
   <div class='ocr_carea' id='block_1_67' title="bbox 2039 2182 3624 2255">
    <p class='ocr_par' dir='ltr' id='par_1_67' title="bbox 2039 2182 3624 2255">
     <span class='ocr_line' id='line_1_67' title="bbox 2039 2182 3624 2255; baseline 0.002 -19"><span class='ocrx_word' id='word_1_516' title='bbox 2039 2182 2313 2238; x_wconf 71' lang='lat' dir='ltr'><strong>dannones</strong></span> <span class='ocrx_word' id='word_1_517' title='bbox 2344 2184 2504 2250; x_wconf 48' lang='lat' dir='ltr'><strong>eQecit</strong></span> <span class='ocrx_word' id='word_1_518' title='bbox 2564 2194 2726 2251; x_wconf 85' lang='lat' dir='ltr'><strong>atque</strong></span> <span class='ocrx_word' id='word_1_519' title='bbox 2765 2185 2988 2254; x_wconf 78' lang='lat' dir='ltr'><strong>expulit.</strong></span> <span class='ocrx_word' id='word_1_520' title='bbox 3025 2185 3079 2238; x_wconf 84' lang='lat' dir='ltr'><strong>Si</strong></span> <span class='ocrx_word' id='word_1_521' title='bbox 3113 2186 3275 2253; x_wconf 83' lang='lat' dir='ltr'><strong>igitur</strong></span> <span class='ocrx_word' id='word_1_522' title='bbox 3304 2187 3479 2255; x_wconf 87' lang='lat' dir='ltr'><strong>prima</strong></span> <span class='ocrx_word' id='word_1_523' title='bbox 3533 2186 3624 2240; x_wconf 84' lang='lat' dir='ltr'><strong>illa</strong></span> 
     </span>
    </p>
   </div>
   <div class='ocr_carea' id='block_1_68' title="bbox 2040 2277 3627 2345">
    <p class='ocr_par' dir='ltr' id='par_1_68' title="bbox 2040 2277 3627 2345">
     <span class='ocr_line' id='line_1_68' title="bbox 2040 2277 3627 2345; baseline -0.001 -14"><span class='ocrx_word' id='word_1_524' title='bbox 2040 2293 2194 2343; x_wconf 76' lang='lat' dir='ltr'><strong>crux,</strong></span> <span class='ocrx_word' id='word_1_525' title='bbox 2224 2293 2345 2345; x_wconf 64' lang='lat' dir='ltr'><strong>qua:</strong></span> <span class='ocrx_word' id='word_1_526' title='bbox 2385 2278 2484 2331; x_wconf 84' lang='lat' dir='ltr'><strong>fuit</strong></span> <span class='ocrx_word' id='word_1_527' title='bbox 2511 2278 2807 2342; x_wconf 75' lang='lat' dir='ltr'><strong>exemplar,</strong></span> <span class='ocrx_word' id='word_1_528' title='bbox 2849 2277 2991 2331; x_wconf 74' lang='lat' dir='ltr'><strong>facta</strong></span> <span class='ocrx_word' id='word_1_529' title='bbox 3044 2291 3127 2333; x_wconf 89' lang='lat' dir='ltr'><strong>est</strong></span> <span class='ocrx_word' id='word_1_530' title='bbox 3165 2291 3376 2340; x_wconf 85' lang='lat' dir='ltr'><strong>sancta,</strong></span> <span class='ocrx_word' id='word_1_531' title='bbox 3434 2289 3491 2333; x_wconf 85' lang='grc' dir='ltr'><strong>ιιι</strong></span> <span class='ocrx_word' id='word_1_532' title='bbox 3545 2279 3627 2331; x_wconf 79' lang='lat' dir='ltr'><strong>di-</strong></span> 
     </span>
    </p>
   </div>
   <div class='ocr_carea' id='block_1_69' title="bbox 2041 2370 3624 2438">
    <p class='ocr_par' dir='ltr' id='par_1_69' title="bbox 2041 2370 3624 2438">
     <span class='ocr_line' id='line_1_69' title="bbox 2041 2370 3624 2438; baseline -0.003 -14"><span class='ocrx_word' id='word_1_533' title='bbox 2041 2385 2186 2424; x_wconf 74' lang='lat' dir='ltr'><strong>cLum</strong></span> <span class='ocrx_word' id='word_1_534' title='bbox 2207 2380 2310 2432; x_wconf 85' lang='lat' dir='ltr'><strong>est,</strong></span> <span class='ocrx_word' id='word_1_535' title='bbox 2335 2371 2593 2438; x_wconf 88' lang='lat' dir='ltr'><strong>quoniam</strong></span> <span class='ocrx_word' id='word_1_536' title='bbox 2615 2372 2663 2422; x_wconf 90' lang='lat' dir='ltr'><strong>in</strong></span> <span class='ocrx_word' id='word_1_537' title='bbox 2688 2384 2749 2422; x_wconf 89' lang='lat' dir='ltr'><strong>ea</strong></span> <span class='ocrx_word' id='word_1_538' title='bbox 2778 2370 3025 2426; x_wconf 76' lang='lat' dir='ltr'><strong>conﬁxus</strong></span> <span class='ocrx_word' id='word_1_539' title='bbox 3057 2371 3318 2424; x_wconf 90' lang='lat' dir='ltr'><strong>Dominus</strong></span> <span class='ocrx_word' id='word_1_540' title='bbox 3349 2372 3624 2438; x_wconf 80' lang='lat' dir='ltr'><strong>pependit,</strong></span> 
     </span>
    </p>
   </div>
   <div class='ocr_carea' id='block_1_70' title="bbox 2043 2459 3625 2528">
    <p class='ocr_par' dir='ltr' id='par_1_70' title="bbox 2043 2459 3625 2528">
     <span class='ocr_line' id='line_1_70' title="bbox 2043 2459 3625 2528; baseline -0.001 -15"><span class='ocrx_word' id='word_1_541' title='bbox 2043 2473 2098 2513; x_wconf 85' lang='grc' dir='ltr'><strong>ιιι</strong></span> <span class='ocrx_word' id='word_1_542' title='bbox 2129 2460 2295 2514; x_wconf 85' lang='lat' dir='ltr'><strong>David</strong></span> <span class='ocrx_word' id='word_1_543' title='bbox 2331 2461 2616 2523; x_wconf 86' lang='lat' dir='ltr'><strong>ostendit,</strong></span> <span class='ocrx_word' id='word_1_544' title='bbox 2670 2459 2919 2524; x_wconf 80' lang='lat' dir='ltr'><strong>Adorate,</strong></span> <span class='ocrx_word' id='word_1_545' title='bbox 2980 2462 3249 2528; x_wconf 77' lang='lat' dir='ltr'><strong>inquiens,</strong></span> <span class='ocrx_word' id='word_1_546' title='bbox 3341 2459 3625 2513; x_wconf 79' lang='lat' dir='ltr'><strong>scabellum</strong></span> 
     </span>
    </p>
   </div>
   <div class='ocr_carea' id='block_1_71' title="bbox 2040 2551 3631 2621">
    <p class='ocr_par' dir='ltr' id='par_1_71' title="bbox 2040 2551 3631 2621">
     <span class='ocr_line' id='line_1_71' title="bbox 2040 2551 3631 2621; baseline 0.002 -18"><span class='ocrx_word' id='word_1_547' title='bbox 2040 2552 2228 2618; x_wconf 84' lang='lat' dir='ltr'><strong>pedum</strong></span> <span class='ocrx_word' id='word_1_548' title='bbox 2284 2553 2418 2619; x_wconf 78' lang='lat' dir='ltr'><strong>eius,</strong></span> <span class='ocrx_word' id='word_1_549' title='bbox 2456 2553 2703 2621; x_wconf 81' lang='lat' dir='ltr'><strong>quoniam</strong></span> <span class='ocrx_word' id='word_1_550' title='bbox 2734 2562 2973 2605; x_wconf 80' lang='lat' dir='ltr'><strong>sanctum</strong></span> <span class='ocrx_word' id='word_1_551' title='bbox 3001 2567 3077 2606; x_wconf 73' lang='lat' dir='ltr'><strong>est</strong></span> <span class='ocrx_word' id='word_1_552' title='bbox 3110 2551 3149 2611; x_wconf 75' lang='grc' dir='ltr'>ί.</span> <span class='ocrx_word' id='word_1_553' title='bbox 3183 2566 3300 2605; x_wconf 87' lang='lat' dir='ltr'><strong>eam</strong></span> <span class='ocrx_word' id='word_1_554' title='bbox 3330 2552 3472 2604; x_wconf 87' lang='lat' dir='ltr'><strong>enim</strong></span> <span class='ocrx_word' id='word_1_555' title='bbox 3528 2552 3631 2606; x_wconf 80' lang='lat' dir='ltr'><strong>hoc</strong></span> 
     </span>
    </p>
   </div>
   <div class='ocr_carea' id='block_1_72' title="bbox 2045 2639 3632 2710">
    <p class='ocr_par' dir='ltr' id='par_1_72' title="bbox 2045 2639 3632 2710">
     <span class='ocr_line' id='line_1_72' title="bbox 2045 2639 3632 2710; baseline -0.004 -15"><span class='ocrx_word' id='word_1_556' title='bbox 2045 2644 2158 2695; x_wconf 80' lang='lat' dir='ltr'><strong>lucu</strong></span> <span class='ocrx_word' id='word_1_557' title='bbox 2181 2641 2473 2695; x_wconf 85' lang='lat' dir='ltr'><strong>scabellum</strong></span> <span class='ocrx_word' id='word_1_558' title='bbox 2515 2639 2826 2710; x_wconf 69' lang='lat' dir='ltr'><strong>appellavit,</strong></span> <span class='ocrx_word' id='word_1_559' title='bbox 2859 2642 2985 2708; x_wconf 90' lang='lat' dir='ltr'><strong>quia</strong></span> <span class='ocrx_word' id='word_1_560' title='bbox 3017 2640 3177 2707; x_wconf 77' lang='lat' dir='ltr'><strong>pedes</strong></span> <span class='ocrx_word' id='word_1_561' title='bbox 3205 2640 3371 2707; x_wconf 81' lang='lat' dir='ltr'><strong>ipsius</strong></span> <span class='ocrx_word' id='word_1_562' title='bbox 3398 2640 3632 2691; x_wconf 80' lang='lat' dir='ltr'><strong>adoran-</strong></span> 
     </span>
    </p>
   </div>
   <div class='ocr_carea' id='block_1_73' title="bbox 2044 2730 3632 2797">
    <p class='ocr_par' dir='ltr' id='par_1_73' title="bbox 2044 2730 3632 2797">
     <span class='ocr_line' id='line_1_73' title="bbox 2044 2730 3632 2797; baseline -0.003 -12"><span class='ocrx_word' id='word_1_563' title='bbox 2044 2734 2093 2786; x_wconf 89' lang='lat' dir='ltr'><strong>di</strong></span> <span class='ocrx_word' id='word_1_564' title='bbox 2137 2734 2188 2786; x_wconf 89' lang='lat' dir='ltr'><strong>in</strong></span> <span class='ocrx_word' id='word_1_565' title='bbox 2221 2749 2338 2786; x_wconf 81' lang='lat' dir='ltr'><strong>t-am</strong></span> <span class='ocrx_word' id='word_1_566' title='bbox 2362 2730 2531 2785; x_wconf 82' lang='lat' dir='ltr'><strong>suﬁixi</strong></span> <span class='ocrx_word' id='word_1_567' title='bbox 2567 2742 2716 2797; x_wconf 83' lang='lat' dir='ltr'><strong>sunt;</strong></span> <span class='ocrx_word' id='word_1_568' title='bbox 2739 2741 2924 2784; x_wconf 83' lang='lat' dir='ltr'><strong>sancta</strong></span> <span class='ocrx_word' id='word_1_569' title='bbox 2966 2732 3220 2784; x_wconf 83' lang='lat' dir='ltr'><strong>nimirum</strong></span> <span class='ocrx_word' id='word_1_570' title='bbox 3258 2738 3344 2783; x_wconf 88' lang='lat' dir='ltr'><strong>cst</strong></span> <span class='ocrx_word' id='word_1_571' title='bbox 3370 2741 3422 2783; x_wconf 91' lang='lat' dir='ltr'><strong>et</strong></span> <span class='ocrx_word' id='word_1_572' title='bbox 3452 2730 3632 2781; x_wconf 82' lang='lat' dir='ltr'><strong>Omnis</strong></span> 
     </span>
    </p>
   </div>
   <div class='ocr_carea' id='block_1_74' title="bbox 2044 2821 3631 2896">
    <p class='ocr_par' dir='ltr' id='par_1_74' title="bbox 2044 2821 3631 2896">
     <span class='ocr_line' id='line_1_74' title="bbox 2044 2821 3631 2896; baseline -0.005 -16"><span class='ocrx_word' id='word_1_573' title='bbox 2044 2825 2213 2896; x_wconf 84' lang='lat' dir='ltr'><strong>ﬁgura</strong></span> <span class='ocrx_word' id='word_1_574' title='bbox 2273 2825 2441 2890; x_wconf 89' lang='lat' dir='ltr'><strong>illius,</strong></span> <span class='ocrx_word' id='word_1_575' title='bbox 2483 2827 2597 2878; x_wconf 87' lang='lat' dir='ltr'><strong>sive</strong></span> <span class='ocrx_word' id='word_1_576' title='bbox 2628 2840 2811 2885; x_wconf 86' lang='lat' dir='ltr'><strong>manu,</strong></span> <span class='ocrx_word' id='word_1_577' title='bbox 2853 2823 2966 2877; x_wconf 88' lang='lat' dir='ltr'><strong>sive</strong></span> <span class='ocrx_word' id='word_1_578' title='bbox 3021 2823 3246 2875; x_wconf 85' lang='lat' dir='ltr'><strong>materia</strong></span> <span class='ocrx_word' id='word_1_579' title='bbox 3295 2821 3631 2890; x_wconf 85' lang='lat' dir='ltr'><strong>designetur,</strong></span> 
     </span>
    </p>
   </div>
   <div class='ocr_carea' id='block_1_75' title="bbox 2045 2913 3635 2982">
    <p class='ocr_par' dir='ltr' id='par_1_75' title="bbox 2045 2913 3635 2982">
     <span class='ocr_line' id='line_1_75' title="bbox 2045 2913 3635 2982; baseline -0.005 -9"><span class='ocrx_word' id='word_1_580' title='bbox 2045 2919 2161 2973; x_wconf 83' lang='lat' dir='ltr'><strong>sive</strong></span> <span class='ocrx_word' id='word_1_581' title='bbox 2193 2932 2259 2971; x_wconf 80' lang='lat' dir='ltr'><strong>ex</strong></span> <span class='ocrx_word' id='word_1_582' title='bbox 2326 2919 2547 2969; x_wconf 83' lang='lat' dir='ltr'><strong>materia</strong></span> <span class='ocrx_word' id='word_1_583' title='bbox 2590 2915 2766 2982; x_wconf 81' lang='lat' dir='ltr'><strong>aliqua</strong></span> <span class='ocrx_word' id='word_1_584' title='bbox 2806 2915 3143 2968; x_wconf 86' lang='lat' dir='ltr'><strong>conﬁciatur.</strong></span> <span class='ocrx_word' id='word_1_585' title='bbox 3180 2913 3302 2966; x_wconf 74' lang='lat' dir='ltr'><strong>[hee</strong></span> <span class='ocrx_word' id='word_1_586' title='bbox 3332 2915 3474 2966; x_wconf 85' lang='lat' dir='ltr'><strong>enim</strong></span> <span class='ocrx_word' id='word_1_587' title='bbox 3507 2921 3635 2965; x_wconf 70' lang='lat' dir='ltr'><strong>sunt</strong></span> 
     </span>
    </p>
   </div>
   <div class='ocr_carea' id='block_1_76' title="bbox 2046 3002 3631 3077">
    <p class='ocr_par' dir='ltr' id='par_1_76' title="bbox 2046 3002 3631 3077">
     <span class='ocr_line' id='line_1_76' title="bbox 2046 3002 3631 3077; baseline -0.004 -14"><span class='ocrx_word' id='word_1_588' title='bbox 2046 3009 2308 3077; x_wconf 79' lang='lat' dir='ltr'><strong>imagines</strong></span> <span class='ocrx_word' id='word_1_589' title='bbox 2328 3007 2745 3073; x_wconf 80' lang='lat' dir='ltr'><strong>exetnplaris.Et</strong></span> <span class='ocrx_word' id='word_1_590' title='bbox 2763 3008 3211 3073; x_wconf 42' lang='lat' dir='ltr'><strong>queruatlmodum</strong></span> <span class='ocrx_word' id='word_1_591' title='bbox 3233 3004 3410 3074; x_wconf 78' lang='lat' dir='ltr'><strong>imago</strong></span> <span class='ocrx_word' id='word_1_592' title='bbox 3426 3002 3631 3056; x_wconf 73' lang='lat' dir='ltr'><strong>Christi</strong></span> 
     </span>
    </p>
   </div>
   <div class='ocr_carea' id='block_1_77' title="bbox 2047 3093 3629 3166">
    <p class='ocr_par' dir='ltr' id='par_1_77' title="bbox 2047 3093 3629 3166">
     <span class='ocr_line' id='line_1_77' title="bbox 2047 3093 3629 3166; baseline -0.008 -11"><span class='ocrx_word' id='word_1_593' title='bbox 2047 3110 2234 3155; x_wconf 83' lang='lat' dir='ltr'><strong>sancta</strong></span> <span class='ocrx_word' id='word_1_594' title='bbox 2301 3109 2427 3161; x_wconf 88' lang='lat' dir='ltr'><strong>cst,</strong></span> <span class='ocrx_word' id='word_1_595' title='bbox 2499 3113 2606 3150; x_wconf 91' lang='lat' dir='ltr'><strong>non</strong></span> <span class='ocrx_word' id='word_1_596' title='bbox 2666 3107 2881 3166; x_wconf 79' lang='lat' dir='ltr'><strong>propter</strong></span> <span class='ocrx_word' id='word_1_597' title='bbox 2946 3099 3226 3148; x_wconf 77' lang='lat' dir='ltr'><strong>n-ateriam</strong></span> <span class='ocrx_word' id='word_1_598' title='bbox 3287 3108 3414 3162; x_wconf 63' lang='lat' dir='ltr'><strong>qua:</strong></span> <span class='ocrx_word' id='word_1_599' title='bbox 3480 3093 3629 3146; x_wconf 87' lang='lat' dir='ltr'><strong>illam</strong></span> 
     </span>
    </p>
   </div>
   <div class='ocr_carea' id='block_1_78' title="bbox 2054 3185 3634 3260">
    <p class='ocr_par' dir='ltr' id='par_1_78' title="bbox 2054 3185 3634 3260">
     <span class='ocr_line' id='line_1_78' title="bbox 2054 3185 3634 3260; baseline -0.008 -14"><span class='ocrx_word' id='word_1_600' title='bbox 2054 3190 2319 3260; x_wconf 84' lang='lat' dir='ltr'><strong>suscepit,</strong></span> <span class='ocrx_word' id='word_1_601' title='bbox 2353 3191 2445 3244; x_wconf 90' lang='lat' dir='ltr'><strong>sed</strong></span> <span class='ocrx_word' id='word_1_602' title='bbox 2473 3198 2692 3258; x_wconf 84' lang='lat' dir='ltr'><strong>preptcr</strong></span> <span class='ocrx_word' id='word_1_603' title='bbox 2730 3186 3006 3255; x_wconf 72' lang='lat' dir='ltr'><strong>exemplar</strong></span> <span class='ocrx_word' id='word_1_604' title='bbox 3052 3185 3385 3253; x_wconf 75' lang='lat' dir='ltr'><strong>[utinamque</strong></span> <span class='ocrx_word' id='word_1_605' title='bbox 3411 3185 3634 3251; x_wconf 80' lang='lat' dir='ltr'><strong>Christi,</strong></span> 
     </span>
    </p>
   </div>
   <div class='ocr_carea' id='block_1_79' title="bbox 2052 3275 3637 3349">
    <p class='ocr_par' dir='ltr' id='par_1_79' title="bbox 2052 3275 3637 3349">
     <span class='ocr_line' id='line_1_79' title="bbox 2052 3275 3637 3349; baseline -0.008 -11"><span class='ocrx_word' id='word_1_606' title='bbox 2052 3286 2131 3339; x_wconf 83' lang='lat' dir='ltr'><strong>sic</strong></span> <span class='ocrx_word' id='word_1_607' title='bbox 2154 3293 2207 3337; x_wconf 86' lang='lat' dir='ltr'><strong>et</strong></span> <span class='ocrx_word' id='word_1_608' title='bbox 2245 3282 2423 3336; x_wconf 85' lang='lat' dir='ltr'><strong>crucis</strong></span> <span class='ocrx_word' id='word_1_609' title='bbox 2464 3284 2629 3349; x_wconf 80' lang='lat' dir='ltr'><strong>ﬁgura</strong></span> <span class='ocrx_word' id='word_1_610' title='bbox 2673 3282 2851 3345; x_wconf 86' lang='lat' dir='ltr'><strong>imago</strong></span> <span class='ocrx_word' id='word_1_611' title='bbox 2896 3287 2979 3330; x_wconf 85' lang='lat' dir='ltr'><strong>est</strong></span> <span class='ocrx_word' id='word_1_612' title='bbox 3034 3275 3357 3342; x_wconf 75' lang='lat' dir='ltr'><strong>exemplaris</strong></span> <span class='ocrx_word' id='word_1_613' title='bbox 3419 3286 3637 3344; x_wconf 84' lang='lat' dir='ltr'><strong>propter</strong></span> 
     </span>
    </p>
   </div>
   <div class='ocr_carea' id='block_1_80' title="bbox 2051 3366 3639 3445">
    <p class='ocr_par' dir='ltr' id='par_1_80' title="bbox 2051 3366 3639 3445">
     <span class='ocr_line' id='line_1_80' title="bbox 2051 3366 3639 3445; baseline -0.009 -12"><span class='ocrx_word' id='word_1_614' title='bbox 2051 3376 2282 3445; x_wconf 82' lang='lat' dir='ltr'><strong>eﬂigietu</strong></span> <span class='ocrx_word' id='word_1_615' title='bbox 2336 3385 2390 3428; x_wconf 89' lang='lat' dir='ltr'><strong>et</strong></span> <span class='ocrx_word' id='word_1_616' title='bbox 2451 3374 2880 3427; x_wconf 81' lang='lat' dir='ltr'><strong>similitudinem.</strong></span> <span class='ocrx_word' id='word_1_617' title='bbox 2936 3369 3003 3422; x_wconf 85' lang='lat' dir='ltr'><strong>Et</strong></span> <span class='ocrx_word' id='word_1_618' title='bbox 3067 3368 3269 3421; x_wconf 84' lang='lat' dir='ltr'><strong>idcirco</strong></span> <span class='ocrx_word' id='word_1_619' title='bbox 3319 3366 3639 3420; x_wconf 69' lang='lat' dir='ltr'><strong>venerabilis</strong></span> 
     </span>
    </p>
   </div>
   <div class='ocr_carea' id='block_1_81' title="bbox 2056 3458 3641 3536">
    <p class='ocr_par' dir='ltr' id='par_1_81' title="bbox 2056 3458 3641 3536">
     <span class='ocr_line' id='line_1_81' title="bbox 2056 3458 3641 3536; baseline -0.008 -12"><span class='ocrx_word' id='word_1_620' title='bbox 2056 3479 2139 3524; x_wconf 85' lang='lat' dir='ltr'><strong>est</strong></span> <span class='ocrx_word' id='word_1_621' title='bbox 2176 3477 2229 3523; x_wconf 93' lang='lat' dir='ltr'><strong>ct</strong></span> <span class='ocrx_word' id='word_1_622' title='bbox 2289 3467 2544 3536; x_wconf 84' lang='lat' dir='ltr'><strong>pretiosa.</strong></span> <span class='ocrx_word' id='word_1_623' title='bbox 2590 3464 2769 3518; x_wconf 88' lang='lat' dir='ltr'><strong>Ilonor</strong></span> <span class='ocrx_word' id='word_1_624' title='bbox 2833 3463 2976 3515; x_wconf 91' lang='lat' dir='ltr'><strong>enim</strong></span> <span class='ocrx_word' id='word_1_625' title='bbox 3040 3460 3252 3529; x_wconf 78' lang='lat' dir='ltr'><strong>habitus</strong></span> <span class='ocrx_word' id='word_1_626' title='bbox 3305 3458 3547 3527; x_wconf 74' lang='lat' dir='ltr'><strong>imagini,</strong></span> <span class='ocrx_word' id='word_1_627' title='bbox 3581 3465 3641 3513; x_wconf 83' lang='lat' dir='ltr'><strong>ut</strong></span> 
     </span>
    </p>
   </div>
   <div class='ocr_carea' id='block_1_82' title="bbox 2059 3550 3642 3630">
    <p class='ocr_par' dir='ltr' id='par_1_82' title="bbox 2059 3550 3642 3630">
     <span class='ocr_line' id='line_1_82' title="bbox 2059 3550 3642 3630; baseline -0.009 -13"><span class='ocrx_word' id='word_1_628' title='bbox 2059 3576 2289 3630; x_wconf 75' lang='lat' dir='ltr'><strong>magnus</strong></span> <span class='ocrx_word' id='word_1_629' title='bbox 2319 3561 2393 3611; x_wconf 85' lang='lat' dir='ltr'><strong>ait</strong></span> <span class='ocrx_word' id='word_1_630' title='bbox 2439 3556 2694 3619; x_wconf 82' lang='lat' dir='ltr'><strong>Basilius,</strong></span> <span class='ocrx_word' id='word_1_631' title='bbox 2728 3556 2793 3609; x_wconf 86' lang='lat' dir='ltr'><strong>ad</strong></span> <span class='ocrx_word' id='word_1_632' title='bbox 2854 3552 3133 3623; x_wconf 74' lang='lat' dir='ltr'><strong>exemplar</strong></span> <span class='ocrx_word' id='word_1_633' title='bbox 3187 3552 3399 3606; x_wconf 80' lang='lat' dir='ltr'><strong>transit.</strong></span> <span class='ocrx_word' id='word_1_634' title='bbox 3451 3550 3642 3617; x_wconf 81' lang='lat' dir='ltr'><strong>itaque</strong></span> 
     </span>
    </p>
   </div>
   <div class='ocr_carea' id='block_1_83' title="bbox 2059 3643 3641 3716">
    <p class='ocr_par' dir='ltr' id='par_1_83' title="bbox 2059 3643 3641 3716">
     <span class='ocr_line' id='line_1_83' title="bbox 2059 3643 3641 3716; baseline -0.011 -7"><span class='ocrx_word' id='word_1_635' title='bbox 2059 3656 2219 3711; x_wconf 86' lang='lat' dir='ltr'><strong>divus</strong></span> <span class='ocrx_word' id='word_1_636' title='bbox 2253 3651 2413 3706; x_wconf 82' lang='lat' dir='ltr'><strong>etiam</strong></span> <span class='ocrx_word' id='word_1_637' title='bbox 2433 3649 2745 3716; x_wconf 81' lang='lat' dir='ltr'><strong>Gregorius,</strong></span> <span class='ocrx_word' id='word_1_638' title='bbox 2768 3646 2969 3715; x_wconf 75' lang='lat' dir='ltr'><strong>Magnae</strong></span> <span class='ocrx_word' id='word_1_639' title='bbox 2993 3643 3185 3713; x_wconf 60' lang='lat' dir='ltr'><strong>pracsul</strong></span> <span class='ocrx_word' id='word_1_640' title='bbox 3202 3643 3497 3708; x_wconf 72' lang='lat' dir='ltr'><strong>Armenirr,</strong></span> <span class='ocrx_word' id='word_1_641' title='bbox 3516 3652 3641 3695; x_wconf 67' lang='lat' dir='ltr'><strong>ante</strong></span> 
     </span>
    </p>
   </div>
   <div class='ocr_carea' id='block_1_84' title="bbox 2061 3733 3641 3815">
    <p class='ocr_par' dir='ltr' id='par_1_84' title="bbox 2061 3733 3641 3815">
     <span class='ocr_line' id='line_1_84' title="bbox 2061 3733 3641 3815; baseline -0.012 -10"><span class='ocrx_word' id='word_1_642' title='bbox 2061 3743 2449 3815; x_wconf 83' lang='lat' dir='ltr'><strong>omnesjussit.</strong></span> <span class='ocrx_word' id='word_1_643' title='bbox 2481 3756 2674 3796; x_wconf 86' lang='lat' dir='ltr'><strong>cruces</strong></span> <span class='ocrx_word' id='word_1_644' title='bbox 2708 3740 2924 3807; x_wconf 70' lang='lat' dir='ltr'><strong>ligneas</strong></span> <span class='ocrx_word' id='word_1_645' title='bbox 2969 3738 3288 3805; x_wconf 80' lang='lat' dir='ltr'><strong>quibusdam</strong></span> <span class='ocrx_word' id='word_1_646' title='bbox 3334 3735 3386 3788; x_wconf 91' lang='lat' dir='ltr'><strong>in</strong></span> <span class='ocrx_word' id='word_1_647' title='bbox 3448 3733 3579 3786; x_wconf 81' lang='lat' dir='ltr'><strong>locis</strong></span> <span class='ocrx_word' id='word_1_648' title='bbox 3608 3747 3641 3786; x_wconf 82' lang='lat' dir='ltr'><strong>a</strong></span> 
     </span>
    </p>
   </div>
   <div class='ocr_carea' id='block_1_85' title="bbox 2059 3828 3641 3897">
    <p class='ocr_par' dir='ltr' id='par_1_85' title="bbox 2059 3828 3641 3897">
     <span class='ocr_line' id='line_1_85' title="bbox 2059 3828 3641 3897; baseline -0.011 -1"><span class='ocrx_word' id='word_1_649' title='bbox 2059 3855 2119 3897; x_wconf 85' lang='lat' dir='ltr'><strong>se</strong></span> <span class='ocrx_word' id='word_1_650' title='bbox 2149 3838 2439 3894; x_wconf 83' lang='lat' dir='ltr'><strong>collocatas</strong></span> <span class='ocrx_word' id='word_1_651' title='bbox 2473 3833 2712 3893; x_wconf 85' lang='lat' dir='ltr'><strong>adorari,</strong></span> <span class='ocrx_word' id='word_1_652' title='bbox 2747 3835 2812 3883; x_wconf 82' lang='lat' dir='ltr'><strong>ad</strong></span> <span class='ocrx_word' id='word_1_653' title='bbox 2852 3844 3051 3897; x_wconf 80' lang='lat' dir='ltr'><strong>easque</strong></span> <span class='ocrx_word' id='word_1_654' title='bbox 3082 3837 3341 3897; x_wconf 80' lang='lat' dir='ltr'><strong>tauquam</strong></span> <span class='ocrx_word' id='word_1_655' title='bbox 3377 3828 3445 3879; x_wconf 90' lang='lat' dir='ltr'><strong>ad</strong></span> <span class='ocrx_word' id='word_1_656' title='bbox 3485 3838 3641 3880; x_wconf 80' lang='lat' dir='ltr'><strong>sacra</strong></span> 
     </span>
    </p>
   </div>
   <div class='ocr_carea' id='block_1_86' title="bbox 2061 3922 3641 4003">
    <p class='ocr_par' dir='ltr' id='par_1_86' title="bbox 2061 3922 3641 4003">
     <span class='ocr_line' id='line_1_86' title="bbox 2061 3922 3641 4003; baseline -0.013 -14"><span class='ocrx_word' id='word_1_657' title='bbox 2061 3932 2310 4003; x_wconf 80' lang='lat' dir='ltr'><strong>profugia</strong></span> <span class='ocrx_word' id='word_1_658' title='bbox 2351 3928 2626 3989; x_wconf 87' lang='lat' dir='ltr'><strong>concurri,</strong></span> <span class='ocrx_word' id='word_1_659' title='bbox 2692 3927 2852 3994; x_wconf 86' lang='lat' dir='ltr'><strong>idque</strong></span> <span class='ocrx_word' id='word_1_660' title='bbox 2879 3938 3003 3978; x_wconf 86' lang='lat' dir='ltr'><strong>cum</strong></span> <span class='ocrx_word' id='word_1_661' title='bbox 3050 3922 3284 3976; x_wconf 82' lang='lat' dir='ltr'><strong>nomium</strong></span> <span class='ocrx_word' id='word_1_662' title='bbox 3323 3928 3467 3975; x_wconf 84' lang='lat' dir='ltr'><strong>esset</strong></span> <span class='ocrx_word' id='word_1_663' title='bbox 3504 3933 3641 3986; x_wconf 87' lang='lat' dir='ltr'><strong>pon-</strong></span> 
     </span>
    </p>
   </div>
   <div class='ocr_carea' id='block_1_87' title="bbox 2064 4010 3640 4086">
    <p class='ocr_par' dir='ltr' id='par_1_87' title="bbox 2064 4010 3640 4086">
     <span class='ocr_line' id='line_1_87' title="bbox 2064 4010 3640 4086; baseline -0.012 -5"><span class='ocrx_word' id='word_1_664' title='bbox 2064 4026 2196 4081; x_wconf 76' lang='lat' dir='ltr'><strong>tifex</strong></span> <span class='ocrx_word' id='word_1_665' title='bbox 2240 4024 2572 4084; x_wconf 85' lang='lat' dir='ltr'><strong>declaratus,</strong></span> <span class='ocrx_word' id='word_1_666' title='bbox 2648 4033 2851 4086; x_wconf 81' lang='lat' dir='ltr'><strong>easque</strong></span> <span class='ocrx_word' id='word_1_667' title='bbox 2879 4032 2976 4071; x_wconf 86' lang='lat' dir='ltr'><strong>nec</strong></span> <span class='ocrx_word' id='word_1_668' title='bbox 3009 4014 3303 4075; x_wconf 76' lang='lat' dir='ltr'><strong>ablutione,</strong></span> <span class='ocrx_word' id='word_1_669' title='bbox 3340 4025 3437 4065; x_wconf 90' lang='lat' dir='ltr'><strong>nec</strong></span> <span class='ocrx_word' id='word_1_670' title='bbox 3462 4010 3640 4070; x_wconf 80' lang='lat' dir='ltr'><strong>clavo.</strong></span> 
     </span>
    </p>
   </div>
   <div class='ocr_carea' id='block_1_88' title="bbox 2064 4101 3642 4181">
    <p class='ocr_par' dir='ltr' id='par_1_88' title="bbox 2064 4101 3642 4181">
     <span class='ocr_line' id='line_1_88' title="bbox 2064 4101 3642 4181; baseline -0.012 -8"><span class='ocrx_word' id='word_1_671' title='bbox 2064 4132 2166 4173; x_wconf 91' lang='lat' dir='ltr'><strong>nec</strong></span> <span class='ocrx_word' id='word_1_672' title='bbox 2202 4114 2466 4181; x_wconf 84' lang='lat' dir='ltr'><strong>sanguine</strong></span> <span class='ocrx_word' id='word_1_673' title='bbox 2503 4111 2805 4179; x_wconf 83' lang='lat' dir='ltr'><strong>expiasset.</strong></span> <span class='ocrx_word' id='word_1_674' title='bbox 2848 4108 3114 4161; x_wconf 73' lang='lat' dir='ltr'><strong>Caeterum</strong></span> <span class='ocrx_word' id='word_1_675' title='bbox 3161 4103 3279 4156; x_wconf 86' lang='lat' dir='ltr'><strong>ideo</strong></span> <span class='ocrx_word' id='word_1_676' title='bbox 3340 4101 3550 4156; x_wconf 80' lang='lat' dir='ltr'><strong>clavum</strong></span> <span class='ocrx_word' id='word_1_677' title='bbox 3588 4101 3642 4155; x_wconf 90' lang='lat' dir='ltr'><strong>in</strong></span> 
     </span>
    </p>
   </div>
   <div class='ocr_carea' id='block_1_89' title="bbox 2064 4193 3643 4276">
    <p class='ocr_par' dir='ltr' id='par_1_89' title="bbox 2064 4193 3643 4276">
     <span class='ocr_line' id='line_1_89' title="bbox 2064 4193 3643 4276; baseline -0.013 -12"><span class='ocrx_word' id='word_1_678' title='bbox 2064 4224 2229 4264; x_wconf 86' lang='lat' dir='ltr'><strong>cruce</strong></span> <span class='ocrx_word' id='word_1_679' title='bbox 2264 4206 2433 4276; x_wconf 84' lang='lat' dir='ltr'><strong>ﬁgunt</strong></span> <span class='ocrx_word' id='word_1_680' title='bbox 2468 4202 2521 4256; x_wconf 92' lang='lat' dir='ltr'><strong>in</strong></span> <span class='ocrx_word' id='word_1_681' title='bbox 2558 4200 2763 4256; x_wconf 85' lang='lat' dir='ltr'><strong>Christi</strong></span> <span class='ocrx_word' id='word_1_682' title='bbox 2796 4198 3031 4260; x_wconf 88' lang='lat' dir='ltr'><strong>nomine,</strong></span> <span class='ocrx_word' id='word_1_683' title='bbox 3059 4204 3118 4249; x_wconf 92' lang='lat' dir='ltr'><strong>ut</strong></span> <span class='ocrx_word' id='word_1_684' title='bbox 3148 4193 3440 4250; x_wconf 89' lang='lat' dir='ltr'><strong>ostendant</strong></span> <span class='ocrx_word' id='word_1_685' title='bbox 3479 4208 3643 4245; x_wconf 76' lang='lat' dir='ltr'><strong>unmu</strong></span> 
     </span>
    </p>
   </div>
   <div class='ocr_carea' id='block_1_90' title="bbox 2064 4285 3646 4355">
    <p class='ocr_par' dir='ltr' id='par_1_90' title="bbox 2064 4285 3646 4355">
     <span class='ocr_line' id='line_1_90' title="bbox 2064 4285 3646 4355; baseline -0.011 0"><span class='ocrx_word' id='word_1_686' title='bbox 2064 4307 2269 4355; x_wconf 74' lang='lat' dir='ltr'><strong>sancta:</strong></span> <span class='ocrx_word' id='word_1_687' title='bbox 2306 4294 2591 4350; x_wconf 83' lang='lat' dir='ltr'><strong>Trinitatis</strong></span> <span class='ocrx_word' id='word_1_688' title='bbox 2619 4308 2742 4348; x_wconf 85' lang='lat' dir='ltr'><strong>esse</strong></span> <span class='ocrx_word' id='word_1_689' title='bbox 2770 4291 3113 4353; x_wconf 83' lang='lat' dir='ltr'><strong>cruciﬁxum,</strong></span> <span class='ocrx_word' id='word_1_690' title='bbox 3153 4288 3225 4343; x_wconf 78' lang='lat' dir='ltr'><strong>.ld</strong></span> <span class='ocrx_word' id='word_1_691' title='bbox 3248 4296 3356 4352; x_wconf 87' lang='lat' dir='ltr'><strong>est,</strong></span> <span class='ocrx_word' id='word_1_692' title='bbox 3409 4285 3646 4340; x_wconf 75' lang='lat' dir='ltr'><strong>divinam</strong></span> 
     </span>
    </p>
   </div>
   <div class='ocr_carea' id='block_1_91' title="bbox 2063 4378 3646 4462">
    <p class='ocr_par' dir='ltr' id='par_1_91' title="bbox 2063 4378 3646 4462">
     <span class='ocr_line' id='line_1_91' title="bbox 2063 4378 3646 4462; baseline -0.011 -16"><span class='ocrx_word' id='word_1_693' title='bbox 2063 4393 2183 4462; x_wconf 85' lang='lat' dir='ltr'><strong>ejus</strong></span> <span class='ocrx_word' id='word_1_694' title='bbox 2243 4399 2511 4444; x_wconf 85' lang='lat' dir='ltr'><strong>naturam.</strong></span> <span class='ocrx_word' id='word_1_695' title='bbox 2543 4386 2729 4454; x_wconf 88' lang='lat' dir='ltr'><strong>Itaque</strong></span> <span class='ocrx_word' id='word_1_696' title='bbox 2761 4399 2882 4439; x_wconf 92' lang='lat' dir='ltr'><strong>eum</strong></span> <span class='ocrx_word' id='word_1_697' title='bbox 2950 4382 3128 4436; x_wconf 83' lang='lat' dir='ltr'><strong>divina</strong></span> <span class='ocrx_word' id='word_1_698' title='bbox 3181 4378 3385 4433; x_wconf 84' lang='lat' dir='ltr'><strong>Christi</strong></span> <span class='ocrx_word' id='word_1_699' title='bbox 3436 4389 3646 4439; x_wconf 87' lang='lat' dir='ltr'><strong>natura,</strong></span> 
     </span>
    </p>
   </div>
   <div class='ocr_carea' id='block_1_92' title="bbox 374 4468 1943 4583">
    <p class='ocr_par' dir='ltr' id='par_1_92' title="bbox 374 4468 1943 4583">
     <span class='ocr_line' id='line_1_92' title="bbox 374 4468 1943 4583; baseline 0.001 -19"><span class='ocrx_word' id='word_1_700' title='bbox 374 4515 407 4583; x_wconf 79' lang='grc' dir='ltr'>ἡ</span> <span class='ocrx_word' id='word_1_701' title='bbox 440 4512 531 4565; x_wconf 84' lang='lat'><strong>106</strong></span> <span class='ocrx_word' id='word_1_702' title='bbox 548 4468 797 4580; x_wconf 55' lang='lat' dir='ltr'><strong>rXptci106</strong></span> <span class='ocrx_word' id='word_1_703' title='bbox 826 4510 943 4562; x_wconf 78' lang='grc' dir='ltr'>Οεξα</span> <span class='ocrx_word' id='word_1_704' title='bbox 974 4468 1155 4578; x_wconf 63' lang='grc' dir='ltr'>φύσις,</span> <span class='ocrx_word' id='word_1_705' title='bbox 1186 4511 1282 4562; x_wconf 77' lang='grc' dir='ltr'>καὶ</span> <span class='ocrx_word' id='word_1_706' title='bbox 1303 4468 1404 4562; x_wconf 48' lang='grc' dir='ltr'>ῐτού</span> <span class='ocrx_word' id='word_1_707' title='bbox 1450 4512 1682 4580; x_wconf 85' lang='grc' dir='ltr'>Πατρὸς.</span> <span class='ocrx_word' id='word_1_708' title='bbox 1722 4513 1815 4565; x_wconf 76' lang='grc' dir='ltr'>καὶ</span> <span class='ocrx_word' id='word_1_709' title='bbox 1863 4514 1943 4566; x_wconf 81' lang='grc' dir='ltr'>τοί</span> 
     </span>
    </p>
   </div>
   <div class='ocr_carea' id='block_1_93' title="bbox 2044 4468 3647 4583">
    <p class='ocr_par' dir='ltr' id='par_1_93' title="bbox 2061 4468 3647 4544">
     <span class='ocr_line' id='line_1_93' title="bbox 2061 4468 3647 4544; baseline -0.009 -6"><span class='ocrx_word' id='word_1_710' title='bbox 2061 4483 2236 4538; x_wconf 82' lang='lat' dir='ltr'><strong>Patris</strong></span> <span class='ocrx_word' id='word_1_711' title='bbox 2266 4482 2452 4541; x_wconf 89' lang='lat' dir='ltr'><strong>etiam,</strong></span> <span class='ocrx_word' id='word_1_712' title='bbox 2485 4488 2540 4533; x_wconf 91' lang='lat' dir='ltr'><strong>et</strong></span> <span class='ocrx_word' id='word_1_713' title='bbox 2564 4476 2735 4531; x_wconf 85' lang='lat' dir='ltr'><strong>sancti</strong></span> <span class='ocrx_word' id='word_1_714' title='bbox 2792 4475 3026 4544; x_wconf 82' lang='lat' dir='ltr'><strong>Spiritus</strong></span> <span class='ocrx_word' id='word_1_715' title='bbox 3069 4483 3258 4526; x_wconf 84' lang='lat' dir='ltr'><strong>natura</strong></span> <span class='ocrx_word' id='word_1_716' title='bbox 3283 4473 3375 4536; x_wconf 90' lang='lat' dir='ltr'><strong>sit,</strong></span> <span class='ocrx_word' id='word_1_717' title='bbox 3432 4468 3647 4527; x_wconf 66' lang='lat' dir='ltr'><strong>Patrem</strong></span> 
     </span>
    </p>
   </div>
   <div class='ocr_carea' id='block_1_94' title="bbox 377 4599 1962 4671">
    <p class='ocr_par' dir='ltr' id='par_1_94' title="bbox 377 4599 1962 4671">
     <span class='ocr_line' id='line_1_94' title="bbox 377 4599 1962 4671; baseline -0.001 -15"><span class='ocrx_word' id='word_1_718' title='bbox 377 4604 533 4671; x_wconf 78' lang='grc' dir='ltr'>ἁγίου</span> <span class='ocrx_word' id='word_1_719' title='bbox 597 4600 914 4671; x_wconf 86' lang='grc' dir='ltr'>Πνεύματός</span> <span class='ocrx_word' id='word_1_720' title='bbox 972 4601 1087 4652; x_wconf 78' lang='grc' dir='ltr'>ἐστι</span> <span class='ocrx_word' id='word_1_721' title='bbox 1135 4599 1317 4667; x_wconf 81' lang='grc' dir='ltr'>φύσις,</span> <span class='ocrx_word' id='word_1_722' title='bbox 1352 4601 1745 4670; x_wconf 83' lang='grc' dir='ltr'>συσταυροῦσιν</span> <span class='ocrx_word' id='word_1_723' title='bbox 1790 4604 1962 4671; x_wconf 83' lang='grc' dir='ltr'>αὐτῷ,</span> 
     </span>
    </p>
   </div>
   <div class='ocr_carea' id='block_1_95' title="bbox 377 4690 1965 4764">
    <p class='ocr_par' dir='ltr' id='par_1_95' title="bbox 377 4690 1965 4764">
     <span class='ocr_line' id='line_1_95' title="bbox 377 4690 1965 4764; baseline -0.001 -16"><span class='ocrx_word' id='word_1_724' title='bbox 377 4695 481 4748; x_wconf 68' lang='grc' dir='ltr'>κᾶν</span> <span class='ocrx_word' id='word_1_725' title='bbox 512 4694 587 4764; x_wconf 84' lang='grc' dir='ltr'>μὴ</span> <span class='ocrx_word' id='word_1_726' title='bbox 615 4692 867 4761; x_wconf 77' lang='grc' dir='ltr'>φανερῶς</span> <span class='ocrx_word' id='word_1_727' title='bbox 891 4690 1222 4760; x_wconf 83' lang='grc' dir='ltr'>ὁμολογῶσι,</span> <span class='ocrx_word' id='word_1_728' title='bbox 1253 4692 1348 4743; x_wconf 77' lang='grc' dir='ltr'><strong>καὶ</strong></span> <span class='ocrx_word' id='word_1_729' title='bbox 1376 4692 1468 4744; x_wconf 84' lang='grc' dir='ltr'><strong>τὸν</strong></span> <span class='ocrx_word' id='word_1_730' title='bbox 1501 4693 1717 4762; x_wconf 85' lang='grc' dir='ltr'>Πατέρα</span> <span class='ocrx_word' id='word_1_731' title='bbox 1756 4695 1852 4745; x_wconf 81' lang='grc' dir='ltr'>καὶ</span> <span class='ocrx_word' id='word_1_732' title='bbox 1904 4694 1965 4747; x_wconf 88' lang='lat'><strong>16</strong></span> 
     </span>
    </p>
   </div>
   <div class='ocr_carea' id='block_1_96' title="bbox 377 4782 1964 4855">
    <p class='ocr_par' dir='ltr' id='par_1_96' title="bbox 377 4782 1964 4855">
     <span class='ocr_line' id='line_1_96' title="bbox 377 4782 1964 4855; baseline -0.003 -14"><span class='ocrx_word' id='word_1_733' title='bbox 377 4786 532 4853; x_wconf 81' lang='grc' dir='ltr'>ἅγιον</span> <span class='ocrx_word' id='word_1_734' title='bbox 562 4784 807 4853; x_wconf 81' lang='grc' dir='ltr'>Πνεῦμα.</span> <span class='ocrx_word' id='word_1_735' title='bbox 840 4784 1111 4854; x_wconf 82' lang='grc' dir='ltr'>Εὑρήσεις</span> <span class='ocrx_word' id='word_1_736' title='bbox 1147 4782 1203 4833; x_wconf 76' lang='grc' dir='ltr'><strong>δὲ</strong></span> <span class='ocrx_word' id='word_1_737' title='bbox 1234 4784 1482 4851; x_wconf 76' lang='grc' dir='ltr'>περὶτοῦ</span> <span class='ocrx_word' id='word_1_738' title='bbox 1531 4785 1767 4855; x_wconf 83' lang='grc' dir='ltr'>σταυροῦ</span> <span class='ocrx_word' id='word_1_739' title='bbox 1825 4787 1964 4839; x_wconf 81' lang='grc' dir='ltr'>πλα-</span> 
     </span>
    </p>
   </div>
   <div class='ocr_carea' id='block_1_97' title="bbox 377 4873 1966 4946">
    <p class='ocr_par' dir='ltr' id='par_1_97' title="bbox 377 4873 1966 4946">
     <span class='ocr_line' id='line_1_97' title="bbox 377 4873 1966 4946; baseline 0.018 -28"><span class='ocrx_word' id='word_1_740' title='bbox 377 4877 601 4945; x_wconf 72' lang='grc' dir='ltr'>τύτερον</span> <span class='ocrx_word' id='word_1_741' title='bbox 647 4878 705 4928; x_wconf 79' lang='grc' dir='ltr'>ἐν</span> <span class='ocrx_word' id='word_1_742' title='bbox 736 4877 813 4944; x_wconf 84' lang='grc' dir='ltr'><strong>τῷ</strong></span> <span class='ocrx_word' id='word_1_743' title='bbox 866 4875 1062 4945; x_wconf 77' lang='grc' dir='ltr'>ἑφεξῆς</span> <span class='ocrx_word' id='word_1_744' title='bbox 1113 4876 1274 4946; x_wconf 81' lang='grc' dir='ltr'>τίτλῳ</span> <span class='ocrx_word' id='word_1_745' title='bbox 1319 4878 1459 4929; x_wconf 70' lang='grc' dir='ltr'>κατὰ</span> <span class='ocrx_word' id='word_1_746' title='bbox 1489 4876 1548 4929; x_wconf 84' lang='grc' dir='ltr'><strong>τὸ</strong></span> <span class='ocrx_word' id='word_1_747' title='bbox 1579 4876 1891 4945; x_wconf 74' lang='grc' dir='ltr'>κεφάλαιον,</span> <span class='ocrx_word' id='word_1_748' title='bbox 1921 4873 1966 4945; x_wconf 73' lang='grc' dir='ltr'>ᾧ</span> 
     </span>
    </p>
   </div>
   <div class='ocr_carea' id='block_1_98' title="bbox 380 4966 1366 5037">
    <p class='ocr_par' dir='ltr' id='par_1_98' title="bbox 380 4966 1366 5037">
     <span class='ocr_line' id='line_1_98' title="bbox 380 4966 1366 5037; baseline -0.001 -15"><span class='ocrx_word' id='word_1_749' title='bbox 380 4968 787 5037; x_wconf 72' lang='grc' dir='ltr'>ἐπιγέγραπται</span> <span class='ocrx_word' id='word_1_750' title='bbox 817 4968 953 5036; x_wconf 78' lang='grc' dir='ltr'>Περὶ</span> <span class='ocrx_word' id='word_1_751' title='bbox 985 4966 1075 5019; x_wconf 90' lang='lat'><strong>106</strong></span> <span class='ocrx_word' id='word_1_752' title='bbox 1104 4967 1366 5035; x_wconf 81' lang='grc' dir='ltr'>σταυροῦ.</span> 
     </span>
    </p>
   </div>
   <div class='ocr_carea' id='block_1_99' title="bbox 456 5060 1968 5130">
    <p class='ocr_par' dir='ltr' id='par_1_99' title="bbox 456 5060 1968 5130">
     <span class='ocr_line' id='line_1_99' title="bbox 456 5060 1968 5130; baseline 0.001 -19"><span class='ocrx_word' id='word_1_753' title='bbox 456 5061 731 5130; x_wconf 77' lang='grc' dir='ltr'>Σταυροὺς</span> <span class='ocrx_word' id='word_1_754' title='bbox 758 5062 904 5129; x_wconf 86' lang='grc' dir='ltr'>τρεῖς</span> <span class='ocrx_word' id='word_1_755' title='bbox 943 5060 1185 5125; x_wconf 78' lang='grc' dir='ltr'>ξυλίνους</span> <span class='ocrx_word' id='word_1_756' title='bbox 1232 5060 1582 5128; x_wconf 86' lang='grc' dir='ltr'>ποιήσαντες,</span> <span class='ocrx_word' id='word_1_757' title='bbox 1632 5060 1727 5113; x_wconf 77' lang='grc' dir='ltr'><strong>καὶ</strong></span> <span class='ocrx_word' id='word_1_758' title='bbox 1779 5060 1968 5124; x_wconf 65' lang='grc' dir='ltr'>συζεύι</span> 
     </span>
    </p>
   </div>
   <div class='ocr_carea' id='block_1_100' title="bbox 387 5150 1967 5221">
    <p class='ocr_par' dir='ltr' id='par_1_100' title="bbox 387 5150 1967 5221">
     <span class='ocr_line' id='line_1_100' title="bbox 387 5150 1967 5221; baseline 0 -18"><span class='ocrx_word' id='word_1_759' title='bbox 387 5152 572 5214; x_wconf 58' lang='grc' dir='ltr'>ξρχντες</span> <span class='ocrx_word' id='word_1_760' title='bbox 600 5151 851 5221; x_wconf 83' lang='grc' dir='ltr'>ἀλλήλοις</span> <span class='ocrx_word' id='word_1_761' title='bbox 880 5150 1044 5219; x_wconf 86' lang='grc' dir='ltr'>ἁγίαν</span> <span class='ocrx_word' id='word_1_762' title='bbox 1077 5151 1285 5221; x_wconf 85' lang='grc' dir='ltr'>Τριάδα</span> <span class='ocrx_word' id='word_1_763' title='bbox 1317 5151 1543 5213; x_wconf 86' lang='grc' dir='ltr'>τούτους</span> <span class='ocrx_word' id='word_1_764' title='bbox 1583 5151 1967 5220; x_wconf 76' lang='grc' dir='ltr'>ὀνομάζουσιν,</span> 
     </span>
    </p>
   </div>
   <div class='ocr_carea' id='block_1_101' title="bbox 386 5241 1971 5313">
    <p class='ocr_par' dir='ltr' id='par_1_101' title="bbox 386 5241 1971 5313">
     <span class='ocr_line' id='line_1_101' title="bbox 386 5241 1971 5313; baseline -0.002 -16"><span class='ocrx_word' id='word_1_765' title='bbox 386 5246 446 5297; x_wconf 72' lang='grc' dir='ltr'>οὐ</span> <span class='ocrx_word' id='word_1_766' title='bbox 477 5243 795 5313; x_wconf 82' lang='grc' dir='ltr'>φρίττοντες</span> <span class='ocrx_word' id='word_1_767' title='bbox 837 5241 1273 5313; x_wconf 79' lang='grc' dir='ltr'>κατασκευάζειν</span> <span class='ocrx_word' id='word_1_768' title='bbox 1305 5243 1520 5305; x_wconf 77' lang='grc' dir='ltr'>είκόνας</span> <span class='ocrx_word' id='word_1_769' title='bbox 1559 5241 1658 5310; x_wconf 81' lang='grc' dir='ltr'>τῆς</span> <span class='ocrx_word' id='word_1_770' title='bbox 1699 5243 1971 5311; x_wconf 87' lang='grc' dir='ltr'>μακαρίας</span> 
     </span>
    </p>
   </div>
   <div class='ocr_carea' id='block_1_102' title="bbox 387 5333 1968 5405">
    <p class='ocr_par' dir='ltr' id='par_1_102' title="bbox 387 5333 1968 5405">
     <span class='ocr_line' id='line_1_102' title="bbox 387 5333 1968 5405; baseline -0.003 -16"><span class='ocrx_word' id='word_1_771' title='bbox 387 5337 618 5405; x_wconf 81' lang='grc' dir='ltr'>Τριάδος</span> <span class='ocrx_word' id='word_1_772' title='bbox 642 5335 740 5403; x_wconf 84' lang='grc' dir='ltr'><strong>τῆς</strong></span> <span class='ocrx_word' id='word_1_773' title='bbox 771 5335 937 5404; x_wconf 85' lang='grc' dir='ltr'>μόνης</span> <span class='ocrx_word' id='word_1_774' title='bbox 960 5334 1239 5397; x_wconf 83' lang='grc' dir='ltr'>ἀκτίστου,</span> <span class='ocrx_word' id='word_1_775' title='bbox 1277 5334 1371 5386; x_wconf 71' lang='grc' dir='ltr'>καὶ</span> <span class='ocrx_word' id='word_1_776' title='bbox 1402 5333 1655 5403; x_wconf 76' lang='grc' dir='ltr'>ἀπείρου,</span> <span class='ocrx_word' id='word_1_777' title='bbox 1692 5334 1786 5385; x_wconf 72' lang='grc' dir='ltr'><strong>καὶ</strong></span> <span class='ocrx_word' id='word_1_778' title='bbox 1820 5333 1968 5401; x_wconf 86' lang='grc' dir='ltr'>ἀορί-</span> 
     </span>
    </p>
   </div>
   <div class='ocr_carea' id='block_1_103' title="bbox 390 5425 1968 5494">
    <p class='ocr_par' dir='ltr' id='par_1_103' title="bbox 390 5425 1968 5494">
     <span class='ocr_line' id='line_1_103' title="bbox 390 5425 1968 5494; baseline -0.004 -13"><span class='ocrx_word' id='word_1_779' title='bbox 390 5446 542 5492; x_wconf 86' lang='grc' dir='ltr'>στου,</span> <span class='ocrx_word' id='word_1_780' title='bbox 569 5428 664 5479; x_wconf 79' lang='grc' dir='ltr'>κα¹ι</span> <span class='ocrx_word' id='word_1_781' title='bbox 692 5426 831 5489; x_wconf 83' lang='grc' dir='ltr'>ὅλως</span> <span class='ocrx_word' id='word_1_782' title='bbox 862 5426 1205 5494; x_wconf 83' lang='grc' dir='ltr'>ἀνεννοήτου.</span> <span class='ocrx_word' id='word_1_783' title='bbox 1238 5426 1304 5478; x_wconf 80' lang='grc' dir='ltr'><strong>Αἰ</strong></span> <span class='ocrx_word' id='word_1_784' title='bbox 1354 5426 1463 5493; x_wconf 87' lang='grc' dir='ltr'>γὰρ</span> <span class='ocrx_word' id='word_1_785' title='bbox 1506 5425 1710 5487; x_wconf 84' lang='grc' dir='ltr'>εἰκόνες</span> <span class='ocrx_word' id='word_1_786' title='bbox 1759 5425 1968 5494; x_wconf 80' lang='grc' dir='ltr'>ὁρατῶν</span> 
     </span>
    </p>
   </div>
   <div class='ocr_carea' id='block_1_104' title="bbox 388 5515 1968 5587">
    <p class='ocr_par' dir='ltr' id='par_1_104' title="bbox 388 5515 1968 5587">
     <span class='ocr_line' id='line_1_104' title="bbox 388 5515 1968 5587; baseline -0.003 -15"><span class='ocrx_word' id='word_1_787' title='bbox 388 5519 482 5573; x_wconf 79' lang='grc' dir='ltr'>καὶ</span> <span class='ocrx_word' id='word_1_788' title='bbox 512 5517 944 5587; x_wconf 82' lang='grc' dir='ltr'>πεπερασμένων</span> <span class='ocrx_word' id='word_1_789' title='bbox 992 5532 1131 5570; x_wconf 79' lang='grc' dir='ltr'>εισιν</span> <span class='ocrx_word' id='word_1_790' title='bbox 1175 5515 1406 5579; x_wconf 80' lang='grc' dir='ltr'>εἰκόνες.</span> <span class='ocrx_word' id='word_1_791' title='bbox 1446 5515 1567 5578; x_wconf 81' lang='grc' dir='ltr'><strong>Πῶς</strong></span> <span class='ocrx_word' id='word_1_792' title='bbox 1606 5515 1651 5568; x_wconf 83' lang='grc' dir='ltr'><strong>δ’</strong></span> <span class='ocrx_word' id='word_1_793' title='bbox 1681 5515 1747 5568; x_wconf 84' lang='grc' dir='ltr'>ἄν</span> <span class='ocrx_word' id='word_1_794' title='bbox 1783 5532 1865 5578; x_wconf 87' lang='grc' dir='ltr'><strong>τις</strong></span> <span class='ocrx_word' id='word_1_795' title='bbox 1894 5517 1968 5568; x_wconf 80' lang='grc' dir='ltr'>εί-</span> 
     </span>
    </p>
   </div>
   <div class='ocr_carea' id='block_1_105' title="bbox 296 5601 1966 5678">
    <p class='ocr_par' dir='ltr' id='par_1_105' title="bbox 296 5601 1966 5678">
     <span class='ocr_line' id='line_1_105' title="bbox 296 5601 1966 5678; baseline 0 -15"><span class='ocrx_word' id='word_1_796' title='bbox 296 5650 301 5655; x_wconf 73' lang='lat'><strong>.</strong></span> <span class='ocrx_word' id='word_1_797' title='bbox 390 5609 523 5663; x_wconf 81' lang='grc' dir='ltr'>κόνα</span> <span class='ocrx_word' id='word_1_798' title='bbox 574 5609 1056 5673; x_wconf 86' lang='grc' dir='ltr'>κατασκευάσειεν,</span> <span class='ocrx_word' id='word_1_799' title='bbox 1094 5601 1154 5660; x_wconf 83' lang='lat'><strong>06</strong></span> <span class='ocrx_word' id='word_1_800' title='bbox 1212 5606 1273 5662; x_wconf 68' lang='grc' dir='ltr'>τὸ</span> <span class='ocrx_word' id='word_1_801' title='bbox 1334 5606 1689 5678; x_wconf 81' lang='grc' dir='ltr'>πρωτότυπον</span> <span class='ocrx_word' id='word_1_802' title='bbox 1738 5605 1966 5663; x_wconf 82' lang='grc' dir='ltr'>ἁθὲατόν</span> 
     </span>
    </p>
   </div>
   <div class='ocr_carea' id='block_1_106' title="bbox 467 5785 988 5848">
    <p class='ocr_par' dir='ltr' id='par_1_106' title="bbox 467 5785 988 5848">
     <span class='ocr_line' id='line_1_106' title="bbox 467 5785 988 5848; baseline 0.004 -9"><span class='ocrx_word' id='word_1_803' title='bbox 467 5787 485 5817; x_wconf 77' lang='grc'><strong><em>³</em></strong></span> <span class='ocrx_word' id='word_1_804' title='bbox 520 5786 661 5842; x_wconf 83' lang='lat' dir='ltr'><strong>Psal.</strong></span> <span class='ocrx_word' id='word_1_805' title='bbox 714 5800 901 5848; x_wconf 82' lang='lat' dir='ltr'><strong>xcvru,</strong></span> <span class='ocrx_word' id='word_1_806' title='bbox 934 5785 988 5841; x_wconf 85' lang='lat'><strong>5.</strong></span> 
     </span>
    </p>
   </div>
   <div class='ocr_carea' id='block_1_107' title="bbox 2062 4563 3649 4637">
    <p class='ocr_par' dir='ltr' id='par_1_107' title="bbox 2062 4563 3649 4637">
     <span class='ocr_line' id='line_1_107' title="bbox 2062 4563 3649 4637; baseline -0.008 -8"><span class='ocrx_word' id='word_1_807' title='bbox 2062 4576 2248 4635; x_wconf 84' lang='lat' dir='ltr'><strong>etiam,</strong></span> <span class='ocrx_word' id='word_1_808' title='bbox 2280 4581 2335 4627; x_wconf 86' lang='lat' dir='ltr'><strong>et</strong></span> <span class='ocrx_word' id='word_1_809' title='bbox 2394 4569 2655 4637; x_wconf 89' lang='lat' dir='ltr'><strong>Spiritum</strong></span> <span class='ocrx_word' id='word_1_810' title='bbox 2713 4579 2992 4629; x_wconf 86' lang='lat' dir='ltr'><strong>sanctum,</strong></span> <span class='ocrx_word' id='word_1_811' title='bbox 3023 4565 3148 4619; x_wconf 78' lang='lat' dir='ltr'><strong>licet</strong></span> <span class='ocrx_word' id='word_1_812' title='bbox 3206 4563 3255 4617; x_wconf 87' lang='lat' dir='ltr'><strong>id</strong></span> <span class='ocrx_word' id='word_1_813' title='bbox 3304 4571 3489 4631; x_wconf 88' lang='lat' dir='ltr'><strong>aperte</strong></span> <span class='ocrx_word' id='word_1_814' title='bbox 3541 4576 3649 4616; x_wconf 84' lang='lat' dir='ltr'><strong>non</strong></span> 
     </span>
    </p>
   </div>
   <div class='ocr_carea' id='block_1_108' title="bbox 2062 4650 3652 4725">
    <p class='ocr_par' dir='ltr' id='par_1_108' title="bbox 2062 4650 3652 4725">
     <span class='ocr_line' id='line_1_108' title="bbox 2062 4650 3652 4725; baseline -0.011 -6"><span class='ocrx_word' id='word_1_815' title='bbox 2062 4666 2360 4723; x_wconf 76' lang='lat' dir='ltr'><strong>fateantur,</strong></span> <span class='ocrx_word' id='word_1_816' title='bbox 2394 4676 2500 4713; x_wconf 87' lang='lat' dir='ltr'><strong>una</strong></span> <span class='ocrx_word' id='word_1_817' title='bbox 2531 4673 2653 4713; x_wconf 86' lang='lat' dir='ltr'><strong>cum</strong></span> <span class='ocrx_word' id='word_1_818' title='bbox 2686 4657 2802 4725; x_wconf 89' lang='lat' dir='ltr'><strong>ipso</strong></span> <span class='ocrx_word' id='word_1_819' title='bbox 2830 4654 3171 4721; x_wconf 84' lang='lat' dir='ltr'><strong>cruciﬁgunt.</strong></span> <span class='ocrx_word' id='word_1_820' title='bbox 3213 4650 3409 4704; x_wconf 86' lang='lat' dir='ltr'><strong>Verqu</strong></span> <span class='ocrx_word' id='word_1_821' title='bbox 3439 4654 3504 4705; x_wconf 88' lang='lat' dir='ltr'><strong>de</strong></span> <span class='ocrx_word' id='word_1_822' title='bbox 3526 4664 3652 4704; x_wconf 83' lang='lat' dir='ltr'><strong>cru-</strong></span> 
     </span>
    </p>
   </div>
   <div class='ocr_carea' id='block_1_109' title="bbox 2061 4744 3653 4816">
    <p class='ocr_par' dir='ltr' id='par_1_109' title="bbox 2061 4744 3653 4816">
     <span class='ocr_line' id='line_1_109' title="bbox 2061 4744 3653 4816; baseline -0.01 -2"><span class='ocrx_word' id='word_1_823' title='bbox 2061 4773 2124 4814; x_wconf 88' lang='lat' dir='ltr'><strong>ce</strong></span> <span class='ocrx_word' id='word_1_824' title='bbox 2153 4757 2314 4811; x_wconf 85' lang='lat' dir='ltr'><strong>latius</strong></span> <span class='ocrx_word' id='word_1_825' title='bbox 2334 4754 2663 4807; x_wconf 86' lang='lat' dir='ltr'><strong>disseremus</strong></span> <span class='ocrx_word' id='word_1_826' title='bbox 2698 4749 2749 4802; x_wconf 90' lang='lat' dir='ltr'><strong>iu</strong></span> <span class='ocrx_word' id='word_1_827' title='bbox 2782 4748 3027 4816; x_wconf 84' lang='lat' dir='ltr'><strong>sequenti</strong></span> <span class='ocrx_word' id='word_1_828' title='bbox 3057 4744 3237 4809; x_wconf 87' lang='lat' dir='ltr'><strong>titulo,</strong></span> <span class='ocrx_word' id='word_1_829' title='bbox 3267 4744 3320 4798; x_wconf 90' lang='lat' dir='ltr'><strong>in</strong></span> <span class='ocrx_word' id='word_1_830' title='bbox 3375 4758 3441 4798; x_wconf 91' lang='lat' dir='ltr'><strong>eo</strong></span> <span class='ocrx_word' id='word_1_831' title='bbox 3472 4745 3653 4811; x_wconf 82' lang='lat' dir='ltr'><strong>capite</strong></span> 
     </span>
    </p>
   </div>
   <div class='ocr_carea' id='block_1_110' title="bbox 2062 4842 2967 4920">
    <p class='ocr_par' dir='ltr' id='par_1_110' title="bbox 2062 4842 2967 4920">
     <span class='ocr_line' id='line_1_110' title="bbox 2062 4842 2967 4920; baseline -0.011 -17"><span class='ocrx_word' id='word_1_832' title='bbox 2062 4850 2204 4920; x_wconf 87' lang='lat' dir='ltr'><strong>quod</strong></span> <span class='ocrx_word' id='word_1_833' title='bbox 2230 4846 2544 4913; x_wconf 88' lang='lat' dir='ltr'><strong>inscriptum</strong></span> <span class='ocrx_word' id='word_1_834' title='bbox 2578 4851 2663 4897; x_wconf 87' lang='lat' dir='ltr'><strong>est</strong></span> <span class='ocrx_word' id='word_1_835' title='bbox 2690 4842 2761 4896; x_wconf 84' lang='lat' dir='ltr'><strong>De</strong></span> <span class='ocrx_word' id='word_1_836' title='bbox 2793 4855 2967 4894; x_wconf 81' lang='lat' dir='ltr'><strong>cruce.</strong></span> 
     </span>
    </p>
   </div>
   <div class='ocr_carea' id='block_1_111' title="bbox 2135 5041 3659 5117">
    <p class='ocr_par' dir='ltr' id='par_1_111' title="bbox 2135 5041 3659 5117">
     <span class='ocr_line' id='line_1_111' title="bbox 2135 5041 3659 5117; baseline -0.006 -14"><span class='ocrx_word' id='word_1_837' title='bbox 2135 5050 2271 5104; x_wconf 83' lang='lat' dir='ltr'><strong>Tres</strong></span> <span class='ocrx_word' id='word_1_838' title='bbox 2296 5048 2502 5117; x_wconf 87' lang='lat' dir='ltr'><strong>ligneas</strong></span> <span class='ocrx_word' id='word_1_839' title='bbox 2543 5045 2880 5101; x_wconf 87' lang='lat' dir='ltr'><strong>constituunt</strong></span> <span class='ocrx_word' id='word_1_840' title='bbox 2935 5057 3147 5108; x_wconf 84' lang='lat' dir='ltr'><strong>cruces,</strong></span> <span class='ocrx_word' id='word_1_841' title='bbox 3181 5056 3383 5113; x_wconf 87' lang='lat' dir='ltr'><strong>easque</strong></span> <span class='ocrx_word' id='word_1_842' title='bbox 3407 5041 3548 5096; x_wconf 89' lang='lat' dir='ltr'><strong>inter</strong></span> <span class='ocrx_word' id='word_1_843' title='bbox 3597 5051 3659 5094; x_wconf 81' lang='lat' dir='ltr'><strong>se</strong></span> 
     </span>
    </p>
   </div>
   <div class='ocr_carea' id='block_1_112' title="bbox 2067 5137 3660 5215">
    <p class='ocr_par' dir='ltr' id='par_1_112' title="bbox 2067 5137 3660 5215">
     <span class='ocr_line' id='line_1_112' title="bbox 2067 5137 3660 5215; baseline -0.006 -16"><span class='ocrx_word' id='word_1_844' title='bbox 2067 5145 2385 5215; x_wconf 75' lang='lat' dir='ltr'><strong>conjunctas</strong></span> <span class='ocrx_word' id='word_1_845' title='bbox 2415 5140 2737 5196; x_wconf 88' lang='lat' dir='ltr'><strong>Trinitatem</strong></span> <span class='ocrx_word' id='word_1_846' title='bbox 2778 5149 3018 5195; x_wconf 89' lang='lat' dir='ltr'><strong>sanctam</strong></span> <span class='ocrx_word' id='word_1_847' title='bbox 3059 5138 3357 5209; x_wconf 87' lang='lat' dir='ltr'><strong>appellant.</strong></span> <span class='ocrx_word' id='word_1_848' title='bbox 3407 5137 3516 5192; x_wconf 84' lang='lat' dir='ltr'><strong>Nec</strong></span> <span class='ocrx_word' id='word_1_849' title='bbox 3562 5151 3660 5190; x_wconf 78' lang='lat' dir='ltr'><strong>ex-</strong></span> 
     </span>
    </p>
   </div>
   <div class='ocr_carea' id='block_1_113' title="bbox 2074 5228 3658 5299">
    <p class='ocr_par' dir='ltr' id='par_1_113' title="bbox 2074 5228 3658 5299">
     <span class='ocr_line' id='line_1_113' title="bbox 2074 5228 3658 5299; baseline -0.008 -7"><span class='ocrx_word' id='word_1_850' title='bbox 2074 5239 2399 5292; x_wconf 87' lang='lat' dir='ltr'><strong>horrescunt</strong></span> <span class='ocrx_word' id='word_1_851' title='bbox 2459 5234 2630 5288; x_wconf 83' lang='lat' dir='ltr'><strong>beatae</strong></span> <span class='ocrx_word' id='word_1_852' title='bbox 2672 5231 2956 5285; x_wconf 82' lang='lat' dir='ltr'><strong>Trinitatis</strong></span> <span class='ocrx_word' id='word_1_853' title='bbox 3015 5232 3307 5299; x_wconf 85' lang='lat' dir='ltr'><strong>imaginem</strong></span> <span class='ocrx_word' id='word_1_854' title='bbox 3364 5228 3658 5294; x_wconf 89' lang='lat' dir='ltr'><strong>conﬁcere,</strong></span> 
     </span>
    </p>
   </div>
   <div class='ocr_carea' id='block_1_114' title="bbox 2074 5319 3662 5398">
    <p class='ocr_par' dir='ltr' id='par_1_114' title="bbox 2074 5319 3662 5398">
     <span class='ocr_line' id='line_1_114' title="bbox 2074 5319 3662 5398; baseline -0.006 -16"><span class='ocrx_word' id='word_1_855' title='bbox 2074 5343 2194 5398; x_wconf 67' lang='lat' dir='ltr'><strong>qua:</strong></span> <span class='ocrx_word' id='word_1_856' title='bbox 2239 5328 2352 5382; x_wconf 89' lang='lat' dir='ltr'><strong>sola</strong></span> <span class='ocrx_word' id='word_1_857' title='bbox 2385 5328 2621 5381; x_wconf 84' lang='lat' dir='ltr'><strong>increata</strong></span> <span class='ocrx_word' id='word_1_858' title='bbox 2652 5332 2755 5390; x_wconf 90' lang='lat' dir='ltr'><strong>est,</strong></span> <span class='ocrx_word' id='word_1_859' title='bbox 2795 5333 2849 5379; x_wconf 87' lang='lat' dir='ltr'><strong>et</strong></span> <span class='ocrx_word' id='word_1_860' title='bbox 2883 5323 3115 5385; x_wconf 88' lang='lat' dir='ltr'><strong>inﬁnita.</strong></span> <span class='ocrx_word' id='word_1_861' title='bbox 3177 5334 3229 5376; x_wconf 88' lang='lat' dir='ltr'><strong>et</strong></span> <span class='ocrx_word' id='word_1_862' title='bbox 3256 5319 3557 5385; x_wconf 79' lang='lat' dir='ltr'><strong>indeﬁnita,</strong></span> <span class='ocrx_word' id='word_1_863' title='bbox 3606 5330 3662 5372; x_wconf 86' lang='lat' dir='ltr'><strong>et</strong></span> 
     </span>
    </p>
   </div>
   <div class='ocr_carea' id='block_1_115' title="bbox 2075 5410 3661 5491">
    <p class='ocr_par' dir='ltr' id='par_1_115' title="bbox 2075 5410 3661 5491">
     <span class='ocr_line' id='line_1_115' title="bbox 2075 5410 3661 5491; baseline -0.01 -15"><span class='ocrx_word' id='word_1_864' title='bbox 2075 5434 2299 5491; x_wconf 85' lang='lat' dir='ltr'><strong>prorsus</strong></span> <span class='ocrx_word' id='word_1_865' title='bbox 2330 5418 2622 5488; x_wconf 82' lang='lat' dir='ltr'><strong>incognita.</strong></span> <span class='ocrx_word' id='word_1_866' title='bbox 2656 5415 2860 5470; x_wconf 83' lang='lat' dir='ltr'><strong>Rerum</strong></span> <span class='ocrx_word' id='word_1_867' title='bbox 2918 5415 3083 5478; x_wconf 87' lang='lat' dir='ltr'><strong>enim,</strong></span> <span class='ocrx_word' id='word_1_868' title='bbox 3126 5428 3246 5482; x_wconf 66' lang='lat' dir='ltr'><strong>qua:</strong></span> <span class='ocrx_word' id='word_1_869' title='bbox 3306 5410 3474 5463; x_wconf 62' lang='lat' dir='ltr'><strong>ﬁnite</strong></span> <span class='ocrx_word' id='word_1_870' title='bbox 3512 5417 3661 5471; x_wconf 84' lang='lat' dir='ltr'><strong>sunt,</strong></span> 
     </span>
    </p>
   </div>
   <div class='ocr_carea' id='block_1_116' title="bbox 2075 5498 3663 5582">
    <p class='ocr_par' dir='ltr' id='par_1_116' title="bbox 2075 5498 3663 5582">
     <span class='ocr_line' id='line_1_116' title="bbox 2075 5498 3663 5582; baseline -0.009 -14"><span class='ocrx_word' id='word_1_871' title='bbox 2075 5512 2338 5582; x_wconf 83' lang='lat' dir='ltr'><strong>imagines</strong></span> <span class='ocrx_word' id='word_1_872' title='bbox 2388 5510 2772 5565; x_wconf 87' lang='lat' dir='ltr'><strong>conﬁciuntur.</strong></span> <span class='ocrx_word' id='word_1_873' title='bbox 2813 5505 2983 5576; x_wconf 76' lang='lat' dir='ltr'><strong>Cujus</strong></span> <span class='ocrx_word' id='word_1_874' title='bbox 3032 5511 3211 5558; x_wconf 89' lang='lat' dir='ltr'><strong>autem</strong></span> <span class='ocrx_word' id='word_1_875' title='bbox 3271 5500 3348 5556; x_wconf 91' lang='lat' dir='ltr'><strong>rei</strong></span> <span class='ocrx_word' id='word_1_876' title='bbox 3387 5498 3663 5567; x_wconf 79' lang='lat' dir='ltr'><strong>exemplar</strong></span> 
     </span>
    </p>
   </div>
   <div class='ocr_carea' id='block_1_117' title="bbox 2074 5589 3665 5675">
    <p class='ocr_par' dir='ltr' id='par_1_117' title="bbox 2074 5589 3665 5675">
     <span class='ocr_line' id='line_1_117' title="bbox 2074 5589 3665 5675; baseline -0.009 -14"><span class='ocrx_word' id='word_1_877' title='bbox 2074 5605 2175 5661; x_wconf 84' lang='lat' dir='ltr'><strong>sub</strong></span> <span class='ocrx_word' id='word_1_878' title='bbox 2193 5612 2476 5675; x_wconf 79' lang='lat' dir='ltr'><strong>aspectum</strong></span> <span class='ocrx_word' id='word_1_879' title='bbox 2496 5602 2968 5675; x_wconf 78' lang='lat' dir='ltr'><strong>cognitionemque</strong></span> <span class='ocrx_word' id='word_1_880' title='bbox 2990 5610 3211 5670; x_wconf 86' lang='lat' dir='ltr'><strong>prorsus</strong></span> <span class='ocrx_word' id='word_1_881' title='bbox 3229 5609 3335 5651; x_wconf 90' lang='lat' dir='ltr'><strong>non</strong></span> <span class='ocrx_word' id='word_1_882' title='bbox 3358 5591 3524 5655; x_wconf 88' lang='lat' dir='ltr'><strong>cadit,</strong></span> <span class='ocrx_word' id='word_1_883' title='bbox 3542 5589 3665 5660; x_wconf 75' lang='lat' dir='ltr'><strong>ejus</strong></span> 
     </span>
    </p>
   </div>
  </div>
