4132 6408
309 375 449 441 1189
1250 362 1636 427 PANOPLIA
1679 357 2141 423 DOGMATICA.
2189 382 2256 395 -
2294 356 2445 421 TIT.
2482 353 2698 416 XXIV.
3460 346 3609 409 H90.

309 490 525 563 μέλλων
591 484 789 548 αὐτοὺς
852 482 1119 554 βαπτίσαι
1187 479 1666 552 τριακονθήμερον
1723 477 1907 539 αὐτοῖς

2031 471 2293 527 ncmorim
2351 470 2623 540 proditum
2677 476 2792 521 est:
2823 461 3086 518 Neutrum
3135 469 3316 515 autem
3376 459 3611 518 istorum

304 548 547 645 ἐπέταξε
575 548 866 648 νηστείαν,⁷
895 577 972 640 ὡς
1000 565 1105 628 κάν
1131 548 1250 637 ταῖς
1296 548 1653 644 Ἀρμενικαῖς
1697 569 1900 636 ἀναγέ-

2031 567 2335 636 ejnniorum
2369 559 2698 617 Artziburtzi
2725 565 2982 613 vocatum
3012 563 3120 608 est.
3181 548 3322 608 Hine
3348 553 3476 607 item
3513 550 3622 603 de-'

306 690 555 746 γραπται
590 670 817 742 βίϐλοις,
853 669 948 721 καὶ
978 665 1208 736 οὐδεμία
1241 665 1450 719 τούτων
1491 666 1525 735 ή
1551 663 1646 717 τοῦ
1685 660 1902 734 Ἀρτζι-

308 763 554 838 ϐούρτζη
605 763 778 818 ἐστίν.
824 759 1288 828 Ἀνατρεπόμενοι
1349 759 1407 812 δὲ
1458 756 1756 812 κάντεῦθεν
1808 753 1900 807 τοῦ

314 858 562 931 μεγάλου
596 853 1018 909 Κωνσταντίνου
1047 852 1253 920 ταύτην
1290 847 1430 905 εἷναί
1461 867 1646 918 φασιν,
1677 851 1744 920 ἣν
1775 847 1904 918 ἐνή-

313 967 511 1004 στευσε
545 945 912 1019 βαπτισθῆναι
973 945 1207 1016 μέλλων.
1255 944 1366 997 Καὶ
1417 942 1577 997 τοῦτο
1623 941 1680 994 δὲ
1727 940 1904 1011 πάντη

313 1039 536 1110 ψευδές.
571 1037 640 1091 Τί
688 1039 798 1107 γάρ
833 1036 968 1106 πρὸς
998 1035 1132 1105 ὅλην
1172 1033 1272 1105 τὴν
1319 1033 1646 1104 οἰκουμένην
1678 1035 1710 1103 ή
1751 1031 1906 1104 βασι-

315 1134 456 1196 λέως
492 1132 612 1196 ἑνὸς
650 1128 910 1199 motata;
944 1127 1070 1190 Πῶς
1095 1126 1153 1179 δὲ
1185 1129 1279 1180 καὶ
1311 1125 1489 1187 οὐδεὶς
1515 1126 1625 1178 τῶν
1655 1127 1795 1195 μετὰ
1817 1124 1908 1179 τὸν

317 1227 516 1295 Μέγαν
560 1223 966 1278 Κωνσταντῖνον
1021 1221 1054 1291 ἢ
1108 1219 1344 1272 συνόδων
1374 1218 1408 1288 ἢ
1445 1217 1709 1289 Πατέρων
1750 1216 1911 1279 ἄλλος

325 1317 496 1385 ἁγίων
529 1314 722 1386 μνείαν
757 1311 928 1382 αὐτῆς
956 1311 1291 1380 ὲποιήσατο;
1329 1306 1532 1362 Τοῦτον
1569 1307 1625 1362 δὲ
1664 1307 1755 1360 τὸν
1785 1308 1912 1377 τρό-

325 1426 427 1463 πον
455 1407 645 1463 ἄλλοτε
687 1404 822 1458 ἄλλα
855 1403 1129 1472 λέγοντες,
1185 1404 1281 1454 καὶ
1321 1401 1600 1470 πανταχοῦ
1657 1416 1911 1470 περιτρε·

324 1503 579 1572 πόμενοι,
644 1497 738 1552 καὶ
795 1495 993 1564 στῆναι
1059 1492 1289 1564 βεϐαίως
1337 1493 1399 1546 οὐ
1447 1491 1911 1562 συγχωρούμενοι,

322 1592 564 1648 διδόασιν
587 1589 722 1660 ἡμῖν
741 1588 970 1650 ἐννοεῖν,
989 1586 1070 1639 ὅτι
1101 1583 1332 1654 βδελυρά
1357 1583 1440 1646 τίς
1462 1583 1663 1653 ἐστινὴ
1688 1583 1912 1653 τοιαύτη

323 1681 554 1753 νηστεία
606 1683 704 1734 καὶ
748 1677 950 1740 ἀναξία
983 1675 1378 1748 Χριστιανικῆς
1405 1678 1621 1749 εὰκοῆς.
1679 1673 1824 1745 Ἐγὼ
1856 1675 1914 1729 δὲ

2008 657 2145 728 pulsi
2177 655 2365 710 dicunt
2418 667 2538 708 esse
2585 649 2852 721 jejunium
2907 643 3276 710 Constantini,
3338 641 3481 710 quod
3520 639 3615 694 ille

2006 748 2242 806 servavit
2269 762 2389 802 cum
2450 753 2595 800 esset
2625 742 2952 811 baptismum
3001 747 3377 807 suscepturus.
3415 732 3477 787 Et
3508 733 3616 787 hoc

2008 842 2169 912 plane
2198 840 2395 895 falsum
2423 847 2505 893 est
2530 855 2544 892 :
2575 835 2706 907 quid
2735 833 2879 889 enim
2909 831 3070 886 unius
3098 830 3450 899 imperatoris
3471 824 3613 895 jeju-

2012 936 2158 988 nium
2191 933 2426 1004 pertinet
2459 932 2525 986 ad
2556 929 2866 984 universam
2917 923 3218 980 Ecclesium
3249 920 3273 974 ἲ
3336 920 3610 976 Praeterea

2011 1030 2053 1084 si
2077 1031 2149 1083 ita
2182 1041 2268 1082 res
2299 1035 2405 1092 est,
2435 1039 2534 1080 cur
2561 1022 2723 1092 hnjns
2744 1019 2938 1090 jejunii
2964 1033 3066 1073 nec
3097 1017 3265 1071 ullum
3296 1011 3473 1070 contil
3497 1027 3611 1078 nm,

2011 1137 2113 1177 nec
2164 1129 2478 1174 sanctorum
2514 1118 2736 1172 Patrum
2767 1112 3034 1183 quispiam
3069 1110 3397 1165 mentionem
3440 1106 3615 1162 fecit?

2012 1216 2146 1272 Cum
2179 1213 2344 1284 igitur
2370 1211 2441 1265 ita
2480 1225 2539 1266 se
2567 1215 2776 1279 gerant,
2803 1214 2857 1261 et
2899 1203 3060 1259 modo
3095 1203 3220 1268 huc,
3261 1200 3424 1256 modo
3486 1199 3616 1253 illnc

2014 1321 2135 1362 sese
2161 1313 2508 1369 convertant,
2549 1317 2649 1356 nec
2685 1299 2988 1354 consistere
3025 1296 3258 1360 valeant,
3298 1293 3478 1347 iacere
3501 1306 3535 1345 n
3557 1307 3610 1344 HI

2015 1406 2330 1473 possumus,
2363 1397 2493 1466 quin
2525 1395 2866 1465 suspicemur
2903 1390 3170 1461 jejunium
3230 1387 3374 1441 istud
3447 1399 3613 1439 exse-

2017 1491 2278 1546 crandqu
2312 1501 2437 1543 esse
2466 1496 2521 1542 et
2548 1483 2878 1541 Christianis
2909 1481 3131 1535 aut-ibus
3173 1479 3477 1549 indignun‘.
3507 1475 3615 1544 Ego

2017 1591 2196 1637 autem
2222 1579 2304 1636 sic
2332 1580 2398 1634 de
2434 1577 2525 1633 illo
2556 1575 2766 1645 accepi,
2799 1573 2971 1628 fuisse
3001 1571 3253 1640 Sergium
3303 1569 3615 1639 quemdam,

2015 1675 2320 1732 Armeniae
2352 1670 2578 1726 haeresis
2603 1668 2906 1728 doctorem,
2939 1663 3028 1734 qui
3081 1675 3205 1718 cum
3265 1660 3491 1716 haberet
3521 1672 3618 1712 ca-

323 1774 569 1829 τοιοῦτόν
615 1789 669 1826 τι
716 1775 846 1843 περὶ
877 1772 1086 1841 ταύτης
1132 1771 1375 1840 ἀκήκοα,
1428 1769 1510 1824 ὅτι
1561 1770 1786 1840 Σέργιός
1831 1786 1916 1830 τις

2031 1786 2166 1834 nem,
2216 1767 2300 1820 cui
2338 1779 2532 1820 nomen
2567 1763 2669 1816 hoc
2696 1756 3028 1814 Artziburtzi
3059 1753 3434 1824 imposuisset,
3489 1765 3613 1804 eum

2101 1861 2114 1867 -
2489 1865 2495 1867 _
2809 1851 2842 1867 ..
3018 1846 3200 1867 λημμ
3241 1855 3286 1867 ,.
3359 1853 3613 1867 .-_,._.-_..

321 1864 644 1926 διδάσκαλος
660 1863 761 1932 τῆς
797 1860 1137 1932 Ἀρμενικῆς
1165 1858 1434 1928 αἱρέσεως
1449 1857 1765 1927 γενόμενος,
1797 1852 1912 1927 εἶχε

326 1957 468 2011 κύνα
497 1955 839 2026 καλούμενον
878 1949 1056 2014 οὕτως
1113 1945 1582 2022 Ἀρτζιδούρτζην
1616 1963 1631 1978 ο
1671 1949 1822 2019 δηλοῖ
1858 1947 1914 2000 δὲ

325 2052 360 2120 ή
395 2048 544 2114 λέξις
571 2048 663 2101 τὸν
718 2045 1148 2116 Προμιτάτωρα.
1184 2040 1375 2112 Τούτῳ
1426 2043 1640 2112 μηνυτῇ
1693 2041 1787 2092 καὶ
1818 2056 1915 2108 ση-

331 2144 564 2214 μάντορι
612 2140 712 2210 τῆς
758 2135 1053 2208 ἐπιδημίας
1104 2133 1270 2188 αὑτοῦ
1324 2133 1587 2197 πολλάκις
1618 2135 1644 2185 ό
1687 2132 1915 2202 Σέργιος

324 2236 596 2304 ἐκέχρητο
644 2231 800 2302 παρὰ
831 2230 1088 2299 δαίμονος
1118 2225 1521 2297 ἐνεργουμένῳ,
1555 2225 1770 2296 μέλλων
1794 2227 1918 2279 ἐπι-

323 2323 574 2397 δημῆσαι
607 2340 716 2376 τινι
748 2321 861 2375 τῶν
893 2317 1223 2390 πολυχνίων,
1259 2317 1292 2388 ἢ
1339 2317 1566 2386 κωμῶν,
1619 2317 1651 2388 ἢ
1697 2317 1917 2387 χωρίων

325 2420 386 2471 ὲν
417 2412 501 2481 οἷς
551 2415 731 2488 ῷκουν
785 2415 833 2467 οἱ
895 2412 1139 2483 μαθηταὶ
1173 2409 1269 2462 καὶ
1325 2411 1546 2479 μέτοχοι
1600 2409 1698 2480 τῆς
1735 2409 1916 2480 λύμης

325 2508 520 2564 αὑτοῦ.
575 2507 688 2561 Καὶ
721 2507 811 2559 ὅτε
864 2505 959 2557 τὸν
1006 2502 1144 2556 κύνα
1197 2501 1389 2556 τοῦτον
1432 2498 1596 2567 εἶδον,
1637 2501 1920 2572 ἐξεχέοντο

331 2604 471 2674 μετὰ
509 2601 640 2671 μίαν
670 2599 884 2670 ἡμέραν
913 2595 1020 2666 πρὸ
1053 2595 1252 2662 μιλῐαν
1291 2594 1456 2648 τινῶν
1499 2597 1579 2658 είς
1610 2596 1918 2668 ἀπάντησιν

327 2697 426 2750 τοῦ
453 2692 802 2748 διδασκάλου.
857 2690 994 2744 Ποτὲ
1045 2689 1104 2742 δὲ
1153 2689 1292 2762 πρὸς
1340 2690 1438 2760 τήν
1475 2690 1684 2760 συνήθη
1713 2691 1919 2761 ταύτην

297 2861 304 2868 .
330 2789 680 2860 λειτουργίαν
705 2788 734 2839 ὁ
757 2783 910 2838 κύων
946 2782 1290 2852 ἐκπεμφθεὶς
1320 2781 1426 2835 ὑπὸ
1455 2781 1639 2836 λύκων
1674 2781 1918 2853 ἐϐρώθη,

331 2881 428 2935 καὶ
475 2878 616 2949 μετὰ
657 2875 760 2947 τὴν
787 2873 1052 2928 ἐπιοῦσαν
1096 2872 1318 2943 ἡμέραν
1355 2872 1604 2928 έδάδισεν
1637 2877 1666 2926 ό
1697 2875 1921 2946 Σέργιος

330 2971 421 3043 ἐφ’
461 2970 555 3035 οὓς
603 2967 897 3023 ἀπέστειλε
929 2967 1021 3019 τὸν
1055 2964 1216 3019 κύνα.
1264 2965 1516 3034 Μηδενὸς
1562 2965 1620 3020 δὲ
1657 2969 1800 3021 κατὰ
1830 2967 1922 3020 τὸν

332 3065 510 3119 τύπον
553 3060 1107 3134 προϋπαντήσαντος,
1137 3057 1551 3129 ὲδεινοπάθησε,
1599 3059 1692 3112 καὶ
1727 3061 1920 3133 ἐπιδη-

2018 1877 2050 1918 a
2084 1861 2328 1932 daemone
2387 1865 2595 1911 rectum
2643 1851 2854 1907 itineris
2882 1848 2966 1905 sui
3012 1846 3203 1902 ducem
3235 1855 3290 1900 et
3359 1853 3619 1913 tanquam

2020 1951 2393 2011 consiliarium
2413 1949 2674 2012 habebat,
2726 1943 2944 2015 quoties
2985 1942 3052 1998 ad
3081 1940 3364 2011 oppidum,
3400 1945 3495 1992 aut
3525 1951 3623 2006 pa-

2017 2064 2167 2118 gum,
2202 2053 2295 2100 aut
2330 2042 2518 2097 urbem
2551 2039 2787 2109 aliquam
2833 2043 2953 2093 erat
2980 2034 3349 2106 profecturus.
3382 2033 3436 2085 in
3491 2031 3619 2099 qui-

2018 2144 2120 2197 bus
2155 2138 2418 2194 doctrinae
2444 2150 2556 2190 suae
2606 2132 2878 2203 pestifera:
2904 2127 3154 2199 discipuli
3203 2126 3539 2192 habitabant,
3567 2133 3624 2179 et

2019 2252 2142 2294 cum
2180 2233 2329 2288 ἰΙΙιιιιι
2364 2245 2554 2286 canem
2590 2227 2916 2296 aspicerent,
2958 2230 3079 2293 post
3107 2219 3248 2275 diem
3292 2233 3462 2273 unum
3525 2217 3624 2272 ali-

2019 2337 2150 2400 quot
2167 2336 2424 2396 passuum
2448 2319 2682 2374 millibus
2704 2316 2918 2371 obviam
2943 2312 3201 2384 magistro
3225 2309 3616 2383 procedi-bant.

2024 2418 2226 2475 Verum
2261 2429 2381 2468 cum
2417 2407 2708 2481 aliquando
2735 2407 2802 2460 ad
2839 2405 2966 2458 illud
2999 2417 3194 2458 munus
3240 2403 3395 2457 canis
3436 2400 3626 2455 mitte-

2023 2524 2198 2576 retur,
2235 2526 2262 2562 a
2293 2506 2432 2575 lupis
2462 2505 2755 2560 devoratus
2784 2509 2908 2565 eSt;
2969 2494 3232 2568 postridie
3287 2503 3466 2547 autem
3497 2506 3620 2546 cum

2023 2608 2090 2662 ad
2124 2618 2216 2659 eos
2247 2597 2470 2668 Sergius
2491 2593 2956 2666 prolicisceretur,
2983 2587 3046 2642 ad
3081 2601 3218 2657 quos
3248 2599 3434 2640 canem
3456 2585 3622 2637 mise-

2026 2709 2130 2762 rat,
2161 2704 2216 2750 et
2246 2707 2404 2746 nemo
2453 2689 2519 2743 de
2558 2700 2711 2740 more
2744 2684 2954 2738 veniret
3009 2679 3247 2743 obviam,
3316 2675 3626 2745 indignatus

2023 2801 2128 2855 est,
2163 2797 2394 2856 cumque
2427 2783 2493 2837 ad
2545 2781 2667 2835 illos
2723 2776 3083 2846 pervenisset,
3133 2769 3626 2838 intellexissctquv,

2024 2898 2214 2942 canem
2249 2889 2645 2951 praecursorem
2694 2885 2854 2926 suum
2906 2868 2971 2922 ad
3016 2882 3112 2922 eos
3137 2880 3246 2920 non
3301 2863 3626 2928 accessiss',

2026 2977 2196 3042 misit,
2231 2972 2321 3041 qui
2381 2969 2530 3024 illum
2563 2970 2893 3033 quaererent,
2946 2960 3038 3014 sed
3091 2973 3214 3013 cum
3273 2971 3341 3011 ex
3407 2955 3626 3007 ossibus

2030 3067 2263 3126 inventis
2295 3061 2628 3135 agnovisset,
2654 3071 2778 3112 eum
2810 3069 2840 3108 a
2903 3053 3042 3122 lup?s
3073 3050 3240 3104 fuisse
3279 3045 3625 3112 dilaniatum,

337 3161 524 3231 μήσας
551 3159 754 3223 αὐτοῖς,
780 3152 969 3224 ἐπειδὴ
1001 3151 1354 3222 μεμάθηκεν,
1375 3152 1460 3205 ὅτι
1491 3153 1552 3206 οὐ
1585 3155 1924 3224 παρεγένετο

2036 3161 2234 3218 indixit
2273 3153 2531 3212 omnibus
2563 3147 2836 3202 Armeniis
2865 3142 3130 3214 jejunium
3155 3156 3252 3208 pro
3279 3139 3428 3193 canis
3449 3138 3628 3202 obitu,

334 3255 475 3325 πρὸς
515 3252 719 3315 αὐτοὺς
754 3251 782 3301 ὁ
812 3248 1127 3320 πρόδρομος
1157 3244 1325 3298 αὑτοῦ
1357 3245 1527 3312 κύων,
1563 3245 1816 3318 ἔπεμψεν
1846 3251 1926 3312 είς

333 3350 700 3422 ἀναζήτησιν,
727 3350 820 3398 καὶ
840 3340 1092 3410 διαγνοὺς
1121 3338 1285 3392 αὑτὸν
1310 3340 1418 3393 ἀπὸ
1447 3341 1548 3410 τῆς
1585 3340 1693 3394 τῶν
1722 3341 1928 3398 ὀστέων

336 3447 613 3516 εὑρέσεως
668 3437 1014 3508 λυκόϐρωτον
1066 3434 1376 3505 γεγονότα,
1431 3432 1735 3503 προσέταξε
1786 3439 1925 3492 πᾶσι

2029 3251 2328 3324 iussitque,
2360 3257 2414 3300 ut
2445 3241 2710 3312 przeiiuito
2741 3238 2947 3292 dierum
2979 3233 3154 3304 spatio
3195 3230 3422 3298 singulis
3473 3230 3632 3282 annis

2036 3321 2089 3402 in
2115 3347 2259 3400 luetu
2293 3351 2348 3396 et
2379 3337 2633 3408 squalore
2681 3341 3052 3386 versarentur.
3097 3326 3161 3380 Et
3181 3324 3450 3396 jejunium
3501 3321 3634 3376 illud

2032 3435 2362 3494 Artziburtzi
2416 3429 2849 3502 appellaverunt.

337 3543 456 3602 τοῖς
509 3535 823 3608 ’Λρμενίοις
849 3533 1138 3605 νηστεύειν
1197 3532 1338 3598 ὑπὲρ
1367 3529 1471 3598 τῆς
1505 3527 1763 3602 τελευτῆς
1805 3535 1971 3589 αὐτοῦ
2015 3537 2110 3590 καὶ
2145 3533 2442 3603 κατηφιᾷν,
2512 3525 2607 3578 καὶ
2639 3516 3063 3591 σκυθρωπάζειν
3100 3516 3166 3584 ἐφ
3221 3515 3457 3586 ἡμέραις
3502 3514 3636 3582 ὡρι-

342 3635 576 3706 σμέναις
620 3631 744 3684 κατ’
792 3630 1064 3692 ἐνιαυτὸν,
1123 3627 1219 3680 καὶ
1271 3623 1370 3695 τὴν
1424 3623 1683 3693 νηστείαν
1731 3629 1936 3700 ταύτην
1988 3623 2453 3703 Ἀρτζιδούρτζην
2480 3617 2754 3688 ὠνόμασε.

927 3744 1179 3799 ΤΙΤΛΟΣ
1219 3745 1342 3797 ΚΔ’.

338 3841 503 3897 Κατὰ
532 3838 652 3894 τῶν
676 3837 1022 3908 λεγομένων
1041 3834 1478 3908 ,Παυλικιάνων
1531 3835 1599 3889 ἐκ
1644 3833 1761 3888 τῶν
1813 3838 1934 3889 Φω-

413 3914 549 3966 τίου
582 3909 688 3963 τοῦ
705 3904 1166 3977 ,ιιὶικαριωτάτου
1200 3905 1573 3975 πατριάρχου
1608 3910 1934 3960 Κωνσταν-

412 3983 846 4044 τινουπόλειυς.

413 4091 712 4162 Σαμόσατα
733 4087 886 4150 πόλις
916 4086 1032 4140 ἐστὶ
1070 4086 1168 4157 τῆς
1207 4085 1428 4156 Συρίας,
1465 4085 1588 4139 καθ’
1651 4079 1716 4156 ἧς
1769 4085 1938 4141 πάλαι

342 4184 404 4239 τὸ
424 4182 743 4254 Meaux:in
771 4179 1114 4250 εἰσεκώμασε
1141 4179 1419 4250 φρόνημα.
1466 4179 1608 4252 Γυνή
1644 4180 1700 4232 δέ
1737 4197 1820 4244 τις
1874 4183 1935 4236 ἐν

342 4279 517 4352 ταύτῃ
543 4279 844 4348 Καλλινίκη
876 4276 1116 4347 τοῦνομα
1145 4276 1238 4330 τὸν
1293 4277 1552 4349 βόρϐορον
1594 4277 1694 4349 τῆς
1757 4279 1934 4333 Μανι-

343 4375 542 4447 χαῖκῆς
567 4372 834 4443 αἱρέσεως
862 4369 980 4424 ελον
1025 4367 1311 4431 ὲκπιοῦσα,
1359 4370 1454 4423 δύο
1495 4369 1669 4422 τίκτει
1717 4371 1935 4440 παῖδας,

348 4465 560 4521 Παῦλον
592 4465 686 4518 καὶ
733 4454 1178 4531 Ἰωάννην.οῦτοι
1204 4461 1303 4530 τὴν
1329 4459 1546 4532 μητέρα
1572 4459 1934 4531 ζηλώσαντες.

2572 3726 2876 3788 TITULUS
2906 3723 3101 3780 XXIV.

2031 3837 2290 3891 Aduersus
2327 3827 2692 3885 Paulict’anos,
2724 3837 2789 3876 ea:
2817 3819 3026 3891 scriptis
3090 3815 3272 3891 Pltotii
3310 3817 3634 3884 patriarcha:

2533 3888 3133 3957 Cunslantinopolitani.

2113 4082 2392 4143 SamoSata
2427 4092 2510 4135 est
2569 4077 2823 4148 oppidum
2855 4073 3044 4146 Syriae,
3116 4070 3298 4141 inqua
3357 4066 3653 4141 quondam

2042 4178 2214 4250 viguit
2240 4191 2394 4232 error
2448 4171 2891 4228 Manichaeorum.
2945 4168 3004 4224 In
3033 4169 3134 4224 hoc
3189 4168 3386 4238 oppido
3445 4165 3639 4218 mulier

2045 4270 2290 4339 quamam
2328 4265 2432 4320 fuit
2489 4263 2711 4318 nomine
2763 4258 3046 4316 Callinice.
3116 4259 3240 4313 Hmc
3297 4274 3417 4312 cum
3461 4262 3634 4310 totum

2046 4361 2468 4417 Manichmorum
2499 4356 2668 4410 lutum
2726 4356 3014 4416 hausisset,
3065 4355 3198 4407 duos
3229 4351 3436 4420 peperit
3495 4350 3638 4404 tilios

2047 4453 2272 4508 Paulum
2305 4460 2358 4506 et
2408 4449 2696 4513 Joannem,
2753 4448 2844 4516 qui
2887 4453 3115 4500 matrem
3176 4442 3369 4498 imitati
3430 4456 3645 4496 merum-

344 4557 584 4628 άκρατον
609 4557 706 4622 τῆς
739 4551 1077 4615 άπο’στασίας
1107 4549 1311 4619 ταύτης
1341 4552 1434 4604 τὸν
1467 4550 1547 4604 ἰὸν
1570 4551 1925 4620 εἰσεδέξαντο.

2045 4546 2200 4600 istius
2238 4541 2521 4613 apostasia
2556 4554 2820 4594 venenum
2871 4536 3143 4591 biberunt.
3168 4533 3277 4588 Hos
3321 4533 3511 4602 reliqui
3548 4549 3642 4584 vc-

349 4648 688 4717 Θεασάμενοι
708 4643 767 4699 δὲ
795 4642 1021 4706 τούτους
1053 4645 1102 4696 οἱ
1139 4641 1540 4696 συναποστάται
1581 4642 1940 4714 διαφέροντας

349 4743 442 4796 ἐπὶ
461 4744 527 4812 τῇ
549 4739 840 4809 δυσσεϐείᾳ
864 4737 960 4790 καί
985 4734 1370 4808 δραστηρίους,
1403 4735 1655 4806 κήρυκας
1701 4735 1940 4805 προδάλ·

351 4837 532 4889 λονται
589 4834 680 4888 καὶ
717 4832 1133 4904 μυσταγωγούς.
1161 4823 1322 4884 Οὗτοι
1354 4830 1412 4884 δὲ
1439 4831 1532 4885 καὶ⁸
1582 4829 1716 4883 ἄλλα
1756 4847 1943 4902 προσε-

353 4927 708 4998 πινοήσαντες
737 4925 939 4989 ἄτοπα,
963 4923 1058 4976 καὶ
1095 4922 1290 4994 μιαρὰ,
1324 4923 1417 4984 καὶ
1445 4921 1664 4993 ὀλέθρια
1698 4923 1946 4992 δόγματα

354 5020 451 5090 τὴν
481 5017 589 5072 τῶν
629 5017 1004 5070 Παυλικιάνων
1035 5015 1245 5085 αἵρεσιν
1274 5014 1696 5084 συνεστήσαντο,
1748 5018 1946 5085 μοῖραν

359 5112 456 5180 μὲν
483 5109 584 5178 τῆς
607 5107 923 5179 Μανιχαίων
954 5107 1150 5176 μανίας
1179 5101 1368 5165 οὖσαν.
1403 5105 1517 5156 τισὶ
1533 5104 1591 5157 δὲ
1609 5104 1948 5174 προσθήκαις

357 5201 806 5271 συναυξηθείσαν.
837 5199 972 5252 Ἀπὸ
1000 5197 1206 5251 τούτων
1234 5196 1292 5250 δὲ
1315 5195 1424 5249 τῶν
1448 5194 1560 5261 δύο,
1599 5195 1809 5248 Παύλου
1851 5197 1949 5249 καὶ

363 5295 638 5359 Ἰωάννου,
673 5296 784 5355 τοῖς
818 5293 1088 5362 μαθηταῖς
1117 5289 1296 5344 αὐτῶν
1349 5291 1382 5360 ἡ
1442 5289 1798 5360 προσωνυμία
1841 5288 1950 5342 τῶν

355 5386 737 5441 Παυλικιάνων
757 5382 1014 5452 ἐπετέθη,
1069 5379 1387 5435 συντεθεῖσα
1445 5379 1948 5451 βαρϐαρικώτερον,

354 5480 450 5534 καὶ
473 5478 596 5532 ἀντὶ
621 5476 715 5530 τοῦ
771 5474 1175 5529 Παυλοῖωᾶνναι
1231 5472 1586 5528 Παυλικιάνοι
1649 5471 1940 5542 κατονομά-

356 5572 560 5638 ζονται.
593 5569 801 5639 Χρόνου
847 5567 902 5621 δὲ
953 5567 1331 5639 διαρρυέντος,
1387 5565 1576 5635 ἕτερον
1626 5565 1837 5628 ἑαυτοῖς
1887 5563 1949 5618 τὸ

352 5667 452 5734 τῆς
478 5659 817 5724 ἁποστασὶας
862 5659 1138 5728 συνέδριον
1183 5658 1550 5731 χειροτονοῦσι
1607 5657 1945 5721 διδάσκαλον,

356 5755 412 5818 ὃς
446 5753 851 5814 Κωνσταντϊνος
878 5749 1280 5822 ὀνομαζόμενος
1308 5751 1388 5814 εἰς
1415 5749 1708 5803 Σιλουανδν
1753 5747 1948 5802 ἑαυτὸν

357 5845 733 5918 μετωνόμασε,
766 5845 856 5900 καί
883 5861 944 5914 γε
989 5843 1175 5898 τοῦτον
1207 5843 1387 5912 πολλῷ
1446 5841 1554 5899 τῶν
1612 5843 1944 5911 Καλλινὶκης

2048 4638 2226 4691 ritatis
2261 4637 2560 4689 desertores
2588 4631 2883 4700 conspicati
2925 4628 3207 4698 impietate
3259 4627 3511 4692 eximios,
3560 4637 3644 4678 al—

2047 4745 2151 4798 que
2181 4733 2522 4798 prmstantcs,
2562 4738 2625 4777 ac
2652 4731 2926 4787 strenuos,
2961 4717 3358 4774 constituerunt
3383 4731 3477 4772 eos
3501 4731 3639 4786 pne-

2049 4837 2214 4877 cones
2237 4827 2293 4875 et
2320 4818 2513 4872 duces.
2542 4815 2632 4870 isti
2657 4829 2777 4866 cum
2803 4813 2905 4866 alia
2931 4811 3163 4866 absurda
3213 4818 3268 4864 et
3305 4808 3640 4864 exsecranda

2049 4930 2112 4969 ac
2144 4913 2443 4982 perniciosa
2465 4911 2740 4980 dogmata,
2763 4914 2870 4958 tum
2901 4903 3340 4958 Paulicianorutn
3364 4902 3644 4968 haeresim,

2051 5023 2168 5075 quae
2210 5003 2630 5058 Manichaeorum
2689 4997 2911 5052 insania:
2943 5012 3066 5068 pars
3099 5006 3203 5058 est,
3237 5005 3290 5048 et
3319 4995 3644 5064 quibusdam

2051 5100 2214 5150 etiam
2272 5091 2676 5148 accessionibus
2713 5087 3066 5152 cumulatior,
3117 5087 3512 5156 excogitarnnt.
3571 5087 3644 5140 Ex

2052 5185 2260 5241 duobus
2285 5194 2465 5237 autem
2501 5180 2620 5236 istis
2657 5179 2974 5234 nominibus
3003 5177 3171 5233 Paulo
3200 5189 3254 5234 et
3278 5179 3485 5232 Joanne
3512 5177 3649 5228 Pan-

2053 5281 2372 5336 licianorum
2403 5259 2720 5332 vocabulum
2741 5277 2974 5333 balbare
2996 5291 3126 5328 sane
3153 5275 3511 5343 compositum
3541 5281 3646 5336 cst,

2057 5383 2115 5429 ut
2147 5390 2270 5430 cum
2303 5369 2728 5428 Pauli-Joannes
2757 5370 3022 5442 appellari
3058 5369 3311 5430 debeant,
3348 5365 3651 5420 Paul'ciani

2056 5466 2424 5522 nominentur.
2457 5463 2562 5519 Sed
2590 5464 2848 5532 temporis
2865 5477 3150 5532 progressu
3174 5458 3338 5512 aliam
3385 5457 3488 5514 sibi
3522 5472 3650 5528 apo-

2058 5559 2242 5614 smsia:
2274 5559 2480 5614 socium
2525 5565 2579 5612 et
2612 5557 2928 5628 magistrum
2959 5554 3350 5618 adhibuerunt,
3405 5551 3494 5624 qui
3522 5567 3650 5608 cum

2057 5663 2346 5709 vocaretur
2372 5651 2795 5714 Constantinus,
2835 5648 3005 5703 voluit
3044 5647 3317 5715 Sylvanus
3364 5645 3519 5715 appel
3545 5645 3646 5701 ari.

2057 5744 2125 5801 Et
2155 5746 2296 5800 hunc
2325 5743 2542 5813 quidem
2588 5740 2872 5809 apo.~tasi;e
2915 5737 3177 5792 sa'elhtcs
3220 5735 3493 5791 Callinica:
3527 5735 3577 5787 ΠΙ
3607 5749 3650 5788 ιε

2060 5843 2215 5908 longe
2235 5845 2591 5907 anteponunt.
2623 5834 2831 5902 Quippe
2855 5831 2948 5903 qui
2984 5840 3042 5888 ut
3066 5831 3438 5887 aStutissimas
3467 5829 3533 5884 ad
3562 5843 3646 5889 ea,
