4132 6406
520 319 656 386 1131

1754 316 2559 395 ΕυΤΗΥιιΙιΖιεΑιιιιΝι

3659 323 3803 389 1191

516 456 636 511 quae
666 436 955 499 sentiebat,
977 432 1344 506 propaganda,
1381 446 1483 488 non
1512 440 1598 488 est
1626 446 1794 487 ausus
1822 430 2092 501 Opinione:

2214 431 2418 486 παίδων
2464 433 2514 485 οί
2550 431 2649 503 τῆς
2698 432 3038 498 ἀποστασίας
3085 432 3426 491 ὑπασπισταὶ
3468 437 3803 510 ἐπίπροσθεν

515 530 797 587 haereticus
830 527 1193 583 monumentis
1224 525 1461 588 tradere,
1501 525 1594 578 sed
1622 537 1722 578 usu
1769 532 1826 575 et
1879 522 2099 577 assidua

512 624 760 681 doctrina
797 620 1090 681 discipulos
1121 631 1249 673 suos
1281 614 1556 680 erudiens,
1598 613 1892 682 impietatis
1945 610 2099 665 insti-

513 725 626 768 tuta
666 713 733 767 ab
761 708 1161 781 cppugttatione
1192 714 1305 761 tuta
1350 718 1571 760 servare
1602 712 1827 758 conatus
1864 710 1968 757 est.
2000 699 2096 754 At-

510 820 617 875 que
646 802 993 875 Evangelium
1027 800 1242 868 quidem
1273 807 1331 853 et
1359 795 1699 866 Apostolum,
1752 810 1875 865 qua:
1925 796 2097 851 lldelis

509 898 675 950 etiam
713 894 1147 951 Christianorum
1187 890 1420 961 populus
1454 888 1834 958 complectitur
1866 898 1921 944 et
1943 890 2095 958 colit,

506 991 705 1058 scripta
740 986 1039 1056 proposuit,
1079 984 1214 1040 nihil
1245 982 1530 1037 admodum
1564 993 1824 1051 quantum
1851 984 1916 1035 ad
1974 998 2096 1037 ver-

505 1082 575 1137 ba
610 1081 864 1151 pertinet,
891 1089 1123 1141 mutans,
1143 1091 1265 1142 uec,
1286 1075 1741 1144 quemadmodum
1767 1076 1876 1145 egit
1904 1075 2097 1130 Valen-

506 1178 653 1228 tinus
704 1181 759 1226 et
817 1170 935 1238 alii,
1000 1168 1267 1223 sermonis
1329 1168 1553 1237 ligurum
1614 1177 1946 1236 pervertens,
1999 1167 2095 1221 sed

507 1266 678 1335 ipsum
711 1265 927 1334 pietatis
965 1277 1188 1316 sensum
1252 1263 1580 1327 detorquens
1646 1268 1809 1327 atque
1866 1257 2100 1324 pet-[rin—

504 1373 655 1428 gens,
680 1366 733 1411 et
770 1358 836 1408 ad
871 1353 1153 1422 apostasia:
1187 1366 1297 1406 sua:
1325 1349 1636 1419 opinionem
1677 1357 1999 1403 convertens
2039 1360 2095 1403 et

505 1450 748 1506 trahens.
775 1448 853 1502 Ac
881 1447 1042 1501 verba
1071 1444 1311 1513 quidem,
1352 1453 1410 1496 ut
1432 1443 1688 1503 diximus,
1714 1439 1879 1494 divini
1912 1437 2092 1493 Evane

502 1541 627 1610 gelti
651 1547 708 1594 et
736 1536 999 1607 Apostoli,
1028 1533 1321 1597 concessit,
1350 1539 1407 1583 ut
1436 1529 1777 1592 Itahereut,ct
1834 1526 1966 1582 nihil
1993 1526 2095 1580 im-

501 1632 766 1702 pudenter
818 1626 1088 1682 subtraxit
1144 1632 1239 1677 aut
1289 1622 1570 1692 adiunxit;
1629 1634 1814 1674 verum
1885 1633 1979 1672 eos
2016 1616 2094 1671 illi

500 1734 700 1776 sensus
730 1715 977 1772 attribuit
1027 1725 1082 1768 et
1115 1711 1570 1775 accommodavit,
1605 1708 1804 1779 quibus
1830 1705 1973 1762 nulla
1999 1722 2093 1761 sa-

2213 522 2458 590 ἄγουσιν.
2491 516 2659 587 Οὗτος
2689 522 2755 593 δὴ
2785 516 2939 588 οὗτος
2977 527 3005 579 ὁ
3055 525 3363 590 δεινότατος
3415 531 3801 602 κακουργῆσαι

2210 614 2281 666 τὰ
2322 614 2624 686 ἀτολμητα,
2660 616 2726 667 τά
2778 616 2879 685 μὲν
2926 616 3183 688 αἱρετικὶι
3224 620 3548 690 φρονήματα
3611 626 3800 696 γραφῇ

2211 706 2550 777 παραδοῦναι
2579 708 2680 762 οὐκ
2709 709 3164 780 ἐτόλμησενιέὓει
3201 712 3257 767 δὲ
3295 715 3391 766 καὶ
3450 718 3667 786 συνεχεῖ
3719 717 3803 770 δι-

2212 798 2481 870 δασκαλία
2510 802 3084 872 κατασφαλισάμενος,
3133 807 3246 867 τοῖς
3305 807 3800 878 μυσταγωγηθετσε

2209 893 2462 960 κατέχειν
2491 889 2865 963 ἀπαράτρωτα
2907 894 2977 947 τὰ
3015 894 3116 965 τῆς
3162 896 3415 961 ἀσεϐείας
3476 915 3802 967 παρακατα-

2208 981 2422 1052 τίθησιν
2446 983 2625 1053 ὄργια.
2652 984 2726 1037 ἰδ
2759 985 2945 1056 μέντοι
2973 987 3305 1059 Εὑαγγέλιον
3367 990 3463 1046 καὶ
3493 993 3583 1046 τὸν
3636 992 3801 1047 ’Λπό-

2211 1073 2415 1137 στολον,
2451 1076 2486 1128 ἃ
2518 1076 2608 1128 καὶ
2637 1078 2698 1129 τὸ
2720 1076 2864 1130 θεῖον
2883 1081 3318 1150 περιπτύσσεται
3349 1084 3446 1138 καὶ
3492 1088 3629 1158 τιμᾷ
3685 1087 3799 1143 τῶν
3846 1128 3871 1143 ρ

2209 1162 2553 1234 Χριστιανῶν
2581 1167 2887 1238 σύνταγμα,
2914 1171 3208 1244 ἐγγράφως
3234 1174 3444 1240 τούτοις
3498 1179 3799 1250 παρέθετο,

2206 1259 2318 1320 τοῖς
2352 1259 2418 1329 ρή
2427 1275 2560 1328 μασι
2586 1259 2687 1329 μὲν
2714 1261 2810 1314 καὶ
2836 1262 3095 1333 ὀνόμασιν
3126 1266 3279 1320 οὐδὲν
3307 1268 3453 1337 μέγα
3481 1271 3798 1342 παραλλάτ-

2206 1366 2337 1414 των,
2397 1350 2521 1404 οὐδὲ
2580 1353 3057 1433 κατακιὸδηλεύων
3113 1358 3208 1412 τοῦ
3261 1359 3421 1428 λόγου
3465 1362 3528 1416 τὸ
3583 1363 3798 1435 σχῆμα,

2209 1443 2458 1513 καθάπερ
2487 1444 2834 1510 Οὐαλεντῖνος
2852 1449 2946 1502 καὶ
2977 1449 3176 1521 ἕτεροι,
3195 1451 3316 1506 ὅλον
3340 1453 3395 1507 δὲ
3419 1456 3511 1508 τὸν
3534 1455 3659 1509 νοῦν
3693 1456 3799 1528 τῆς

2206 1533 2484 1597 εὐσεϐεἱας
2505 1535 2867 1608 διαστρέφων,
2898 1540 2993 1592 καὶ
3024 1542 3408 1613 καταθραύων,
3466 1547 3562 1599 καὶ
3615 1547 3802 1603 πάντα.

2210 1628 2402 1690 ποιῶν,
2428 1629 2522 1682 καὶ
2551 1630 2859 1701 περιέλκων
2886 1632 3024 1702 πρὸς
3051 1634 3112 1686 τὸ
3138 1633 3236 1705 τῆς
3264 1636 3602 1700 ἀποστασίας
3627 1637 3802 1691 αὐτοῦ

2208 1721 2488 1792 φρόνημα.
2520 1724 2627 1776 Καὶ
2655 1723 2722 1777 τὰ
2747 1725 2847 1793 μὲν
2890 1726 3133 1797 ῥήματα,
3180 1726 3257 1790 ὼς
3312 1729 3556 1799 εἴρηται,
3608 1730 3801 1785 δίδωσι

505 1827 599 1866 cra
624 1810 786 1865 verba
819 1807 1166 1862 conveniunt.
1203 1805 1451 1873 Pugnant
1478 1803 1622 1858 enim
1660 1806 1802 1857 inter
1834 1816 1914 1867 se,
1981 1815 2092 1854 mu-

2204 1788 2456 1884 κατέχειν
2480 1814 2572 1868 τοῦ
2594 1833 2652 1868 τε
2675 1788 2818 1870 θείου
2847 1788 3183 1888 Εύαγγελίου
3203 1788 3299 1875 καὶ
3323 1788 3803 1886 τοῦ’“Αποστόλου,

502 1913 702 1971 tuoque
735 1913 798 1953 se
828 1904 1097 1961 evertunt,
1129 1904 1187 1949 ut
1221 1896 1354 1949 nihil
1389 1894 1517 1950 inde
1557 1894 1814 1964 consequi
1864 1908 2096 1949 consen-

501 2001 719 2049 taneum
750 1990 938 2061 possit.
972 1987 1097 2044 llaec
1125 1987 1214 2043 ille
1264 1989 1365 2042 hoc
1400 1986 1559 2042 modo
1614 1985 1915 2051 constituit,
1978 1983 2097 2039 nul-

502 2087 721 2157 lumque
743 2087 935 2154 dogma
975 2082 1081 2137 illis
1138 2092 1331 2153 praeter
1363 2079 1715 2149 Evangelium
1751 2089 1806 2134 et
1869 2077 2095 2134 Paulum

503 2180 687 2249 legere
710 2176 978 2246 permisit.
1020 2173 1219 2229 Verum
1261 2183 1312 2227 et
1359 2173 1462 2226 iste
1488 2181 1611 2242 post
1637 2171 1853 2242 aliquod
1886 2180 2095 2239 tempus

504 2271 735 2334 interiit,
796 2269 1058 2324 etnuima
1122 2266 1339 2336 quidem
1400 2265 1568 2333 magis
1623 2279 1785 2332 quam
1843 2277 2094 2331 corpore.

504 2367 631 2420 Post
662 2364 952 2434 Sylvanum
983 2359 1201 2413 Simeon
1229 2356 1321 2425 qui
1361 2371 1421 2410 se
1453 2355 1633 2410 Titum
1664 2353 1848 2409 vocari
1886 2354 2094 2421 maluit,

504 2456 610 2510 illis
674 2453 851 2522 impia:
890 2449 1150 2506 doctrina:
1205 2449 1465 2519 magister
1495 2447 1617 2501 fuit.
1675 2446 1880 2501 Deinde
1907 2445 2097 2500 Arme-

506 2550 626 2601 nius
661 2546 876 2615 quidam
908 2543 1128 2597 nomine
1153 2538 1440 2602 Genesius,
1487 2538 1579 2609 qui
1622 2554 1780 2594 suum
1815 2536 1869 2591 in
1911 2536 2095 2592 Timo-

505 2640 684 2696 theutn
713 2650 905 2694 nomen
934 2634 1305 2691 commutavit.
1331 2631 1467 2688 Tum
1494 2629 1718 2702 Joseph,
1749 2630 1840 2703 qui
1875 2631 1929 2686 in
1959 2628 2097 2700 Epa-

507 2732 817 2801 phroditum
855 2737 1092 2783 mutatus
1123 2737 1227 2782 est.
1292 2725 1419 2781 Post
1448 2726 1767 2791 Zacharias,
1803 2740 1960 2793 quem
1985 2738 2091 2778 non

509 2827 731 2879 minima
795 2822 1017 2877 haeresis
1062 2834 1191 2891 pars
1251 2819 1649 2874 mercenarium
1701 2818 1997 2882 existimat,
2043 2826 2097 2872 et

506 2909 805 2981 indignum,
840 2910 928 2978 qui
954 2907 1180 2963 docendi
1211 2923 1405 2961 munus
1430 2907 1572 2977 apud
1614 2907 1759 2977 ipsos
1778 2907 2094 2961 obtinuerit.

506 3002 687 3057 Matres
724 3010 983 3069 praetcrea
1020 2998 1183 3053 homo
1212 2998 1463 3055 sordidus
1488 2998 2097 3054 accessit.POstremum

510 3090 706 3146 malum
737 3089 956 3159 Sergius
991 3088 1190 3152 attulit,
1217 3088 1310 3157 qui
1341 3088 1447 3144 sibi
1479 3087 1700 3159 Tychici
1735 3103 1931 3145 nomen
1959 3088 2092 3144 asci-

2202 3128 2312 3175 νος.
2335 3087 2481 3165 *Εἶτα
2514 3087 2810 3183 Ζαχαρίας.

2203 1906 2348 1976 μήτε
2382 1908 2724 1977 προσθήκαις
2760 1909 2900 1978 μήτε
2930 1910 3285 1981 ὑφαιρέσεσιν
3330 1913 3554 1984 ἀναίδην
3601 1915 3801 1987 λυμαι-

2199 1999 2422 2069 νόμενος
2443 2015 2458 2031 ο
2485 2001 2794 2071 προσάπτει
2826 2001 2884 2056 δὲ
2917 2002 3129 2068 τούτοις
3180 2007 3276 2059 καὶ
3328 2006 3623 2062 ὑπιεάλλει
3675 2010 3803 2081 νοή-

2202 2109 2369 2159 ματα,
2395 2088 2476 2155 οἷς
2511 2092 2744 2164 ἁρμόζει
2779 2094 2879 2165 μὲν
2919 2095 3073 2150 οὐδὲν
3125 2098 3236 2152 τῶν
3297 2099 3459 2170 ίερῶν
3509 2101 3800 2173 ῥημάτων,

2197 2184 2424 2255 οὐδεμία
2450 2185 2506 2239 δὲ
2538 2187 2750 2251 τούτοις
2798 2189 3091 2244 ἀκολουθία
3126 2192 3403 2264 ἐνορᾶται,
3463 2198 3695 2267 μάχεται
3739 2198 3801 2252 δὲ

2199 2275 2335 2343 πρὸς
2358 2274 2584 2346 ἄλληλα,
2619 2277 2712 2331 καὶ
2731 2279 3204 2337 ἀντικαθίσταται.
3234 2283 3420 2338 Ταῦτα
3455 2285 3585 2353 γοῦν
3606 2305 3798 2358 παρα.-

2196 2367 2566 2439 καταθέμενος
2594 2368 2762 2442 μηδὲν
2785 2370 2973 2442 ἓτερον
2993 2374 3175 2428 αὐτῶν
3199 2375 3601 2446 ἀναγινώσκειν
3632 2382 3794 2452 παρά

2196 2478 2255 2514 τε
2286 2461 2347 2514 τὸ
2374 2462 2710 2531 Εὐαγγέλιον
2732 2467 2828 2519 καὶ
2859 2466 2953 2522 τὸν
2998 2468 3323 2524 Ἀπόστολον
3356 2471 3533 2543 δόγμα
3554 2473 3795 2547 τίθησιν⁹

2209 2553 2350 2622 Ἀλλ’
2382 2554 2411 2608 ό
2447 2556 2549 2625 μὲν
2582 2559 2721 2626 μετά
2757 2559 2948 2627 χρόνον
2965 2560 3264 2634 ἀπεφθὰρη
3292 2564 3393 2631 τὴν
3424 2565 3603 2636 ψυχὴν
3628 2566 3796 2620 πλέον

2196 2646 2292 2700 τοῦ
2326 2646 2606 2719 σώματος,
2648 2651 2791 2721 μετὰ
2821 2652 2878 2705 δὲ
2915 2653 3006 2707 τὸν
3030 2654 3317 2709 Σιλουανδν
3355 2657 3580 2728 Συμεὼν
3609 2659 3796 2714 αὐτῶν

2196 2739 2291 2795 τοῦ
2331 2742 2625 2806 δυσσεϐοῦς
2686 2744 3065 2800 διδασκαλείου
3116 2750 3460 2819 προΐσταται,
3502 2752 3659 2806 Τῖτον
3697 2754 3797 2807 καὶ

2197 2834 2360 2897 αὐτὸς
2391 2835 2584 2888 ἑαυτὸν
2615 2838 3152 2906 μετονομασάμενος.
3193 2839 3354 2909 Ἑξῆς
3409 2840 3468 2894 δὲ
3504 2838 3795 2914 Ἀρμένιος

2198 2925 2446 2990 Γενέσιος
2501 2926 2759 2998 τοῦνομα,
2809 2928 3169 2998 μετακληθεὶς
3221 2930 3302 2994 είς
3362 2930 3649 3002 Τιμόθεον,
3696 2934 3798 2988 καὶ

2199 3019 2459 3090 τέταρτος
2502 3020 2698 3090 Ἰωσὴφ
2730 3021 2758 3073 ό
2786 3023 2867 3086 είς
2929 3022 3321 3093 Ἐπαφρόδιτον
3381 3026 3796 3099 μεταϐεϐλημέ-

2840 3114 2899 3166 ὂν
2928 3115 3029 3167 οὐκ
3058 3115 3318 3186 ἐλαχίστη
3367 3119 3535 3188 μοῖρα
3572 3117 3672 3191 τῆς
3701 3120 3795 3172 αι-

509 3187 605 3239 vit.
648 3183 729 3237 Ac
782 3180 1101 3237 defectionis
1154 3182 1372 3251 quidem
1416 3181 1655 3252 ipsorum
1703 3182 1966 3250 magistri,
2032 3198 2092 3238 es

2206 3202 2407 3273 ρέσεως
2442 3203 2715 3274 μισθωτόν
2744 3221 2803 3258 τε
2853 3206 3091 3273 ἡγεῖται,
3132 3207 3353 3278 καὶτῆς
3401 3206 3795 3280 διδασκαλικῆς

506 3289 614 3347 quo
637 3274 855 3329 haeresis
891 3275 993 3328 ista
1027 3290 1059 3328 α
1106 3272 1273 3328 Paulo
1307 3283 1361 3328 et
1386 3272 1596 3329 Joanne
1655 3290 1954 3343 cognomen
2016 3284 2104 3330 est

506 3375 820 3430 consecuta,
843 3355 909 3418 ad
942 3369 1043 3420 hoc
1067 3378 1240 3433 usque
1271 3374 1484 3434 tempus
1547 3376 1624 3421 tot
1649 3369 2002 3422 exstiterunt.
2032 3367 2100 3422 ll-

507 3458 600 3512 lud
638 3465 818 3511 autem
853 3457 1131 3512 sciendum
1159 3468 1265 3522 εει,
1292 3472 1385 3512 eos
1407 3457 1496 3528 qui
1528 3458 1756 3516 haeresis
1782 3459 1940 3516 istius
1971 3472 2090 3515 stu-

504 3550 645 3605 diosi
675 3558 828 3614 sunt,
864 3548 909 3604 si
936 3549 1058 3620 quis
1083 3557 1334 3620 petat,ut
1353 3562 1609 3608 auctores
1652 3553 1770 3625 ejus
1802 3555 2099 3624 nugatorias

502 3652 665 3697 secta,
694 3641 979 3710 repudient
1015 3651 1177 3714 atque
1202 3640 1527 3713 improbent,
1590 3644 1750 3701 facile
1797 3646 2097 3713 Manetem,

502 3744 559 3789 et
594 3733 845 3800 Paulum,
884 3741 937 3788 et
966 3732 1229 3790 Joannem
1258 3742 1314 3789 et
1360 3735 1621 3805 quosdam
1651 3737 1786 3794 alios
1815 3740 2095 3805 detestari,

502 3829 914 3902 Constantinum
936 3840 1141 3895 autem,
1165 3845 1323 3901 quem
1352 3841 1406 3887 et
1460 3830 1756 3902 Sylvanmn
1786 3845 2011 3901 vocant,
2041 3845 2100 3893 et

504 3898 810 3980 Simeonem
858 3938 955 3978 seu
967 3923 1170 3988 Titum,
1186 3934 1239 3979 et
1253 3922 1541 3981 Genesium
1555 3924 2095 3997 sive'l‘imotheum,et

501 4016 793 4086 Just-phum
829 4030 922 4070 seu
963 4014 1417 4086 Epaphroditum,
1446 4025 1502 4073 et
1537 4018 1817 4074 sordidum
1859 4020 2093 4077 Baancm

502 4120 558 4163 et
612 4106 1189 4180 Sergianychicmu
1218 4109 1364 4164 nullo
1405 4111 1567 4166 modo
1597 4111 1795 4168 adduci
1828 4126 1991 4182 posse
2035 4123 2096 4170 ut

503 4202 870 4265 detestentur;
909 4201 1039 4268 quin
1075 4200 1241 4255 etiam
1278 4201 1402 4258 illos
1434 4211 1495 4256 ut
1545 4203 1752 4258 Christi
1817 4208 2095 4276 apostolos

502 4291 842 4354 existimare,
901 4300 958 4345 et
981 4301 1238 4359 tanquam
1266 4291 1369 4360 pias
1386 4293 1645 4349 doctrinae
1671 4296 1961 4366 magistros
1976 4314 2093 4352 am-

505 4381 666 4453 plecti
722 4391 884 4450 atque
947 4383 1252 4450 suscipere.
1318 4381 1431 4438 Nec
1472 4385 1708 4441 universi
1764 4396 1945 4444 tamen
1998 4404 2093 4446 eos

2205 3294 2366 3348 αὐτὸν
2402 3296 2695 3366 προεδρίας
2733 3295 2973 3361 ἀνάξιον.
3017 3297 3217 3362 Ἕκτος
3260 3302 3444 3364 αὐτοῖς
3491 3301 3795 3371 ἐπιγίνεται

2204 3385 2419 3458 Βαάνης
2453 3389 2483 3442 ὁ
2514 3389 2790 3458 ῥυπαρὸς,
2821 3390 2907 3459 ἐφ’
2935 3385 3018 3454 οἷς
3064 3390 3293 3460 ἕϐδομον
3338 3394 3434 3447 καὶ
3482 3393 3794 3449 τελευταῖον

2203 3477 2374 3532 κακὸν
2404 3478 2628 3550 Σέργιος
2666 3481 2966 3549 ἀναφύεται
2993 3500 3007 3515 υ
3044 3483 3124 3547 εἰς
3146 3483 3384 3555 Τυχικδν
3404 3485 3461 3539 δὲ
3486 3502 3581 3539 και
3636 3482 3793 3552 οὗτος

2202 3570 2395 3626 ἑαυτὸν
2421 3572 2809 3642 μετεκάλεσεν.
2875 3572 3022 3629 Ἀλλ’
3066 3576 3116 3629 οἱ
3153 3575 3255 3646 μὲν
3305 3576 3405 3648 τῆς
3450 3579 3793 3645 ἀποστασίας

2202 3662 2384 3718 αὐτῶν
2405 3663 2744 3733 διδάσκαλοι,
2776 3665 2870 3734 ἀφ’
2905 3660 2966 3721 οῦ
3006 3667 3106 3738 τῆς
3139 3668 3351 3723 Παύλου
3389 3672 3485 3725 καὶ
3541 3672 3793 3728 Ἰωάννου

2205 3758 2551 3827 μετωνυμίας
2569 3757 2729 3828 ἔλαχε
2756 3759 2820 3812 τὸ
2842 3759 3206 3814 ἀποστατικδν
3233 3761 3396 3816 τοῦτο
3422 3763 3517 3817 καὶ
3539 3765 3793 3836 μισόχρι-

2201 3868 2324 3905 οτον
2356 3851 2643 3923 σύνταγμα
2678 3853 2839 3924 μέχρι
2868 3852 2963 3906 τοῦ
2991 3851 3112 3907 καθ’
3140 3855 3284 3926 ἡμᾶς
3306 3855 3534 3927 ἥκοντος
3563 3860 3788 3930 χρόνου,

2197 3943 2291 3997 ἰπὶ
2320 3943 2575 3999 τοσοῦτον
2608 3945 2989 4017 προήχθησαν.
3027 3944 3236 3999 Ἐκεῖνο
3275 3947 3334 4000 δὲ
3362 3948 3443 4001 δεῖ
3471 3949 3788 4017 γινώσκειν,

2197 4035 2275 4101 ὡς
2302 4037 2351 4090 οἱ
2378 4034 2473 4091 νῦν
2498 4038 2598 4107 τῆς
2636 4038 2993 4101 ἀποστάσεως
3049 4035 3253 4108 ταύτης
3312 4040 3523 4105 παῖδες,
3563 4041 3789 4097 ἐπειδὰν

2197 4127 2395 4192 αὐτούς
2418 4144 2501 4192 τις
2527 4129 2784 4199 ἀπαιτοίη
2816 4114 2942 4192 τοὺς
2967 4128 3232 4200 ἐξάρχους
3251 4130 3352 4202 τῆς
3381 4133 3636 4204 τοιαύτης
3652 4136 3789 4190 ἁπο-

2197 4215 2509 4287 πέμπεσθαι
2540 4214 2843 4287 βδελυρίας,
2877 4217 3132 4272 Μάνεντα
3168 4221 3289 4288 μὲν,
3314 4225 3405 4276 καὶ
3430 4222 3660 4290 Παῦλον,
3690 4226 3789 4279 καὶ

2209 4308 2486 4377 Ἰωάννην,
2534 4307 2632 4361 καί
2675 4324 2830 4369 τινας
2871 4308 3064 4372 ἄλλους
3106 4309 3404 4381 προθύμως
3456 4312 3789 4385 ἀναθεματί-

2197 4399 2350 4464 ξουσι
2378 4417 2391 4432 ·
2424 4390 2833 4455 Κωνσταντίνον
2859 4401 2916 4455 δὲ
2949 4402 3009 4457 ὃν
3062 4407 3156 4460 καὶ
3185 4406 3473 4462 Σιλουανὺν
3532 4408 3785 4475 καλοῦσι,

503 4490 641 4543 quos
679 4475 1249 4542 commemoravimus,
1275 4476 1480 4553 pariter
1504 4478 1963 4552 complectuntur,
1992 4484 2089 4539 sed

2199 4491 2289 4542 καὶ
2317 4490 2583 4560 Συμεῶνα
2606 4491 2697 4544 τὸν
2732 4493 2913 4561 Τῖτον,
2944 4495 3036 4549 καὶ
3069 4495 3318 4550 Γενέσιον
3351 4497 3444 4551 τὸν
3493 4469 3786 4569 Τιμόθεον,

501 4567 681 4624 cuncti
708 4579 960 4638 tanquam
992 4566 1124 4623 deos
1152 4569 1633 4627 veneranturillos
1663 4588 1836 4645 usque
1860 4573 1929 4630 ad
1951 4575 2087 4632 Baa-

504 4674 626 4712 uem
655 4667 710 4713 et
754 4658 1028 4728 Sergium.
1056 4657 1184 4714 Post
1214 4670 1393 4715 autem
1429 4660 1482 4714 in
1508 4661 1647 4718 duas
1700 4674 1886 4734 partes
1951 4682 2085 4722 con-

506 4749 700 4804 trarias
723 4748 909 4814 divisi,
944 4750 1035 4805 alii
1072 4748 1452 4816 Baanem,alii-
1474 4753 1723 4823 Sergium
1751 4755 1808 4810 in
1836 4757 2083 4813 divorum

504 4854 787 4893 numerum
828 4840 1093 4909 referunt,
1130 4857 1237 4912 qua
1263 4843 1482 4912 quidem
1515 4844 1570 4898 in
1604 4847 1958 4904 contentione
2020 4864 2086 4904 eo

504 4943 675 4997 usque
699 4932 1134 4999 progrediuntur,
1164 4940 1224 4985 ut
1251 4932 1319 4997 ad
1350 4948 1500 4987 arma
1535 4935 1817 5006 cadesque
1843 4939 2084 4994 veniant.

504 5017 612 5072 Sex
648 5026 824 5071 autem
862 5021 1135 5078 Ecclesias
1164 5035 1446 5079 recensent
1469 5041 1620 5090 suas,
1660 5042 1893 5096 quarum
1920 5045 2084 5084 uuam

502 5105 601 5163 Mm
621 5108 870 5163 edoniam
891 5120 1108 5177 vocant,
1141 5112 1368 5167 alteram
1399 5115 1686 5183 Achaiam,
1716 5119 1936 5173 tertiam
1961 5120 2085 5175 Phi-

501 5199 849 5270 lippensium,
875 5210 1126 5270 quartam
1155 5203 1593 5273 Laodicensium,
1626 5209 1870 5278 quintam
1907 5212 2085 5282 Ephe-

499 5293 726 5360 siorum,
762 5290 1166 5349 Colossensium
1209 5305 1535 5353 extremam.
1579 5297 1778 5355 Verum
1816 5306 1932 5358 haec
1960 5314 2086 5361 sunt

425 5450 430 5456 ~
501 5384 717 5440 urbium
759 5387 998 5455 nomina,
1041 5388 1109 5442 de
1142 5389 1341 5457 quibus
1368 5398 1480 5445 tum
1504 5400 1659 5448 vetus
1685 5394 1933 5463 historia,
1969 5406 2083 5454 tum

501 5472 706 5531 Paulus
732 5479 1004 5535 meminit.
1041 5479 1138 5535 Isti
1165 5494 1319 5548 vero,
1376 5482 1467 5550 qui
1516 5483 1652 5539 nihil
1702 5485 1822 5543 sine
1856 5488 1979 5545 dolo
2033 5499 2087 5546 ct

498 5578 710 5635 quaestu
740 5580 1010 5627 conantur
1040 5586 1225 5643 agere,
1251 5587 1317 5630 ne
1342 5572 1432 5629 illa
1479 5577 1724 5646 quidem,
1748 5591 1870 5648 quae
1910 5583 2085 5639 oculis

498 5671 1156 5728 coarguuntur,verentur
1182 5663 1476 5723 adﬁrmare.
1499 5669 1869 5726 Macedoniam
1901 5677 2085 5745 appel-

501 5748 876 5831 lantCoionia:
897 5756 1374 5843 oppidulum..cu_i
1426 5777 1629 5843 nomen
1661 5770 1740 5818 est
1801 5766 2076 5843 Cimossa,

2190 4584 2284 4635 καὶ
2318 4581 2515 4653 Ἰωσὴφ
2543 4583 2636 4637 τὸν
2672 4584 3082 4655 Ἐπαφρόδιτον,
3116 4588 3210 4643 καὶ
3239 4589 3330 4644 τὸν
3370 4590 3619 4663 ῥυπαρὸν
3667 4592 3786 4646 Βι-

2190 4673 2348 4745 ἀνην,
2380 4676 2474 4728 καὶ
2505 4676 2730 4747 Σέργιον
2774 4676 2865 4731 τὸν
2914 4678 3150 4750 Τυχικδν
3189 4680 3443 4753 οὐδαμῶς
3502 4685 3785 4758 ἀναθεμα-

2186 4766 2337 4820 τίςαι
2369 4769 2781 4840 καταδέχονται,
2808 4775 2924 4828 ἀλλ’
2952 4770 3042 4829 οἶα
3079 4776 3145 4849 δὴ
3174 4777 3412 4848 Χριστοῦ
3453 4780 3789 4847 ἀποστόλους

2189 4859 2285 4909 καὶ
2327 4858 2426 4927 τῆς
2479 4858 3146 4941 εὐσεϐείαςκδιδασκάλους
3195 4867 3536 4934 ἀσπάζονταί
3578 4887 3640 4924 τε
3693 4872 3788 4925 καὶ

2188 4946 2562 5016 ἀποδέχονται.
2597 4940 2921 5018 Οὐπάντες
2969 4955 3050 5020 δὲ,
3093 4957 3217 5012 οὐδὲ
3273 4960 3399 5024 τοὺς
3458 4960 3787 5032 εἰρημένους

2190 5037 2400 5104 πάντας
2428 5040 2629 5111 ὁμοίως
2662 5044 3044 5116 περιέπουσιν,
3091 5049 3228 5103 ἀλλὰ
3277 5052 3404 5116 τοὺς
3466 5054 3567 5123 μὲν
3621 5054 3786 5128 μέχρι

2189 5129 2399 5184 Βαάνου
2436 5132 2529 5184 καὶ
2562 5133 2790 5205 Σεργίου
2824 5139 3235 5208 καταγομένους
3289 5141 3349 5208 ἐξ
3390 5142 3504 5196 ἴσου
3535 5143 3783 5211 θειάζου-

2190 5240 2296 5290 σιν,
2328 5223 2536 5278 ἐκεῖθεν
2564 5226 2621 5278 δὲ
2656 5226 2918 5296 ραγέντες
2948 5232 3029 5295 εἰς
3060 5232 3389 5297 ἀντιπάλους
3423 5236 3516 5288 δύο
3531 5236 3784 5308 μερίδας,

2186 5317 2236 5370 οἱ
2270 5317 2367 5387 μὲν
2392 5317 2485 5370 τὸν
2522 5318 2764 5391 Βαάνην,
2787 5322 2838 5374 οἱ
2863 5322 2921 5375 δὲ
2947 5323 3258 5380 θεοποιοῦσι
3292 5329 3383 5380 τδν
3425 5328 3650 5400 Σέργιον
3686 5330 3787 5384 ἐπὶ

2185 5410 2439 5464 τοσοῦτον
2471 5412 2571 5482 τὴν
2601 5411 2721 5465 κατ’
2749 5412 2996 5486 ἀλλήλων
3025 5416 3143 5486 ἔριν
3181 5419 3278 5473 καὶ
3328 5419 3522 5474 στάσιν
3567 5420 3783 5493 κρατύ-

2187 5519 2391 5567 νοντες,
2448 5503 2526 5566 ὡς
2564 5505 2658 5556 καὶ
2711 5505 2878 5576 μέχρι
2903 5510 3120 5579 σφαγῆς
3155 5511 3339 5573 αὐτοῖς
3382 5515 3687 5585 προχωρεῖν
3723 5512 3786 5568 τὸ

2187 5593 2513 5663 φιλόνεικον.
2550 5595 2651 5659 Ἐξ
2678 5596 2736 5648 δὲ
2759 5597 2942 5652 αὐτῶν
2980 5599 3408 5672 ἀνομολογοῦσιν
3459 5603 3782 5673 ἐκκλησίας,

2187 5680 2265 5738 ὧν
2294 5685 2395 5754 τὴν
2446 5685 2547 5755 μὲν
2591 5686 2933 5743 Μακεδονίαν
2975 5693 3258 5761 καλοῦσιν,
3324 5695 3551 5767 Ἀχαΐαν
3599 5697 3654 5750 δὲ
3682 5699 3786 5767 τὴν

2189 5775 2465 5846 δευτέραν,
2495 5778 2589 5831 καὶ
2617 5778 2810 5850 τρίτην
2834 5780 2935 5851 τὴν
2981 5784 3382 5856 Φιλιππησίων,
3429 5790 3518 5857 ἐφ’
3562 5785 3641 5855 οἷς
3683 5790 3785 5857 τὴν
