4132 6400
452 304 589 364 1193

1373 305 1756 364 PANOPLIA
1796 300 2252 362 DOGMATlCA.
2296 322 2362 330 -
2406 298 2549 356 Tl'l‘.
2600 299 2807 358 XXIV.

3575 305 3713 368 1194

445 412 775 470 Λαοδικέων,
814 413 906 464 καὶ
933 413 1190 482 πέμπτην
1225 415 1458 479 τὴντῶν
1502 414 1788 480 Ἐφεσίων,
1844 413 2032 464 τελευ-

2160 425 2188 458 n
2249 424 2356 475 quo
2417 409 2736 464 defectionis
2793 411 3094 464 doctrinam
3155 413 3418 483 Sylvanns
3472 419 3711 471 tradidit-

442 508 602 556 ταίαν
636 503 689 554 δὲ
715 503 812 572 τὴν
843 502 949 554 τῶν
979 505 1351 556 Κολοσσαέων.
1381 504 1540 557 Ἀλλά
1572 505 1640 556 τὰ
1661 507 1760 575 μὲν
1794 506 2034 573 ὀνόματά

476 614 558 649 στι
618 597 846 660 πόλεων,
909 590 984 649 ὧν
1037 599 1130 649 καὶ
1179 600 1211 666 ἡ
1249 599 1450 650 παλαια
1503 599 1604 665 τὴν
1655 600 1856 668 γνῶσιν
1890 597 2033 670 εἶχεν

446 688 679 758 ἱστορία,
717 691 811 742 καὶ
837 691 864 742 ὁ
895 690 1036 753 θεῖος
1063 691 1435 760 ἐμνημόνευσε
1471 693 1678 754 Παῦλος
1707 708 1720 721 ·
1745 695 1793 745 oi
1830 694 1886 746 δὲ
1930 711 2035 762 μη·

445 780 532 832 δέν
555 780 739 834 ἄδολον
791 783 910 851 μηδ’
959 783 1336 851 άκαπήλευτον
1388 784 1819 852 φιλονεικοῦντες
1867 803 2036 840 κατα-

445 873 641 935 λιπεῖν,
680 873 804 942 μηδ’
831 874 930 926 ὅσα
983 874 1104 942 ὕψει
1153 875 1512 945 διελέγχεται,
1545 876 1679 945 μηδὲ
1712 875 1883 930 ταῦτα
1915 877 2037 930 δυσ-

445 961 757 1030 ωπούμενοι
819 963 1155 1016 Μακεδονίαν
1218 965 1318 1034 μὲν
1380 966 1703 1034 ὀνομάζουσι
1767 967 2038 1039 πολίχνιόν

447 1074 502 1108 τι
531 1056 834 1117 Κολωνείας
882 1057 1214 1124 καλούμενον
1261 1057 1522 1123 Κίϐοσαν,
1551 1061 1608 1110 ἐν
1750 1062 2038 1115 Κωνσταν-

449 1151 590 1208 τίνο;
624 1149 652 1198 ὁ
682 1147 966 1208 Σιλουανὸς
989 1148 1092 1215 ’τὴν
1121 1149 1458 1202 ἀποστασίαν
1497 1149 1722 1216 ἐδίδαξε.
1778 1153 1951 1221 Κώμη
1983 1154 2039 1206 δὲ

450 1239 787 1307 Σαμοσάτων
819 1240 966 1292 ἐστὶν
1003 1243 1035 1310 ἡ
1072 1241 1341 1305 Μάναλις,
1365 1243 1486 1311 ἥτις
1528 1243 1628 1312 τῆς
1660 1245 1913 1298 Γενεσίου
1943 1247 2036 1298 τοῦ

453 1333 546 1382 καὶ
577 1329 844 1399 Τιμοθέου
865 1331 1212 1395 διδασκαλίας
1244 1334 1615 1403 ἐχρημάτισεν
1651 1338 2038 1407 ἐργαστήριον.

454 1424 642 1493 Ταύτῃ
668 1423 725 1474 δέ
755 1425 854 1494 τὴν
878 1425 1107 1493 Ἀχαΐαν
1137 1427 1586 1495 ἐπιφημίζουσιν.
1631 1428 1784 1480 Ὅσοι
1815 1430 1870 1482 δέ
1929 1429 2042 1482 Ἰω-

453 1517 559 1585 σὴφ
587 1517 681 1568 τοῦ
727 1517 1121 1587 Ἐπαφροδίτου
1143 1558 1158 1581 ,
1187 1521 1280 1571 καὶ
1313 1519 1582 1588 Ζαχαρίου
1622 1519 1714 1572 τοῦ
1771 1522 2041 1590 μισθωτοῦ

451 1607 574 1658 κατ’
637 1605 835 1666 αὐτοὺς
893 1607 1150 1675 ποιμένος
1207 1607 1445 1677 μαθηταὶ
1485 1611 1886 1677 ἐχρημάτισαν,
1923 1613 2046 1664 τού-

451 1709 564 1756 τοις
623 1695 721 1762 τὴν
771 1695 880 1746 τῶν
926 1695 1310 1764 Φιλιππησίων
1362 1697 1746 1767 ἐπιγράφουσι.
1801 1701 1924 1762 Τοῖς
1986 1701 2043 1753 δὲ

2139 497 2310 564 Pagns
2333 511 2415 552 est
2438 502 2898 555 Samosatensimn
2923 502 3171 565 Manalis,
3199 508 3284 557 ubi
3313 506 3602 572 Genesins,
3622 483 3751 577 qui!

2137 603 2191 644 et
2227 591 2565 658 Timotheus,
2613 594 2838 648 docendi
2864 595 3048 648 ludum
3082 597 3317 659 aperuit.
3351 596 3549 667 l'agnm
3575 599 3720 652 hunc.

2138 683 2225 737 isti
2254 685 2518 738 Achaiam
2543 695 2761 740 vocant.
2801 687 2902 754 Qui
2957 702 3089 742 vero
3139 687 3381 758 Josephi,
3427 696 3523 745 seu
3581 690 3722 760 Epa-

2138 776 2399 842 phroditi,
2436 786 2490 830 et
2521 777 2799 831 Zachariae
2834 781 3156 832 mercenarii
3194 783 3334 849 apud
3361 780 3508 849 ipsos
3537 791 3722 846 pasto-

2140 866 2216 920 ris
2251 867 2498 936 discipuli
2545 867 2788 932 fuerunt,
2838 870 2888 923 hi
2935 871 3035 924 sibi
3065 870 3494 938 Philippensium
3533 871 3720 925 Eccle—

2139 955 2272 1008 siam
2302 969 2577 1026 arrogant.
2607 961 2672 1012 At
2705 961 2779 1014 Illi
2809 961 2902 1029 qui
2935 961 2988 1014 in
3044 963 3207 1030 Argai
3247 961 3503 1028 oppidulo
3558 963 3721 1015 habi-

2141 1047 2713 1112 tant,Laodicensium
2752 1053 3050 1107 Eeclesiam
3113 1054 3214 1107 sibi
3280 1056 3580 1108 vindicant.
3615 1056 3719 1121 Qui

2142 1151 2322 1196 autem
2386 1143 2438 1196 in
2492 1143 2842 1213 Mopsuestia,
2908 1147 2959 1198 in
3013 1146 3369 1214 Ephesiorum
3424 1145 3718 1200 Ecclesium

2143 1232 2482 1300 rediguntur.
2521 1239 2749 1290 letarum
2791 1237 2954 1289 trium
3018 1237 3384 1292 Ecclesiarum
3429 1253 3724 1307 congrega-

2142 1322 2343 1376 tionem
2387 1325 3018 1401 doctrinamqueSergio
3052 1329 3182 1382 item
3209 1345 3304 1383 seu
3329 1331 3568 1401 Tychico
3621 1331 3722 1384 tri-

2145 1413 2334 1469 buunt.
2397 1418 2573 1487 Atque
2606 1420 2694 1472 isti
2729 1397 2952 1488 quidem
2976 1437 3163 1476 eorum
3202 1397 3446 1492 magistri
3508 1432 3561 1475 et
3618 1422 3724 1474 Ec-

2145 1506 2325 1562 clesite
2356 1508 2612 1562 dicuntur
2643 1524 2788 1574 esse,
2821 1511 3096 1580 multiplex
3127 1522 3308 1564 autem
3337 1511 3575 1580 ipsorum
3610 1512 3724 1564 Ine-

2147 1600 2285 1652 resis
2318 1615 2422 1653 non
2450 1616 2514 1652 ex
2554 1617 2662 1654 uno
2721 1617 2929 1666 errore,
2959 1605 3052 1655 sed
3106 1618 3171 1656 ex
3231 1604 3412 1655 multis
3453 1604 3727 1669 variisque

2147 1702 2380 1746 constat.
2409 1691 2543 1746 Nam
2567 1693 2676 1747 duo
2695 1693 2936 1747 fatentur
2959 1693 3244 1763 principia,
3271 1694 3723 1762 quemadmodum

452 1788 510 1838 ὲν
539 1785 738 1854 Ἀργαῒ
765 1789 830 1856 τῇ
864 1787 1104 1858 πολύχνῃ
1132 1788 1230 1858 τὴν
1257 1790 1562 1843 Λαοδικέων
1589 1793 2038 1864 ἐπικηρύττουσι,

2153 1795 2202 1837 et
2227 1784 2738 1854 Manichzei.Atque
2793 1787 3027 1840 alterum
3093 1785 3313 1855 quidem
3367 1785 3558 1840 dicunt
3604 1801 3728 1839 esse

452 1879 545 1930 καὶ
571 1880 697 1940 τοὺς
727 1880 782 1931 ἐν
810 1878 1154 1950 Μοψουεστία
1184 1883 1263 1942 εἰς
1289 1881 1386 1950 τὴν
1419 1882 1682 1951 Ἐφεσίων
1710 1884 2026 1952 μεταπλάτο

450 1986 659 2034 τουσιν,
689 1973 879 2042 ὥσπερ
909 1974 1002 2025 καὶ
1028 1974 1155 2036 τοὺς
1181 1974 1510 2043 λεγομένους
1538 1977 1923 2048 Κυνοχωρίτας
1952 1979 2030 2040 είς

452 2061 552 2131 τὴν
591 2065 703 2117 τῶν
749 2064 1109 2118 Κολοσσαέων
1152 2066 1511 2136 ἀναφέρουσι.
1557 2067 1778 2121 Τούτων
1821 2069 1875 2120 δέ
1923 2069 2032 2122 τῶν

456 2154 623 2224 τριῶν
654 2157 965 2227 ἐκκλησιῶν
993 2159 1087 2210 καὶ
1115 2159 1176 2210 τὸ
1208 2158 1488 2229 σύστημα,
1522 2161 1616 2213 καὶ
1645 2161 1741 2230 τὴν
1772 2160 2030 2212 διδασκα-

457 2246 577 2300 λίαν
617 2248 830 2319 Σεργίῳ
873 2249 951 2320 τῷ
991 2251 1090 2303 καὶ
1131 2250 1355 2322 Τυχικῷ
1399 2251 1772 2308 ἀνατιθέασιν.
1815 2253 1954 2305 Ἀλλ’
1985 2255 2034 2306 oi

461 2341 562 2409 μὲν
597 2342 933 2408 διδάσκαλοι,
972 2344 1069 2396 καὶ
1103 2345 1162 2396 ai
1194 2343 1488 2413 λεγόμεναι
1523 2345 1706 2397 αὐτῶν
1744 2346 2034 2414 ἐκκλησίαι

459 2433 516 2482 ἐν
552 2432 765 2496 τούτοις
790 2449 806 2464 ο
847 2435 946 2487 οὐκ
989 2437 1050 2486 ἐκ
1096 2435 1227 2504 μιᾶς
1273 2435 1332 2486 δέ
1373 2452 1517 2498 τινος
1560 2436 1790 2504 πλάνης,
1831 2435 1944 2488 ἀλλ’
1974 2439 2036 2489 ἐκ

462 2527 675 2579 πολλῶν
701 2527 792 2581 καὶ
823 2528 1088 2580 ποικίλων
1117 2529 1176 2580 τδ
1207 2527 1548 2581 πολύπλοκον
1575 2528 1736 2582 τοῦτο
1767 2528 1864 2596 τῆς
1891 2531 2040 2599 αἱρέ-

463 2633 602 2681 σεως
639 2620 938 2690 συνέστηκε
975 2621 1252 2689 φρόνημα.
1283 2623 1388 2673 Δύο
1424 2621 1524 2690 μὲν
1554 2622 1663 2692 γὰρ
1697 2622 1873 2691 ἀρχὰς
1906 2625 2038 2692 ὁμο·

462 2708 744 2776 λογοῦσιν,
770 2712 842 2774 ὡς
873 2713 922 2763 οί
951 2714 1249 2782 Μανιχαίοι
1268 2728 1282 2742 '
1316 2713 1449 2780 φασὶ
1473 2715 1530 2766 δέ
1556 2715 1642 2765 ἐτε
1654 2732 1746 2782 ρον
1776 2716 1876 2783 μὲν
1901 2711 2042 2767 εἶναι

464 2800 597 2854 Θεὸν
630 2803 722 2855 τὸν
758 2804 1085 2870 ἐπουράνιον
1119 2805 1371 2874 Πατέρα,
1405 2805 1464 2858 δν
1499 2807 1591 2859 καὶ
1623 2807 1725 2875 τῆς
1759 2806 1912 2860 τοῦδε
1947 2809 2041 2861 τοῦ

468 2897 668 2960 παντὸς
699 2898 951 2962 ἐξουσίας
983 2897 1404 2968 ὑπερορίζουσι,
1438 2898 1533 2950 τοῦ
1569 2899 1854 2970 μέλλοντος
1884 2900 2044 2970 μόνον

469 2989 531 3038 τὸ
573 2987 775 3056 κράτος
821 2987 970 3056 αὑτῷ
1011 2987 1453 3068 ἐγχειρίζοντες·
1501 2988 1784 3062 ἕτερον⁴δέ
1823 2995 1915 3044 τὸν
1953 2995 2048 3060 δη-

471 3079 731 3148 μιουργὸν
758 3079 855 3131 τοῦ
890 3079 1134 3148 κόσμου,
1165 3075 1206 3147 ᾧ
1238 3083 1332 3134 καὶ
1361 3082 1421 3133 τὸ
1454 3082 1624 3153 κῦρος
1652 3082 1748 3136 τοῦ
1782 3085 2048 3155 παρόντος

468 3172 662 3234 αἰῶνος
693 3173 1026 3243 χαρίζονται.
1059 3174 1168 3226 Καὶ
1194 3177 1321 3237 τοὺς
1354 3178 1454 3244 μὲν
1480 3175 1697 3245 ἀληθῶς
1723 3176 1882 3240 ὄντας
1912 3180 2049 3248 Χρι-

473 3263 720 3324 στιανοὺς
759 3262 1067 3332 Ῥωμαίους
1113 3266 1160 3316 οἱ
1205 3264 1608 3336 τρισαλιτήριοι
1658 3267 2049 3334 ὀνομάζουσιν,

469 3354 682 3414 ἑαυτοῖς
711 3355 768 3406 δὲ
795 3357 894 3422 τὴν
927 3357 1144 3422 κλησιν,
1174 3357 1241 3426 ἧς
1271 3357 1545 3428 ἀλλότριοι
1576 3359 1858 3422 παντελῶς
1889 3360 2051 3413 καθε-

472 3451 739 3516 στήκασι,
773 3450 880 3501 τῶν
914 3449 1262 3520 Χριστιανῶν
1297 3452 1685 3521 περιάπτουσι.
1722 3453 1957 3520 Λέγουσι
1992 3453 2050 3505 δέ

471 3541 712 3608 Πατέρα,
757 3541 851 3593 καὶ⁵
898 3541 1045 3606 Υίὸν,
1089 3543 1185 3594 καὶ
1234 3543 1388 3610 ἀγιον
1437 3543 1682 3612 Πνεῦμα,
1729 3543 1903 3606 λέξεις
1951 3545 2052 3612 μὲν

471 3631 715 3692 εὐσεϐεῖς
736 3670 750 3694 ,
783 3633 1150 3686 ὑποϐάλλουσι
1184 3633 1240 3686 δέ
1272 3638 1497 3696 ταύταις
1526 3635 1623 3705 τὴν
1655 3637 1891 3707 ἐσχάτην
1920 3637 2050 3689 άσέ-

472 3720 650 3776 ϐειαν.
682 3723 756 3774 Ού
787 3725 898 3792 γὰρ
926 3725 1001 3786 ὡς
1033 3726 1065 3795 ἠ
1095 3724 1192 3776 τοῦ
1227 3725 1363 3777 Θεοῦ
1398 3727 1658 3796 καθολικὴ
1691 3729 1788 3780 καὶ
1817 3730 2054 3780 ἀποστο-

474 3814 598 3883 λικὴ
625 3814 945 3884 Ἐκκλησία,
971 3816 1120 3868 οὕτω
1145 3817 1239 3868 καὶ
1262 3809 1407 3869 οὗτοι
1433 3817 1758 3887 φρονοῦντες
1781 3819 2054 3887 λέγουσιν,

474 3905 610 3958 ἀλλά
643 3907 742 3969 τὰς
774 3907 953 3971 λέξεις
987 3910 1199 3961 ἐκεῖθεν
1231 3909 1762 3978 άποσπαράξαντες,
1794 3911 2056 3964 δυσσεϐεο

478 3998 704 4062 στάταις
749 4001 984 4064 ἐννοίαις
1029 3999 1237 4063 ταύτας
1287 4003 1722 4072 ἐπιφημίζουσι,
1775 4007 1871 4058 καί
1919 4023 2054 4074 φασι

479 4090 796 4161 προθύμως,
831 4093 906 4155 ὡς
937 4093 1192 4163 ἀνάθεμα
1222 4095 1414 4164 εἴησαν
1443 4097 1559 4149 ὅσοι
1595 4095 1672 4167 μὴ
1703 4099 2055 4152 πιστεύουσιν

478 4184 558 4246 είς
591 4185 832 4255 Πατέρα,
863 4188 959 4239 καὶ
989 4188 1138 4250 Υἱὸν,
1168 4190 1263 4243 καὶ
1293 4191 1448 4257 ἀγιον
1477 4189 1724 4260 Πνεῦμα,
1755 4193 1971 4263 Πατέρα
1997 4195 2057 4248 οὐ

479 4277 572 4330 τὸν
615 4280 1053 4348 παντοκράτορα,
1101 4283 1194 4332 καὶ
1242 4283 1471 4352 ποιητὴν
1515 4285 1742 4353 οὐρανοῦ
1792 4288 1887 4338 καὶ
1935 4289 2057 4357 γῆς,

481 4371 692 4439 ὁρατῶν
737 4389 796 4423 τε
854 4375 1072 4424 πάντων
1123 4373 1219 4424 καὶ
1270 4375 1519 4443 ἀοράτων
1569 4379 2058 4447 άνακηρύττοντες,

2138 1876 2332 1939 Deum,
2358 1877 2632 1930 emlestem
2668 1877 2902 1943 Patrem,
2938 1894 3099 1946 quem
3125 1887 3177 1932 et
3205 1879 3366 1948 hujus
3395 1894 3575 1934 rerum
3609 1881 3728 1933 uni-

2133 1968 2403 2022 rersitatis
2435 1978 2701 2038 potestate
2753 1971 3181 2040 praestantiorem
3249 1987 3537 2038 asserunt;
3569 1975 3724 2028 alteri

2135 2062 2322 2116 mundi
2358 2063 2600 2116 tribuunt
2631 2064 2935 2133 opiﬁcium.
2964 2064 3040 2119 Illi
3077 2077 3282 2121 tantum
3314 2066 3482 2120 futuri
3553 2065 3726 2136 impe-

2135 2151 2605 2216 riumascribunt,
2631 2154 2758 2207 huic
2821 2156 3006 2210 mundi
3061 2156 3241 2225 opitici
3295 2159 3577 2226 przesentis
3618 2174 3724 2211 sm-

2141 2245 2250 2298 culi
2297 2255 2620 2314 potestatem
2656 2247 2982 2302 concedunt.
3017 2248 3081 2302 Et
3123 2263 3216 2303 eos
3246 2250 3339 2318 qui
3399 2265 3524 2304 vere
3563 2251 3726 2304 Chri-

2138 2339 2302 2392 stiani
2334 2348 2480 2401 sunt,
2506 2340 2779 2396 Romanos
2809 2341 3102 2408 appellant,
3126 2342 3379 2396 homines
3408 2342 3580 2410 impii,
3618 2343 3723 2397 sibi

2138 2441 2319 2486 autem
2345 2429 2780 2488 Christianorum
2820 2443 3076 2504 arrogant
3119 2449 3338 2498 nomen,
3380 2450 3501 2488 cum
3558 2437 3626 2490 ab
3658 2453 3728 2490 ce

2142 2523 2344 2576 distent
2406 2539 2565 2590 quam
2611 2523 2946 2593 longissime.
3007 2525 3199 2579 Dicunt
3243 2524 3317 2579 illi
3355 2526 3575 2593 quidem
3620 2527 3725 2580 Pa-

2147 2623 2304 2679 trem,
2337 2626 2392 2668 et
2419 2614 2637 2677 Filium,
2674 2625 2725 2668 et
2755 2616 3013 2684 Spiritum
3043 2628 3321 2680 sanctmn,
3347 2635 3466 2687 qua:
3494 2620 3712 2687 quidem

2144 2722 2304 2762 voces
2333 2717 2460 2761 sunt
2488 2707 2610 2777 piae,
2639 2695 2742 2762 lsed
2779 2708 2884 2762 illis
2915 2719 3216 2763 extremam
3270 2712 3480 2764 addunt
3529 2713 3729 2779 impie-

2146 2811 2336 2856 tatem.
2361 2799 2477 2854 Non
2503 2801 2647 2854 enim
2692 2801 2884 2855 eodem
2937 2817 3128 2867 sensu,
3166 2818 3273 2872 quo
3325 2804 3600 2860 catholica
3672 2819 3730 2860 et

2149 2895 2444 2965 apostolica
2477 2895 2742 2960 Ecclesia,
2781 2911 2872 2949 eas
2909 2897 3282 2964 proauutiant,
3315 2899 3406 2952 sed
3439 2898 3728 2954 admodum

2149 2988 2363 3041 diverso
2385 3001 2448 3040 ac
2471 2987 2813 3041 detestanda.
2856 2987 2990 3041 Gum
3047 2994 3191 3042 enim
3257 2993 3550 3060 anathema
3609 3012 3733 3048 esse

2151 3082 2356 3146 dicant,
2386 3081 2695 3152 quicunque
2730 3098 2834 3136 non
2869 3081 3045 3136 credit
3100 3086 3150 3137 in
3187 3083 3400 3140 Patrem
3430 3097 3483 3140 et
3537 3085 3729 3142 Filium

2153 3185 2207 3229 et
2239 3174 2498 3245 Spiritum
2523 3187 2792 3239 sanctum,
2833 3175 3045 3230 Patrem
3080 3195 3184 3231 non
3214 3183 3565 3247 promintiaut
3613 3198 3733 3235 om-

2158 3268 2515 3339 nipotentem,
2553 3267 2815 3322 factorem
2875 3270 2998 3323 coeli
3037 3279 3091 3324 et
3144 3280 3321 3332 terrae,
3361 3271 3650 3326 visibilium
3680 3281 3734 3327 ct

2160 3361 2534 3427 invisibilium,
2561 3361 2654 3415 sed
2676 3377 2796 3416 cum
2828 3360 3043 3416 Patrem
3062 3363 3315 3430 dixerint,
3346 3365 3529 3418 statim
3562 3367 3734 3436 subji-

2157 3454 2326 3519 ciunt,
2356 3453 2656 3516 cmlestem,
2691 3455 2776 3508 cui
2815 3457 2957 3508 nullo
2981 3458 3136 3508 modo
3160 3457 3282 3511 εαξιὶ
3317 3468 3368 3511 et
3393 3474 3579 3511 eorum
3615 3475 3734 3527 qua-

2159 3546 2279 3598 cteli
2314 3545 2520 3598 ambitu
2575 3547 2944 3612 continentur,
2991 3549 3327 3603 dominatum
3389 3552 3633 3606 tribuunt
3681 3563 3738 3606 et

2161 3644 2502 3704 potestatem.
2543 3638 2771 3705 Quidam
2839 3649 3017 3693 tamen
3047 3642 3167 3694 εαξη
3224 3643 3391 3695 etiam
3442 3644 3732 3712 imperium

2159 3729 2430 3791 tribuunt,
2466 3745 2652 3782 eorum
2681 3746 2806 3784 vero
2832 3747 2951 3800 qure
3015 3733 3154 3786 caelo
3194 3736 3735 3802 comprehemluntur

2161 3838 2264 3874 non
2300 3823 2445 3875 item.
2491 3823 2566 3877 Ac
2630 3825 2864 3891 primum
2907 3827 3126 3893 quidem
3183 3828 3394 3879 esthoc
3435 3828 3735 3898 impietatis-

2161 3912 2407 3981 ipsorum
2436 3924 2619 3982 caput.
2655 3914 2710 3966 ln
2758 3915 3164 3969 sanctissimam
3211 3926 3393 3969 autem
3449 3916 3732 3970 Dominam

2163 4013 2401 4057 nostram
2423 4005 2512 4058 Dei
2544 4004 2871 4060 Geuitricem
2899 4023 2959 4060 ea
2997 4009 3282 4062 maledicta
3315 4008 3618 4078 cenjiciunt
3639 4013 3736 4062 ho-

2164 4096 2338 4149 mines
2369 4095 2732 4166 nel‘arii,qu:e
2758 4113 2856 4151 nec
2914 4100 3178 4165 scribere,
3261 4117 3358 4155 nec
3407 4103 3593 4155 audire
3655 4100 3737 4154 l'as

2164 4196 2266 4240 est.
2296 4185 2605 4252 Credimus,
2641 4191 2914 4260 inquiunt,
2947 4193 2996 4244 in
3033 4203 3280 4248 sanctam
3350 4194 3442 4248 Dei
3496 4193 3736 4248 Genitri-

2165 4296 2308 4345 cem,
2338 4283 2388 4334 in
2419 4299 2580 4351 quam
2610 4284 2893 4352 ingressus
2944 4297 3050 4348 cSI,
3095 4294 3149 4339 et
3192 4302 3254 4338 ex
3313 4302 3420 4355 qua
3479 4287 3740 4342 Dominus

2166 4388 2418 4440 egressus
2466 4385 2570 4436 est,
2623 4388 2675 4429 et
2738 4377 2818 4429 his
2863 4380 3043 4430 verbis
3099 4378 3381 4431 caelestem
3435 4378 3740 4448 intelligunt

481 4463 617 4515 ἀλλὰ
648 4464 866 4532 Πατέρα
894 4466 1125 4532 φάμενοι
1154 4465 1244 4516 τὸν
1272 4467 1594 4535 ἐπουράνιον
1619 4468 1781 4530 εὐθὺς
1809 4473 2047 4524 ἐπισυνά·

2168 4459 2494 4523 Jerusalem,
2529 4464 2580 4516 in
2606 4480 3088 4532 quamprzecursor
3135 4481 3231 4534 pro
3292 4469 3446 4521 nobis
3488 4468 3740 4523 Christus

484 4573 731 4621 πτουσιν,
761 4551 805 4624 ᾧ
837 4557 932 4610 καὶ
964 4558 1062 4626 τὴν
1095 4558 1414 4628 κυριότητα,
1444 4561 1534 4610 καὶ
1567 4559 1664 4628 τὴν
1693 4561 1942 4625 ἐξουσίαν
1969 4564 2064 4616 τοῦ

483 4648 714 4718 ούρανοῦ
751 4665 808 4698 τε
849 4650 940 4700 καὶ
975 4650 1082 4700 τῶν
1115 4651 1173 4699 ἐν
1209 4648 1358 4716 αὐτῷ
1397 4649 1608 4720 οὐδαμῆ
1652 4651 1902 4720 οὐδαμῶς
1943 4655 2064 4704 ἐπι-

483 4743 769 4810 τρέπουσι.
804 4742 958 4804 Τινὲς
994 4741 1048 4792 δὲ
1084 4740 1178 4793 τοῦ
1220 4741 1318 4808 μὲν
1351 4740 1581 4810 ούρανοῦ
1615 4743 1713 4811 τὴν
1749 4743 2067 4794 ἐπιστασίαν

491 4833 639 4900 αὐτῷ
670 4833 1065 4900 ἐγχειρίζουσι,
1098 4831 1205 4883 τῶν
1234 4831 1290 4882 δέ
1322 4833 1804 4901 ἐμπεριεχομένων
1835 4832 1934 4884 ούκ
1963 4833 2066 4888 ἔτι.

495 4926 602 4976 Καὶ
633 4925 691 4976 τὸ
725 4925 822 4991 μὲν
855 4925 1072 4993 πρῶτον
1101 4922 1283 4974 αὐτῶν
1313 4924 1411 4992 τῆς
1443 4923 1762 4988 δυσσεϐείας
1788 4925 2029 4978 τοιοῦτον
2050 4940 2064 4954 °

490 5015 941 5085 βλασφημοῦντες
986 5015 1042 5067 δὲ
1081 5015 1179 5082 τὴν
1220 5015 1528 5082 ὑπεραγίαν
1566 5014 1868 5068 Δέσποιναν
1908 5018 2069 5085 ἡμῶν

488 5109 772 5172 Θεοτόκον,
807 5107 842 5160 ἃ
882 5108 1017 5177 μήτε
1053 5107 1242 5177 γραφῇ
1284 5107 1423 5176 μήτε
1460 5107 1596 5175 ἀκοῇ
1637 5106 1856 5174 θεμιτὸν
1892 5124 2068 5175 παρα-

487 5203 691 5265 δοῦναι,
727 5202 786 5253 ού
826 5201 1159 5269 πεφρίκασιν
1193 5201 1241 5251 oi
1275 5199 1681 5267 τρισαλιτήριοι
1717 5199 1930 5266 λέγειν·
1971 5202 2069 5253 ll:-

493 5299 757 5365 στεύομεν
785 5299 863 5359 είς
891 5296 988 5366 τὴν
1018 5296 1292 5364 παναγίαν
1317 5295 1600 5358 Θεοτόκον,
1627 5296 1704 5357 είς
1732 5295 1798 5366 ἣν
1825 5294 2060 5366 εἰσῆλθε,

492 5391 588 5442 καὶ
622 5389 844 5458 ἐξῆλθεν
873 5389 901 5439 ό
935 5388 1162 5457 Κύριος.
1195 5387 1308 5438 Kal.
1336 5388 1446 5448 τοῖς
1483 5387 1690 5455 ῥήμασι
1722 5385 1932 5446 τούτοις
1960 5385 2062 5454 τὴν

492 5481 606 5535 ἅνω
635 5479 1028 5534 ὑποϐάλλονται
1058 5476 1438 5549 Ἰερουσαλὴμ,
1471 5475 1563 5528 καί
1595 5492 1760 5545 φασιν
1789 5476 1868 5537 είς
1897 5474 2066 5545 αὐτὴν

493 5573 801 5644 πρόδρομον
829 5571 968 5640 ὑπὲρ
994 5571 1153 5641 ἡμῶν
1180 5568 1442 5623 είσελθείν
1468 5567 1558 5621 τὸν
1586 5565 1838 5638 Χριστὸν,
1867 5566 1942 5630 ὡς
1971 5567 2067 5620 καὶ

581 5749 803 5807 ‘Matlh.
836 5765 986 5813 xxrt,
1011 5749 1102 5813 ‘26,
1126 5749 1214 5804 ‘27.

782 5852 1051 5915 PATBOL.
1089 5849 1206 5909 Gtt.
1245 5847 1484 5908 CXXX.

2167 4552 2486 4612 introiverit,
2504 4555 2956 4622 quemadmodum
2974 4557 3135 4609 etiam
3161 4556 3320 4609 divus
3335 4558 3408 4609 ait
3426 4557 3738 4624 Apostolus.

2167 4645 2472 4713 Aliquando
2497 4649 2671 4699 coacti
2701 4650 2945 4701 conliteri
2973 4665 3034 4701 et
3072 4647 3292 4716 Virgine
3312 4650 3584 4703 Christum
3615 4668 3742 4722 pro-

2167 4738 2354 4802 diisse,
2388 4753 2584 4806 corpus
2617 4755 2646 4792 e
2675 4740 2814 4793 coelo
2845 4741 3150 4810 suscepisse
3174 4742 3387 4803 dicunt,
3412 4758 3507 4812 per
3539 4744 3745 4814 ipsam-

2167 4844 2272 4896 que
2307 4841 2560 4900 tanquam
2601 4846 2696 4899 per
2725 4834 2972 4886 canalem
3005 4833 3311 4888 transiissc.
3345 4832 3412 4888 Et
3470 4834 3741 4890 immacu-

2172 4924 2331 4976 latam
2364 4934 2418 4976 et
2439 4925 2800 4978 castissimam
2831 4922 3108 4993 Virginem
3167 4927 3304 4979 alios
3339 4929 3501 4982 etiam
3535 4945 3599 4983 ex
3658 4926 3750 4983 Jo-

2170 5017 2300 5084 seplt
2329 5017 2527 5071 liberos
2551 5028 2672 5085 post
2707 5027 2920 5086 partum
2965 5019 3110 5072 illum
3139 5021 3430 5074 salutarem
3473 5022 3747 5089 peperisse

2171 5109 2523 5162 contendunt.
2572 5111 2834 5163 Similiter
2887 5121 2942 5162 et
3011 5112 3446 5166 communionem
3522 5111 3746 5179 pretiosi

2170 5200 2490 5267 corporiset
2521 5201 2802 5268 sanguinis
2843 5199 3044 5255 Christi
3087 5201 3176 5254 Dei
3212 5203 3381 5254 nostri
3431 5201 3747 5254 innumera—

2175 5290 2373 5344 bilibus
2403 5291 2754 5344 contumeliis
2784 5290 3082 5344 allicientes
3116 5306 3173 5343 se
3195 5292 3385 5344 dicunt
3438 5290 3742 5356 suscipere,

2172 5397 2294 5436 cum
2309 5397 2506 5451 corpus
2523 5391 2575 5435 et
2593 5383 2904 5450 sanguinem
2923 5382 3105 5435 dicant
3121 5397 3238 5434 csse
3256 5381 3410 5434 verba
3433 5379 3746 5446 illa,00unni

2173 5490 2292 5543 qua:
2345 5490 2467 5528 cum
2527 5475 2806 5544 discipulis
2856 5477 3132 5538 traderet,
3189 5473 3376 5527 dicunt
3437 5473 3750 5541 protulisse.

2175 5580 2394 5636 nempe:
2426 5567 2679 5636 Accipite,
2720 5566 2997 5631 comedite,
3041 5574 3090 5619 et
3134 5564 3291 5618 bibite
3317 5565 3334 5594 ¹
3362 5581 3378 5632 ;
3405 5578 3579 5634 neque
3605 5562 3750 5619 enim

3344 5835 3420 5897 38
