4132 6406
453 265 478 329 1
497 264 591 330 .95

1586 311 1593 319 .
1700 263 2090 323 EUTHYMII
2131 265 2495 327 ZIGABENI

3604 266 3744 333 1196

448 395 641 451 panem
661 387 753 433 aut
775 379 959 434 vinum
976 377 1307 435 adhibuisse.
1330 376 1560 433 Crucem
1580 379 1733 445 item,
1755 393 1917 447 quam
1933 378 2030 432 ade

2163 382 2191 432 ὁ
2230 382 2375 447 θεῖος
2412 380 2710 443 ἀπόστολος
2743 379 2869 450 ἔφη.
2900 378 3049 431 Ἕσθ
3074 379 3162 432 ὅτε
3196 378 3252 431 δὲ
3288 380 3744 451 συνελαυνόμενοι

447 485 569 523 rare
599 482 659 523 se
686 467 895 532 dicunt,
933 466 1171 523 alliciunt
1235 465 1555 535 ignominia.
1587 464 1819 520 Crucem
1882 466 2029 520 enim

448 561 700 616 homines
751 559 1079 615 frauduleuti
1141 568 1196 613 et
1253 559 1580 627 impostores
1637 556 1851 629 lingunt
1909 572 2031 612 esse

446 654 751 709 Christum.
783 652 906 722 ipse
936 650 1104 716 enim,
1172 648 1443 719 inquiunt.
1500 664 1693 703 manus
1749 650 1803 703 in
1849 650 2030 704 crucis

449 747 673 813 ligurum
703 742 963 798 extendit.
997 739 1189 795 Ve‘ram
1224 750 1401 796 autem
1434 755 1651 797 crucem
1678 740 1882 812 lignum
1930 756 2025 810 ap-

446 835 736 905 peilant,’et
750 833 1140 888 sceleratorum
1162 832 1580 887 instrumentum
1597 831 1849 901 supplicii
1877 844 2026 887 esse-

443 929 782 988 crationibus
831 928 1144 992 obnoxium,
1173 937 1228 981 et
1260 927 1466 981 idcirco
1500 941 1607 980 non
1637 941 1757 981 esse
1787 926 2022 980 adoran-

446 1025 592 1088 dam,
618 1036 716 1076 nec
748 1018 1173 1089 suspiciendam.
1211 1020 1406 1074 Sucros
1435 1018 1564 1087 quin
1594 1019 1757 1074 etiam
1789 1016 2043 1086 prophe~

444 1127 531 1171 tas
555 1125 607 1169 et
638 1129 858 1169 onmem
904 1114 1189 1182 antiquam
1253 1110 1623 1179 Scripturam,
1675 1118 1731 1165 et
1789 1108 2027 1173 reliquos

444 1218 667 1265 sanctos
704 1205 1065 1276 rejiciuut,et
1107 1203 1347 1259 latrones
1402 1217 1467 1257 ac
1525 1200 1676 1255 fures
1728 1200 2022 1270 appellant.

445 1299 505 1354 lu
532 1298 721 1367 primis
743 1306 921 1351 autem
962 1294 1328 1365 apostolorum
1366 1293 1665 1363 principem
1693 1289 1909 1344 Petrum
1932 1305 2029 1343 ex-

445 1398 752 1455 secrantur,
781 1388 924 1457 quod
954 1387 1112 1442 iiJem
1146 1386 1199 1439 in
1236 1386 1558 1454 magiStrnm
1608 1382 1885 1437 Christum
1920 1380 2020 1435 ab-

453 1481 690 1551 negavit.
745 1477 1005 1545 Quamvis
1049 1476 1241 1532 doctor
1293 1475 1534 1545 ipsorum
1597 1471 1780 1527 Manes
1841 1483 2027 1540 aperte

447 1574 646 1628 clamet
679 1587 743 1627 ac
770 1569 919 1626 dicat
950 1584 967 1624 :
996 1567 1113 1623 Non
1143 1581 1264 1621 sum
1295 1580 1396 1634 ego
1426 1579 1457 1618 a
1486 1562 1861 1619 misericordia
1895 1561 2028 1616 alie-

450 1680 573 1725 nus,
604 1659 1061 1733 quemadmodum
1127 1656 1376 1712 Christus
1427 1656 1610 1708 dixit:
1649 1653 1896 1723 Quisquis
1949 1667 2029 1705 me

2140 474 2478 545 διομολογεῖν
2508 479 2569 525 ἐκ
2595 476 2694 542 τῆς
2728 472 3006 542 Παρθένου
3040 471 3328 540 προελθεῖν
3354 474 3448 524 τὸν
3476 472 3739 545 Χριστὸν,

2143 566 2365 620 ἐπειδὰν
2388 567 2524 628 ὅλως
2552 563 3097 632 συναναγκασθῶσιν,
3124 563 3332 615 ἄνωθεν
3362 564 3463 627 μὲν
3488 566 3548 617 τὸ
3577 565 3742 635 σῶμα

2145 658 2606 725 συγκατενεγκεῖν
2630 656 2792 708 αὑτὸν
2815 653 3255 725 τερατολογοῦσι,
3282 654 3351 707 δι’
3375 655 3545 725 αὐτῆς
3575 656 3634 709 δὲ
3662 657 3742 721 ὡς

2140 742 2231 797 διὰ
2270 742 2508 814 σωλῆνος
2547 742 2960 812 διεληλυθέναι,
2996 744 3095 795 καὶ
3126 742 3335 812 ταύτην
3370 744 3468 815 τὴν
3501 745 3738 799 ἄσπιλον

2142 836 2238 891 καὶ
2265 837 2515 907 καθαρὰν
2542 834 2818 907 Παρθένον
2846 837 2987 907 μετά
3009 836 3100 891 τδν
3127 839 3400 907 σωτήριον
3426 839 3587 892 τόκον
3614 840 3739 892 ἑτέ-

2144 943 2271 998 ρους
2315 927 2468 990 υἱοὺς
2506 928 2572 980 ἐκ
2609 926 2704 980 τοῦ
2744 928 2947 998 Ἰωσὴφ
2992 928 3411 1000 παιδοποιῆσαι.
3456 930 3740 994 Ὡσαύτως

2142 1017 2241 1072 καὶ
2269 1017 2371 1089 τὴν
2406 1019 2693 1072 κοινωνίαν
2726 1018 2820 1072 τοῦ
2856 1018 3044 1087 τιμίου
3081 1019 3337 1088 σώματος
3372 1022 3467 1073 καὶ
3499 1022 3739 1091 αἵματος

2141 1109 2383 1181 Χριστοῦ
2416 1110 2510 1164 τοῦ
2543 1112 2679 1164 Θεοῦ
2711 1111 2873 1182 ἡμῶν
2908 1114 3136 1182 μυρίαις
3170 1112 3363 1183 ὕϐρεσι
3399 1114 3697 1176 πλύνοντες
3720 1153 3736 1177 ,

2140 1201 2504 1272 ἀποδέχεσθαί
2545 1221 2680 1273 φασι
2725 1204 2888 1275 σῶμα
2930 1206 3022 1259 καὶ
3064 1199 3206 1273 αἷμα
3243 1205 3739 1275 τερατολογοῦντες

2139 1292 2210 1344 τὰ
2242 1292 2539 1346 δεσποτικὰ
2572 1296 2796 1365 ῥήματα
2817 1338 2829 1357 ,
2864 1293 2901 1348 ἃ
2933 1295 3025 1348 καί
3056 1312 3190 1364 φασι
3229 1295 3584 1364 μεταδιδόντα
3618 1300 3736 1360 τοῖς

2141 1383 2467 1447 ἀποστόλοις
2524 1386 2739 1438 εἰπεῖν’
2785 1385 3028 1451 Λάϐετε,
3088 1387 3329 1457 φάγετε,
3383 1389 3484 1442 καί
3532 1391 3735 1442 πίστε-

2141 1474 2256 1527 ἀλλ⁹
2274 1476 2376 1529 οὐκ
2400 1477 2564 1547 ἄρτον
2589 1477 2755 1531 ποθὲν
2772 1519 2786 1544 ,
2812 1479 2844 1548 ἢ
2868 1474 3013 1531 οἶνον
3038 1482 3485 1550 προσαγαγόντα.
3514 1482 3622 1534 Καὶ
3645 1481 3740 1532 τὸν

2142 1566 2408 1632 ζωοποιδν
2455 1569 2513 1622 δὲ
2569 1571 2802 1641 σταυρὸν
2850 1570 3306 1640 δυσφημοῦντες,
3359 1572 3523 1639 φασὶν
3569 1572 3740 1625 αὐτὸν

2139 1663 2474 1731 προσκυνεῖν
2493 1702 2508 1727 ,
2537 1662 2631 1715 καὶ
2659 1662 3022 1732 ἀποδέχεσθαι
3051 1663 3287 1734 σταυρὸν
3305 1704 3320 1727 ,
3347 1664 3396 1715 οί
3423 1662 3616 1717 πλάνοι
3641 1665 3739 1715 καὶ

444 1757 707 1829 negaverit
736 1770 916 1808 coram
945 1750 1264 1814 hominibus,
1310 1750 1508 1819 negabo
1537 1748 1707 1816 ipsunt
1757 1758 1806 1800 et
1853 1761 1947 1814 ego
1992 1743 2030 1799 ί.

2141 1753 2371 1821 γόητες,
2405 1753 2567 1805 αὐτὸν
2600 1752 3036 1815 ἀναπλάττοντες
3066 1755 3158 1806 τὸν
3186 1754 3449 1824 Χριστόν.
3483 1754 3594 1807 Καὶ
3624 1755 3738 1825 γὰρ

449 1850 555 1906 Sed
615 1864 713 1919 ego
741 1849 866 1903 dico
904 1856 921 1901 :
960 1844 1221 1914 Quisquis
1269 1857 1355 1897 me
1386 1841 1690 1911 negaverit,
1727 1854 1849 1894 eum
1907 1853 2029 1893 cum

445 1944 645 2013 gaudio
678 1941 994 2012 suscipiam,
1025 1947 1080 1993 et
1108 1934 1445 2006 negationem
1483 1936 1653 2002 ipsius
1679 1942 1844 2001 atque
1872 1945 2025 1985 meu-

447 2032 660 2088 dacium
689 2040 944 2100 tanquam
970 2024 1269 2082 custodiam
1299 2034 1354 2078 et
1381 2023 1829 2081 observationem
1893 2034 2031 2075 mete

444 2121 806 2193 professionis
855 2117 1199 2174 existimabo.
1258 2113 1624 2182 Quamobrem
1688 2129 1809 2167 cum
1866 2111 1942 2166 ita
1974 2126 2032 2166 se

448 2225 668 2287 gerant,
696 2212 1010 2281 milliesque
1042 2226 1197 2266 suam
1232 2210 1476 2281 ipsorum
1524 2208 1682 2261 iidem
1734 2206 2029 2275 abnegent,

446 2308 670 2365 Petrum
707 2316 911 2370 tamen,
945 2305 1034 2375 qui
1066 2303 1253 2358 multis
1289 2302 1478 2357 eodem
1550 2310 1796 2370 tempore
1853 2308 2021 2352 terro-

448 2416 563 2457 rem
600 2395 972 2464 merentibus,
1008 2396 1310 2451 humanum
1338 2393 1522 2449 nescio
1554 2393 1681 2462 quid
1713 2404 2028 2462 perpessus,

446 2494 502 2549 in
525 2490 867 2563 negationem
898 2487 1185 2559 prolapsus
1207 2495 1312 2553 est,
1346 2484 1604 2555 rejiciunt
1623 2493 1677 2538 et
1700 2482 2014 2551 repudiarit,

447 2594 616 2658 atque
643 2594 986 2647 aversantur,
1012 2596 1118 2636 non
1145 2594 1266 2636 eam
1296 2578 1366 2634 ob
1398 2593 1619 2634 causam
1655 2591 1818 2646 quam
1858 2576 2031 2629 simu-

447 2679 583 2744 lant,
618 2676 713 2734 σού
736 2675 805 2731 ob
834 2689 955 2731 eam
991 2687 1152 2744 quam
1186 2672 1350 2727 silent
1381 2682 1436 2726 et
1465 2670 1679 2725 celant:
1710 2669 1836 2737 quia
1872 2667 2034 2720 nimi-

446 2787 570 2828 rum
604 2771 670 2825 de
697 2770 937 2839 ipsorum
964 2766 1269 2822 deiectione
1305 2773 1432 2819 ante
1458 2761 1672 2817 locutus
1704 2768 1787 2816 est
1816 2778 1830 2814 :
1868 2759 2034 2814 Sata-

448 2866 575 2938 gite,
607 2864 803 2933 inquit,
853 2858 1185 2914 immaculati
1216 2868 1262 2912 et
1296 2854 1778 2925 irreprehensibiles
1806 2852 1854 2906 ei
1886 2854 2030 2905 iuve-

449 2958 555 3012 niri
579 2957 631 3009 in
662 2968 830 3025 pace;
860 2961 909 3006 et
950 2951 1165 3006 Domini
1203 2949 1370 3003 nostri
1427 2945 1879 3017 longanimitatem
1945 2960 2034 2996 sa—

2139 1843 2306 1907 αύτδς
2330 1882 2345 1908 ,
2385 1844 2591 1913 φασὶν,
2629 1846 2709 1906 είς
2749 1845 2989 1914 σταυροῦ
3030 1846 3219 1916 σχῆμα
3252 1845 3351 1908 τὰς
3386 1850 3577 1917 χεῖρας
3609 1847 3738 1917 ὲξή·

2138 1935 2346 1990 πλωσε.
2381 1936 2486 1990 Τδν
2517 1935 2737 2005 ἀληθῶς
2768 1935 2824 1989 δὲ
2861 1938 3117 2006 σταυρὸν,
3154 1936 3251 1990 ἆτε
3283 1937 3347 2008 δὴ
3380 1938 3536 2003 ξύλον
3566 1943 3733 2007 φασὶ,

2134 2028 2235 2084 καὶ
2282 2028 2607 2098 κακούργων
2636 2029 2887 2099 ὄργανον,
2915 2030 3008 2083 καὶ
3046 2031 3151 2083 ὑπὸ
3185 2031 3326 2100 ἀρὰν
3359 2034 3635 2099 κείμενον,
3666 2034 3733 2084 οὐ

2132 2116 2215 2169 δεῖ
2244 2120 2571 2183 προσκυνεῖν
2599 2119 2693 2170 καὶ
2749 2118 3116 2183 ἀσπάζεσθαι.
3152 2121 3317 2173 Ἀλλὰ
3344 2124 3440 2175 καὶ
3467 2125 3579 2194 γὰρ
3604 2127 3736 2185 τοὺς

2138 2209 2318 2277 ἱεροὺς
2350 2208 2645 2278 προφήτας
2665 2247 2681 2273 ,
2715 2210 2809 2262 καὶ
2841 2211 3025 2264 πᾶσαν
3054 2211 3152 2282 τὴν
3182 2212 3424 2267 παλαιὰν
3458 2214 3688 2286 Γραφὴν
3712 2258 3728 2281 ,

2136 2300 2233 2351 καὶ
2262 2300 2387 2362 τοὺς
2418 2298 2615 2363 ἄλλους
2649 2301 3091 2372 ἀποστρέφονται
3120 2306 3315 2372 ἁγίους
3335 2344 3351 2369 ,
3382 2304 3589 2377 λῃστὰς
3624 2310 3731 2358 αύ-

2135 2391 2262 2455 τοὺς
2303 2392 2397 2445 καὶ
2442 2393 2689 2455 κλέπτας
2735 2395 3167 2459 ἀποκαλοῦντες.
3210 2396 3466 2451 Μάλιστα
3507 2398 3566 2450 δὲ
3616 2397 3729 2450 τῶν

2134 2483 2449 2537 ἀποστόλων
2483 2485 2575 2539 τὸν
2611 2489 2911 2557 κορυφαῖον
2951 2487 3156 2557 Πέτρον
3188 2487 3606 2560 δυσφημοῦσιν,
3642 2490 3731 2541 ὅτι

2136 2577 2360 2645 γέγονεν
2392 2576 2616 2646 ἑξαρνσς
2646 2579 2744 2649 τῆς
2775 2580 2855 2642 είς
2885 2579 2977 2633 τόν
3006 2580 3330 2634 διδάσκαλον
3363 2582 3459 2635 καὶ
3486 2582 3729 2652 Χριστὸν

2138 2670 2398 2733 πίστεως,
2433 2671 2613 2723 καίτοι
2644 2688 2707 2740 γε
2737 2672 2833 2724 τοῦ
2863 2672 3196 2727 διδασκάλου
3227 2675 3411 2727 αὐτῶν
3439 2676 3726 2738 Μάνεντος

2132 2758 2470 2829 διαπρυσίως
2501 2760 2687 2823 αὐτοῖς
2718 2762 3049 2831 ἐμϐοῶντος,
3081 2766 3176 2816 καὶ
3209 2765 3461 2833 λέγοντος
3491 2766 3568 2829 ὡς
3601 2767 3721 2820 Οὐκ

2135 2852 2252 2921 εἰμὶ
2285 2852 2394 2919 ἐγὼ
2430 2851 2801 2922 ἄσπλαγχνος,
2836 2853 2913 2917 ὡς
2948 2857 2975 2907 ό
3013 2855 3268 2925 Χριστὸς,
3304 2859 3333 2910 ὁ
3368 2856 3561 2923 εἰπὼν,
3584 2858 3735 2911 Ὄσ-

2137 2959 2227 3008 τις
2251 2959 2329 3011 με
2359 2941 2701 3012 ἀρνήσηται
2732 2932 3219 3014 ἔμπροσθεν’τῶν
3243 2946 3589 3016 ἀνθρώπων,
3622 2949 3734 3017 ἁρ-

449 3052 610 3104 tutem
650 3045 1014 3109 arbitramini,
1048 3045 1183 3097 sicut
1214 3052 1260 3094 et
1294 3040 1635 3095 charissimus
1664 3040 1828 3109 frater
1859 3045 2030 3090 noster

2139 3034 2396 3105 νήσομαι
2426 3037 2616 3089 αὑτὸν
2646 3036 2829 3107 κάγώ.
2872 3037 3014 3089 Ἀλλ’
3040 3038 3153 3107 ἐγὼ
3169 3039 3334 3108 λέγω,
3359 3040 3464 3095 Τδν
3480 3042 3730 3113 ἀρνησά-

448 3139 651 3195 Paulus
696 3136 982 3192 secundum
1041 3135 1222 3187 datam
1292 3131 1397 3186 sibi
1450 3132 1767 3199 sapientiam
1822 3130 2028 3199 scripsit

456 3232 620 3297 vobis,
643 3230 781 3284 sicut
802 3237 852 3283 et
879 3229 936 3282 in
963 3226 1204 3281 omnibus
1225 3222 1458 3294 epistolis
1492 3223 1706 3291 loquens
1736 3222 1790 3275 in
1854 3223 1928 3273 eis
1978 3229 2027 3272 et

448 3325 512 3379 de
535 3324 636 3388 Itis,
666 3322 722 3376 in
753 3319 942 3392 quibus
986 3326 1112 3373 sunt
1166 3318 1410 3387 qtttedam
1456 3314 1688 3387 di/ficiiia
1734 3312 2026 3376 intellectu,

448 3413 783 3490 quwindocti
807 3420 856 3466 et
878 3409 1153 3464 instabiles
1175 3407 1482 3477 depravant,
1513 3406 1648 3459 sicut
1698 3414 1748 3459 et
1813 3416 2030 3460 crateras

454 3508 759 3577 Scriptaras
816 3504 885 3559 ad
942 3519 1095 3558 suam
1134 3504 1366 3570 ipsorum
1425 3500 1775 3569 perditionem
1807 3497 1851 3553 ⁸.
1908 3496 2032 3550 llaec

451 3602 597 3657 enim
629 3597 888 3671 principis
917 3596 1285 3666 apostolorum
1310 3592 1532 3648 oracula
1566 3591 1830 3648 adversus
1890 3593 2024 3646 isto-

454 3712 572 3751 rum
600 3673 881 3748 audaciam
909 3699 965 3746 et
994 3691 1323 3760 impietatem
1351 3687 1608 3757 praedicta
1634 3695 1777 3751 sunt,
1802 3684 1890 3753 qui
1924 3693 2031 3737 tam

452 3785 667 3844 Domini
721 3781 910 3849 verba,
944 3796 1104 3850 quam
1161 3766 1557 3849 apostolorum,
1591 3786 1645 3830 et
1689 3776 1826 3830 alias
1885 3775 2033 3830 Scri-

448 3892 658 3953 pturas,
682 3888 743 3932 ut
773 3875 907 3930 Acta
938 3873 1335 3944 apostolorum,
1358 3879 1412 3925 et
1459 3885 1597 3942 quas
1645 3883 1901 3924 vocamus
1939 3882 2032 3921 ca-

452 3970 683 4025 tholicas
711 3966 1000 4037 Epistolas,
1043 3964 1283 4035 exceptis
1342 3962 1448 4018 illis
1506 3976 1626 4031 qua:
1680 3969 1807 4017 sunt
1862 3957 2032 4026 Petri,

452 4078 588 4134 quas
617 4074 684 4115 ne
715 4058 879 4115 verbo
916 4058 1157 4129 quidem,
1191 4066 1249 4108 ut
1284 4054 1547 4121 diximus,
1611 4053 1913 4121 accipiunt,
1959 4053 2028 4107 ad

453 4155 727 4225 preprium
760 4166 999 4221 Ipsorum
1031 4149 1309 4204 interitum
1361 4146 1679 4215 depravant.
1713 4144 2033 4212 Quanquam

453 4254 509 4300 et
534 4246 666 4298 Acta
696 4242 1060 4311 apostolorum
1096 4250 1150 4295 et
1168 4240 1408 4309 reliquas
1436 4238 1734 4297 catholicas
1757 4253 1863 4292 non
1919 4252 2037 4291 om-

456 4352 555 4391 nes
590 4333 876 4402 recipiunt,
945 4331 1166 4402 quidam
1226 4340 1406 4384 tamen
1466 4344 1528 4384 ea
1589 4332 1882 4398 recipiunt.
1941 4330 2035 4385 sed

2142 3126 2305 3197 μενόν
2335 3143 2403 3197 με
2436 3128 2577 3196 μετὰ
2607 3130 2786 3197 χαρᾶς
2819 3128 3217 3200 προσδέχομαι,
3247 3133 3343 3185 καὶ
3369 3131 3467 3203 τὴν
3496 3135 3732 3204 ἄρνησιν

2137 3217 2305 3271 αὐτοῦ
2327 3258 2341 3283 ,
2379 3220 2473 3272 καὶ
2505 3219 2565 3271 τὸ
2595 3218 2792 3289 ψεῦδος
2813 3260 2827 3284 ,
2863 3221 2939 3284 ὡς
2974 3222 3229 3293 φυλακὴν
3263 3224 3358 3278 καὶ
3393 3228 3731 3297 συντήρησιν

2138 3314 2239 3376 τῆς
2272 3312 2413 3381 ἐμῆς
2443 3311 2742 3383 ὁμολογίας
2771 3314 3074 3385 ἡγήσομαι.
3104 3317 3246 3369 Ἀλλ’
3268 3314 3363 3371 οὖν
3387 3318 3557 3382 οὕτως
3586 3319 3733 3389 ἕχον-

2138 3421 2257 3469 τες,
2295 3410 2388 3459 καὶ
2426 3408 2693 3476 μυριάκις
2728 3407 2826 3479 τὴν
2862 3409 3075 3463 ἑαυτῶν
3109 3408 3504 3482 ἐξαρνούμενοι
3544 3414 3732 3468 πίστιν

2138 3500 2296 3553 αὐτοὶ
2323 3500 2417 3552 τὸν
2448 3500 2587 3569 πρὸς
2623 3501 2799 3572 βραχύ
2832 3519 2887 3555 τι
2920 3503 3194 3557 τοσούτων
3226 3506 3407 3574 φόϐων
3441 3523 3733 3577 περιεστη-

2140 3591 2314 3642 κότων
2340 3588 2688 3661 ἀνθρώπινόν
2720 3608 2767 3644 τι
2799 3592 3045 3647 παθόντα
3076 3595 3305 3665 Πέτρον,
3338 3600 3431 3649 καὶ
3461 3598 3599 3667 πρὸς
3634 3599 3733 3669 ἄρ-

2139 3700 2298 3754 νησιν
2331 3683 2773 3756 ὑπολισθήσαντα
2807 3686 3117 3754 ἀπόϐλητον
3147 3690 3436 3753 παντελῶς
3470 3692 3568 3744 καὶ
3598 3693 3734 3744 ἀπο·

2139 3780 2403 3850 τρόπαιον
2443 3778 2708 3848 τίθενται,
2750 3780 2812 3832 ού
2865 3780 2932 3833 δι’
2964 3780 2992 3834 δ
3042 3783 3505 3851 προφασίζονται,
3551 3784 3669 3837 ἀλλ’
3698 3784 3730 3838 δ

2143 3870 2341 3940 σιγῶσι
2372 3872 2467 3926 καὶ
2494 3871 2982 3942 ἀποκρύπτονται·
3038 3874 3177 3928 διότι
3210 3877 3341 3947 περὶ
3367 3878 3466 3948 τῆς
3494 3879 3733 3930 ἀποστα-
3818 3854 3823 3859 ⁸

2144 3963 2266 4028 σίας
2323 3966 2507 4020 αὐτῶν
2564 3968 2988 4038 προανεκήρυξε
3044 3969 3222 4036 λέγων
3252 3985 3269 4001 ο
3332 3970 3732 4026 Σπουδάσατε

2142 4056 2393 4112 ἄσπιλοι
2424 4058 2524 4112 καὶ
2559 4058 2786 4128 ἄμωμοι
2820 4059 2982 4125 αὐτῷ
3013 4061 3335 4129 εὑρεθῆναι
3375 4063 3447 4116 ἐν
3477 4063 3687 4132 εἰρήνῃ
3710 4105 3727 4128 ,

2143 4148 2242 4202 καὶ
2268 4150 2382 4218 τὴν
2407 4150 2513 4204 τοῦ
2543 4152 2764 4219 Κυρίου
2791 4151 2963 4222 ἡμῶν
2980 4158 3401 4223 μακροθυμίαν
3425 4158 3735 4223 σωτηρίαν

2144 4239 2412 4311 ἡγεῖσθε.
2456 4240 2652 4307 καθὼς
2695 4242 2797 4296 καὶ
2842 4246 2874 4298 ὁ
2920 4244 3232 4315 ἀγαπητὸς
3273 4246 3443 4317 ἡμῶν
3485 4248 3732 4315 Παῦλος

2146 4332 2294 4387 κατὰ
2327 4333 2443 4401 τὴν
2477 4333 2761 4389 δοθεῖσαν
2794 4337 2957 4401 αὐτῷ
3002 4339 3231 4406 σοφίαν
3263 4339 3531 4408 ἔγραψεν
3562 4339 3728 4408 ὑμῖν,

454 4442 645 4482 omnes
676 4440 784 4479 uno
818 4437 1091 4479 consensu
1129 4420 1384 4491 rejiciunt
1412 4419 1730 4491 prophetas,
1768 4432 1822 4476 et
1867 4420 2030 4477 Vetus

2145 4425 2246 4481 καὶ
2280 4426 2350 4479 ἐν
2383 4425 2610 4493 πάσαις
2642 4426 2772 4494 ταῖς
2810 4427 3162 4496 ἐπιστολαῖς
3196 4427 3382 4487 αὐτοῦ
3419 4432 3626 4486 λαλῶν
3658 4434 3733 4486 ἐν

454 4514 889 4582 Testamentum,
930 4526 985 4573 et
1031 4516 1313 4571 universos
1357 4524 1595 4581 sanctos,
1648 4513 1734 4581 qui
1801 4514 1853 4568 in
1923 4514 2036 4584 ipso

453 4613 660 4669 fuerint
689 4612 952 4678 illustres,
980 4618 1035 4665 et
1086 4608 1387 4679 principem
1458 4606 1855 4676 apostolorum.
1899 4607 2041 4662 Con-

450 4723 639 4764 sessns
664 4720 790 4762 suos
835 4702 1155 4759 catholicam
1211 4701 1486 4772 appellant
1544 4699 1866 4764 Ecciesiam,
1903 4715 2042 4770 pra:-

455 4805 643 4854 st-rtim
670 4814 792 4853 cum
822 4798 888 4851 ad
919 4795 1254 4868 precandum
1307 4801 1362 4847 et
1390 4794 1456 4845 ad
1487 4792 1574 4854 ea,
1619 4808 1740 4861 qua:
1778 4795 1845 4846 ad
1916 4793 2041 4846 reii-

455 4899 667 4967 gionem
715 4894 1008 4964 pertinent,
1061 4892 1385 4961 inquirenda
1418 4900 1860 4961 congregantur;
1922 4905 2043 4958 pre-

459 4988 700 5045 catoincs
729 4985 872 5040 enim
910 4999 1037 5039 suas
1064 4997 1354 5038 consessus
1423 4989 1637 5036 vocant.
1674 4981 1817 5048 Quin
1874 4983 2040 5035 etiam

457 5099 577 5137 cum
606 5076 756 5145 bapti
791 5089 936 5129 mum
968 5082 1364 5140 aspernentur,
1393 5070 1519 5125 illud
1549 5079 1727 5124 tamen
1750 5086 1806 5124 se
1836 5069 2045 5140 ﬁngunt

452 5173 772 5242 suscipere;
808 5182 931 5220 nam
963 5159 1235 5233 Evangelii
1266 5168 1430 5217 verba
1488 5161 1822 5231 baptismum
1856 5163 2044 5217 existi-

456 5275 623 5326 mant,
646 5260 899 5334 quoniam
963 5255 1244 5319 Dominus,
1314 5254 1424 5323 Ego
1477 5269 1617 5319 sum,
1662 5254 1855 5323 inquit,
1898 5272 2034 5323 aqua

456 5363 569 5412 viva
593 5357 633 5419 ξ.
662 5357 917 5408 Attamen
949 5364 1070 5405 cum
1100 5350 1150 5401 in
1183 5347 1487 5417 graviorem
1511 5346 1746 5413 aliquem
1778 5349 2026 5401 morbum

454 5447 779 5513 inciderint,
811 5444 973 5500 etiam
1009 5441 1298 5511 pretiosam
1337 5454 1399 5491 ac
1454 5436 1747 5491 salutarem
1815 5455 2029 5494 crucem

452 5555 517 5594 ex
547 5542 695 5611 ligno
730 5538 1031 5595 coniectam
1059 5534 1163 5589 sibi
1194 5531 1325 5603 ipsis
1365 5531 1671 5599 imponunt.
1718 5530 1915 5587 Deinde
1982 5536 2027 5589 si

2141 4519 2351 4586 αὐταῖς
2380 4520 2512 4588 περὶ
2547 4521 2795 4585 τούτων,
2827 4520 2897 4574 ἐν
2925 4517 3016 4587 οἷς
3045 4524 3179 4576 ἐστι
3210 4523 3523 4591 δυσνόητά
3554 4542 3688 4577 τινα
3712 4565 3728 4589 ,

2137 4614 2175 4668 ti
2201 4616 2255 4667 οι
2284 4612 2523 4683 ἀμαθεῖς
2558 4613 2657 4666 καὶ
2684 4614 3039 4682 ἀστήρικτιί
3065 4616 3490 4683 στρεϐλοῦσιν,
3519 4617 3601 4682 ὠς
3628 4618 3727 4669 καὶ

2138 4705 2246 4768 τὰς
2279 4704 2499 4769 λοιπὰς
2518 4705 2767 4772 Γραφὰς
2801 4709 2952 4772 πρὸς
2987 4705 3102 4775 τὴν
3135 4706 3300 4759 ἰδίαν
3331 4706 3529 4760 αὐτῶν
3562 4707 3729 4760 ἀπώ-

2138 4800 2330 4850 λειαν.
2362 4797 2443 4848 Τὰ
2478 4797 2583 4866 γὰρ
2612 4798 2707 4849 τοῦ
2739 4799 3044 4867 κορυφαίου
3075 4797 3249 4851 ταῦτα
3277 4799 3433 4867 λόγια
3464 4802 3731 4871 ἄντικρυς

2138 4889 2238 4959 τὴν
2281 4888 2457 4942 αὐτῶν
2507 4889 2988 4961 προανακηρύττει
3033 4892 3238 4960 τόλμαν
3284 4908 3341 4943 τε
3389 4891 3486 4944 καὶ
3534 4893 3732 4946 δυσσέο

2140 4983 2316 5049 ϐειαν,
2345 4982 2394 5035 οἳ
2422 4974 2563 5035 αὑτά
2587 4999 2646 5034 τε
2674 4983 2742 5035 τὰ
2773 4982 3031 5053 Κυριακὰ
3062 4982 3243 5050 λόγια,
3276 4984 3375 5036 καὶ
3401 4984 3466 5036 τὰ
3494 4987 3732 5038 ἀποστο-

2138 5075 2287 5140 λικὰ,
2321 5076 2417 5127 καὶ
2448 5075 2545 5136 τὰς
2582 5073 2748 5136 ἄλλας
2786 5075 3043 5143 Γραφὰς,
3078 5075 3227 5143 φημὶ
3259 5074 3324 5144 δὴ
3354 5076 3451 5138 τάς
3482 5092 3539 5128 τε
3580 5076 3729 5144 Πρά-

2137 5168 2250 5234 ξεις
2280 5167 2390 5220 τῶν
2420 5167 2763 5230 ἀποστόλων,
2796 5168 2888 5220 καὶ
2919 5167 3018 5229 τὰς
3053 5165 3367 5229 Καθολικάς
3400 5166 3724 5235 λεγομένας,

2140 5259 2283 5327 πλὴν
2326 5258 2432 5311 τῶν
2460 5258 2891 5327 ἀναφερομένων
2931 5257 3009 5320 εἰς
3035 5256 3124 5309 τὸν
3152 5260 3479 5328 κορυφαῖον,
3508 5257 3727 5321 ὲκείνας

2142 5350 2248 5418 γὰρ
2284 5350 2407 5401 οὐδὲ
2440 5352 2547 5411 τοῖς
2588 5352 2800 5420 ρἡασι
2839 5348 3248 5420 παραδέχονται
3275 5390 3290 5415 ,
3329 5350 3687 5420 στρεόλοῦσιν
3709 5390 3724 5413 ,

2140 5446 2214 5506 ὡς
2251 5443 2505 5514 εἴρηται,
2539 5445 2633 5493 καὶ
2670 5442 3067 5512 διαστρέφουσι
3101 5447 3241 5514 πρὸς
3274 5445 3369 5514 τὴν
3403 5444 3537 5496 ἰδίαν
3570 5442 3727 5496 ἀπώ-

2140 5535 2312 5587 λειαν.
2348 5535 2455 5586 Καὶ
2484 5533 2581 5597 τὰς
2620 5532 2855 5603 Πρὰξεις
2889 5532 2947 5586 δὲ
2979 5534 3089 5590 τῶν
3117 5537 3470 5605 ἀποστόλων,
3503 5538 3596 5591 καὶ
3626 5537 3726 5599 τὰς

524 5716 538 5747 ¹
582 5716 831 5785 Μειιιιωι,
858 5717 947 5772 53.
1024 5717 1045 5748 '
1087 5715 1299 5774 llPetr.
1339 5733 1420 5782 ιιι,
1458 5718 1640 5774 14-16.
1722 5717 1922 5775 ’Jonn.
1957 5733 2030 5785 Iv,

2143 5738 2158 5785 ;
2203 5736 2298 5783 vn,
2337 5720 2425 5775 38.
