4132 6428
447 299 587 368 1197

1381 299 1763 362 PANOPLIA
1805 299 2270 361 DOGMATICA.
2303 325 2371 334 -·
2411 303 2558 362 Tl'l'.
2608 303 2811 364 XXIV.

3575 305 3709 372 ll98

445 417 764 480 Καθολικά-ς
798 416 857 470 οὐ
893 415 1095 479 πάντες
1132 415 1314 469 αὐτῶν
1349 415 1756 486 συναρμόζουσι
1790 418 1900 475 τοῖς
1939 414 2022 468 ἄλη

2140 415 2544 478 convaluerint,
2573 431 2691 470 eam
2725 416 3088 485 perfringunt,
3143 429 3234 473 aut
3290 421 3612 477 coneulcant
3661 439 3715 481 et

443 513 576 576 λοις,
621 509 730 563 eici.
770 510 828 562 δὲ
871 508 920 561 οἳ
967 509 1062 562 καὶ
1108 507 1514 561 συντάττουσιν.
1551 508 1715 560 Ἀλλὰ
1762 512 1888 577 περὶ
1937 505 2034 576 μὲν

437 605 550 657 τῶν
582 600 902 673 προφητῶν,
939 601 1033 653 καὶ
1061 600 1160 668 τῆς
1192 601 1433 662 παλαιᾶς
1469 600 1772 669 Διαθήκης,
1803 599 1897 651 καὶ
1924 598 2033 651 τῶν

438 696 560 749 κατ’
585 693 758 763 αὐτὴν
787 691 995 745 λοιπῶν
1025 692 1194 760 ἁγίων
1222 691 1670 760 διαλαμψάντων,
1702 692 1794 743 καὶ
1821 690 2034 754 τοῦ,κο-

442 788 676 861 ρυεραίου
707 785 817 838 τῶν
849 783 1168 838 ἀποστόλων
1201 784 1347 836 οὕτω
1379 786 1658 853 μεμήνασι
1682 799 1695 812 ·
1731 783 2032 853 καθολικὴν

434 879 493 931 δὲ
524 876 854 947 Ἐκκλησίαν
897 875 965 926 τά
1010 874 1224 927 ἑαυτῶν
1268 875 1494 928 καλοῦσι
1545 874 1825 944 συνέδρια,
1870 875 2032 944 ἡνίκα

437 970 678 1041 μάλιστα
715 968 850 1036 πρὸς
881 968 1009 1030 τοὺς
1045 967 1294 1029 εὐσεϐεῖς
1326 966 1522 1034 λόγους
1568 967 1663 1019 καὶ
1695 967 2032 1036 συζητήσεις

433 1061 667 1116 κινοῦσι.
704 1060 845 1114 Καθ’
871 1061 1102 1123 ἑαυτοὺς
1141 1063 1247 1129 γὰρ
1288 1058 1599 1129 προσευχάς
1636 1058 1899 1111 καλοῦσιν
1932 1059 2030 1109 αύ-

429 1153 536 1206 τῶν
563 1153 632 1206 τά
667 1151 944 1222 συνέδρια.
975 1151 1050 1203 υὺ
1089 1151 1197 1220 μὴν
1229 1149 1366 1202 ἀλλά
1399 1151 1496 1201 καὶ
1526 1150 1586 1200 τὸ
1619 1152 1888 1218 σωτήριον
1913 1148 2029 1200 δια-

430 1245 695 1308 πτύοντες
748 1244 1067 1314 βάπτισμα,
1119 1242 1564 1297 ὁποπλάττονται
1615 1241 2027 1311 παραδέχεσθαι

429 1339 599 1401 αὐτὸ,
633 1338 701 1390 τά
735 1336 828 1390 τοῦ
869 1336 1209 1404 Εὑαγγελίου
1251 1336 1474 1405 ῥήματα
1511 1334 1800 1404 βάπτισμα
1833 1334 2022 1386 νοοῦν-

427 1449 541 1494 τες.
592 1432 700 1484 Καὶ
743 1431 878 1501 γὰρ,
925 1431 1114 1498 φασιν,
1159 1432 1185 1482 ὁ
1229 1430 1433 1498 Κύριος
1463 1427 1600 1498 ἔφη·
1633 1425 1780 1494 Ἐγώ
1819 1430 1934 1497 εἰμι
1961 1426 2027 1478 τὸ

426 1522 586 1588 ὕδωρ
613 1521 680 1574 τὸ
711 1519 843 1580 ζῶν.
878 1521 1025 1588 Πλὴν
1057 1517 1282 1570 ἐπειδὰν
1316 1516 1665 1587 σφοδροτέρῳ
1698 1515 1804 1566 τινὶ
1837 1531 2028 1582 σωμα-

425 1615 566 1684 τικῷ
596 1617 868 1682 νοσήματι
898 1611 1266 1680 περιπέσωσι,
1301 1597 1518 1661 καὶτὸν
1548 1607 1733 1674 τίμιον
1764 1605 1861 1658 καὶ
1893 1604 2026 1669 ζωι-

425 1707 582 1760 ποιὸν
612 1705 844 1779 σταυρὸν
870 1704 960 1755 τον
985 1705 1048 1755 ὲκ
1077 1700 1172 1754 τοῦ
1209 1700 1369 1765 ξύλου
1404 1700 1783 1770 πεποιημένον
1812 1700 2026 1761 ἑαυτοῖς

2142 504 2421 572 abjiciunt.
2461 508 2686 562 Liberos
2719 509 2882 562 etiam
2923 525 3053 564 suos
3087 511 3157 565 ab
3193 511 3446 567 Ecclesiae
3499 517 3720 587 presby~
3757 521 3776 561 I

2140 600 2272 652 teris
2308 600 2530 654 salutari
2563 602 2836 669 baptismo
2876 603 3062 656 volunt
3110 604 3403 672 aliquando
3449 606 3670 662 lustrari
3706 625 3723 665 :

2137 693 2453 746 existimant
2514 697 2656 748 enim
2729 711 2947 747 erucem
3010 707 3061 750 et
3123 699 3452 766 baptismum
3509 705 3725 767 corpori

2137 785 2395 851 prodesse
2429 785 2672 839 homines
2697 786 2844 839 omni
2878 786 3191 854 adjumento
3253 787 3480 857 indigni.
3517 787 3721 842 Horum

2139 883 2319 926 tamen
2360 873 2462 927 vim
2502 873 2569 927 ad
2599 876 2791 927 animm
2839 878 3214 944 purgationem
3267 881 3551 946 pervenire
3615 895 3722 932 non

2135 975 2351 1032 putant,
2389 982 2486 1018 nec
2521 967 2683 1021 ullam
2717 968 2878 1022 aliaat
2938 969 3141 1024 alferre
3200 971 3510 1025 utilitatem.
3573 971 3725 1026 Nou-

2135 1055 2266 1109 ttulli
2297 1059 2462 1111 etiam
2528 1059 2792 1127 ipsorum,
2845 1075 2950 1130 quo
2999 1062 3364 1132 simpliciores
3426 1063 3722 1134 decipiant,

2134 1147 2356 1216 pretiosi
2385 1151 2628 1217 rorporis
2657 1163 2706 1204 et
2732 1155 3016 1221 sanguinis
3044 1155 3251 1207 Uotnini
3276 1157 3716 1210 communionem

2135 1239 2468 1308 suscipiunt.
2506 1242 2585 1294 Ad
2630 1243 2746 1297 haec
2778 1247 3185 1300 neccatholicte
3246 1245 3514 1302 Ecclesiae
3566 1263 3724 1316 pres-

2133 1328 2374 1399 byteros,
2409 1348 2509 1386 nec
2579 1336 2818 1403 reliquos
2873 1339 3186 1392 sa‘cerdotes
3229 1339 3534 1407 rueipiunt,
3592 1355 3727 1410 quo—

2132 1425 2275 1476 niam
2311 1423 2512 1478 Christi
2561 1441 2878 1480 consessum
2935 1432 3249 1484 sacerdotes
3304 1442 3358 1484 et
3420 1433 3723 1501 presbyteri

2129 1515 2309 1584 populi
2333 1519 2690 1572 constituunt.
2729 1519 2832 1573 Eos
2856 1530 3032 1575 autem
3069 1522 3158 1591 qui
3189 1523 3327 1591 apud
3367 1524 3514 1593 ipsos
3533 1539 3722 1579 sacer-

2128 1607 2315 1662 (lotum
2355 1610 2598 1664 ordinem
2617 1612 2884 1676 obtinent,
2916 1628 3023 1666 non
3048 1615 3384 1678 sacerd0tes,
3410 1626 3503 1669 seu
3532 1617 3721 1672 socios

2127 1710 2183 1756 et
2214 1703 2458 1756 notarios
2489 1713 2705 1757 vocant.
2739 1705 2916 1773 Atque
2951 1707 3001 1759 Iti
3023 1721 3124 1760 nee
3165 1706 3380 1770 habitu,
3415 1722 3517 1761 nee
3554 1709 3724 1774 victu,

424 1773 788 1856 ἐπιτιθέασιν.
825 1800 1060 1851 Ἔπειτα
1102 1795 1472 1864 τυγχάνοντες
1513 1795 1614 1864 τῆς
1662 1793 1862 1854 ἰάσεως
1903 1792 2022 1843 δια-

2132 1807 2230 1846 nec
2260 1791 2363 1847 ulla
2406 1793 2509 1847 alia
2548 1796 2766 1850 ratione
2802 1796 3017 1850 vivendi
3049 1799 3267 1850 modum
3289 1798 3593 1865 graviorem
3633 1812 3726 1852 os-

427 1894 596 1948 θλῶσι
644 1894 860 1955 τοῦτον,
909 1889 941 1961 ἢ
997 1889 1346 1960 συμπατοῦσι
1397 1887 1495 1939 καὶ
1545 1886 2013 1956 ἀπορρίπτουσιν.

437 1983 600 2041 Ἀλλὰ
625 1984 722 2036 καὶ
742 1985 868 2044 τοὺς
897 1979 1097 2042 παῖδας
1123 1978 1304 2031 αὐτῶν
1329 1977 1435 2030 ὑπὸ
1459 1977 1568 2029 τῶν
1590 1977 1690 2046 τῆς
1719 1976 2019 2045 ἐκκλησίας

423 2076 818 2145 πρεσϐυτέρων
859 2072 1124 2134 πολλάκις
1170 2070 1249 2140 τῷ
1293 2069 1552 2138 σωτηρίῳ
1594 2068 1810 2131 ἀξιοῦσι
1856 2086 2022 2136 φωτι-

426 2170 624 2239 σθήναι
673 2168 1037 2239 βαπτίσματι,
1082 2162 1388 2217 λυσιτελεῖν
1427 2161 1507 2232 τῷ
1558 2160 1776 2230 σώματι
1819 2163 1910 2212 τόν
1959 2177 2019 2212 τε

426 2260 660 2331 σταυρὸν
693 2260 786 2311 καὶ
818 2259 878 2310 τὸ
917 2257 1204 2327 βάπτισμα
1238 2255 1288 2305 οἱ
1331 2253 1515 2322 πάσης
1551 2253 1824 2321 ὠφελείας
1863 2251 2019 2319 λογο-

423 2351 706 2413 ποιοῦντες
736 2351 981 2415 ἀνάξιοι,
1017 2347 1093 2418 μὴ
1127 2346 1310 2418 μέντοι
1341 2363 1403 2413 γε
1436 2345 1737 2399 διαϐαίνειν
1765 2345 1864 2414 τὴν
1895 2343 2020 2396 τού-

421 2462 528 2499 των
570 2444 854 2513 ένέργέιαν
903 2444 982 2503 εἰς
1027 2441 1206 2508 ψυχῆς
1260 2438 1554 2507 κάθαρσιν,
1603 2437 1636 2506 ἦ
1685 2454 1806 2489 τινα
1853 2437 2020 2503 ἄλλην

421 2538 626 2607 ταύτην
651 2535 942 2604 ὠφέλειαν.
971 2532 1162 2585 Πολλοὶ⁸
1189 2531 1246 2583 δὲ
1272 2529 1454 2582 αὐτῶν
1485 2531 1576 2581 καὶ
1603 2531 1704 2600 τῆς
1735 2530 2020 2590 κοινωνίας

419 2632 515 2684 τοῦ
547 2631 734 2699 τιμίου
775 2628 1030 2697 σώματος
1071 2626 1166 2678 καὶ
1201 2625 1435 2694 αἵματος
1477 2622 1720 2692 Χριστοῦ
1751 2623 1846 2674 τοῦ
1886 2624 2019 2674 Θεοῦ

421 2722 580 2795 ἡμῶν
623 2721 1111 2794 μεταλαμϐάνουσι
1157 2719 1293 2788 πρὸς
1340 2715 1623 2784 ὲξαπάτην
1664 2716 1773 2766 τῶν
1817 2715 2018 2767 ἁπλου-

421 2821 655 2891 στέρων.
690 2819 817 2871 Ἐπὶ
847 2818 904 2869 δὲ
931 2819 1047 2878 τοῖς
1073 2815 1393 2885 εἰρημένοις
1424 2813 1546 2864 οὐδὲ
1573 2811 1700 2872 τοὺς
1729 2811 1828 2880 τῆς
1858 2808 2020 2862 καθο-

420 2913 579 2982 λικῆς
621 2910 952 2978 Ἐκκλησίας
989 2905 1405 2976 πρεσϐυτέρους
1428 2945 1442 2970 ,
1481 2902 1603 2954 οὐδὲ
1636 2903 1762 2964 τοὺς
1796 2901 2022 2963 λοιποὺς

422 3007 592 3076 ἱερεῖς
636 3002 1032 3073 ὰποδέχονται’
1081 2998 1238 3063 διότι,
1283 2996 1440 3066 φασὶ,
1485 2996 1546 3047 τὸ
1595 2999 1739 3049 κατὰ
1783 2993 2020 3063 Χριστοῦ

2130 1885 2570 1954 tendunt,quoa
2623 1887 2820 1955 populo
2875 1888 3307 1958 distinguantur.
3368 1889 3721 1956 Evangelium

2126 1988 2370 2030 nostrum
2403 1992 2508 2030 non
2538 1977 2786 2031 dubitant
2817 1980 3067 2046 adorare,
3111 1980 3198 2033 ubi
3232 1981 3482 2048 pretiosa:
3539 1981 3722 2034 crucis

2126 2069 2296 2138 figura
2332 2085 2439 2123 non
2479 2081 2562 2124 est
2594 2070 2882 2139 impressa,
2920 2087 3024 2124 non
3097 2080 3278 2126 autem
3335 2074 3388 2126 in
3452 2091 3512 2127 ea
3569 2084 3724 2142 parte

2088 2234 2096 2240 _
2125 2160 2273 2226 libri,
2307 2164 2361 2216 in
2394 2179 2498 2232 qua
2525 2166 2704 2218 crucis
2755 2166 2929 2233 imago
2951 2165 3042 2219 sit.
3083 2164 3282 2220 Dicunt
3311 2177 3493 2220 autem
3552 2184 3610 2220 se
3661 2169 3722 2232 li-

2125 2259 2282 2313 brum
2315 2261 2547 2314 adorare
2579 2269 2835 2329 tanquam
2874 2261 3086 2316 Domini
3125 2277 3408 2318 sermones
3431 2267 3719 2320 continen-

2128 2364 2258 2407 tem.
2294 2353 2473 2421 Atque
2505 2355 2574 2406 ita
2601 2357 2817 2423 quidem
2851 2355 3002 2424 impii
3035 2357 3522 2425 deprehenduntur
3561 2361 3616 2414 in
3649 2362 3717 2413 iis

2125 2463 2244 2516 qttzn
2275 2445 2340 2499 ad
2376 2448 2686 2517 dogmatum
2714 2449 2991 2502 rationem
3015 2450 3309 2516 pertinent,
3331 2459 3389 2503 ut
3424 2461 3478 2505 et
3521 2467 3548 2504 a
3577 2454 3722 2506 veri-

2128 2552 2235 2594 tate
2259 2551 2311 2596 et
2345 2542 2488 2595 inter
2510 2557 2567 2593 se
2594 2540 2814 2594 omnino
2841 2541 3185 2596 dissentiant.
3209 2541 3334 2597 Vita
3372 2559 3554 2598 autem
3583 2548 3726 2614 ipso-

2130 2650 2246 2687 rum
2284 2634 2440 2702 plena
2467 2644 2551 2688 est
2587 2633 3041 2700 intemperantite,
3087 2637 3242 2702 plena
3279 2635 3607 2701 flagitiorum
3668 2645 3724 2690 et

2126 2723 2413 2785 scelerum,
2433 2738 2551 2792 qua:
2574 2738 2670 2776 nec
2704 2723 2809 2776 dici
2831 2735 3080 2792 possunt,
3106 2740 3206 2777 nec
3227 2728 3478 2791 cogitari.
3503 2725 3723 2782 Utrius-

2127 2831 2233 2884 que
2285 2818 2430 2869 enim
2489 2827 2697 2870 natura:
2751 2817 3134 2872 commistione
3193 2820 3311 2872 sine
3359 2819 3468 2874 ullo
3524 2821 3723 2874 rubore

2128 2907 2194 2960 ad
2233 2907 2496 2961 nefariam
2517 2922 2730 2960 omnem
2763 2909 3135 2975 impuritatem
3205 2910 3528 2978 abutuntur,
3583 2911 3722 2966 adeo

2127 3007 2189 3053 ut
2227 3001 2470 3071 ipsorum
2504 3003 2722 3071 quidam
2765 3001 2928 3056 etiam
2960 3017 3083 3056 cum
3121 3004 3387 3057 matribus
3423 3017 3724 3058 consuetu-

424 3099 704 3169 συνέδριον
737 3097 785 3148 οἱ
821 3096 989 3164 ἱερεῖς
1026 3093 1122 3145 καὶ
1157 3090 1523 3162 πρεσϐύτεροι
1557 3087 1652 3140 τοῦ
1688 3085 1822 3139 λαοῦ
1861 3103 2022 3139 συνε-

2127 3092 2309 3146 dinem
2345 3093 2546 3147 habere
2581 3093 2858 3147 dicantur.
2895 3092 3157 3147 Ebrietati
3193 3102 3246 3148 et
3275 3095 3504 3149 luxui-ite
3555 3104 3722 3150 totam

421 3191 712 3260 στήσαντο.
739 3189 877 3250 Τοὺς
907 3186 1092 3258 μέντοι
1120 3183 1252 3252 παρ’
1277 3183 1461 3244 αὐτοῖς
1495 3181 1687 3250 ἱερέων
1717 3179 1870 3243 τάξιν
1896 3182 2023 3231 ἐπέ-

419 3297 616 3353 χοντας
648 3281 746 3349 οὐχ
779 3281 948 3349 ἱερεῖς
971 3318 984 3342 ,
1019 3277 1157 3329 ἀλλά
1191 3276 1570 3343 συνεκδήμους
1601 3273 1697 3325 καὶ
1731 3271 2023 3342 νοταρίους

419 3374 873 3444 ἐπονομάζουσιν.
910 3367 1069 3425 Οὗτοι
1099 3369 1156 3421 δὲ
1189 3367 1312 3420 οὕτε
1351 3369 1622 3435 σχήματι,
1654 3363 1781 3417 οὗτε
1814 3366 2022 3434 διαίτῃ,

418 3470 547 3523 οὔτε
582 3470 690 3521 τινὶ
730 3467 877 3537 ἄλλῳ
913 3465 1101 3536 τρόπῳ
1145 3462 1261 3533 βίον
1299 3463 1632 3529 σεμνότερον
1667 3459 2020 3526 χαρακτηρί-
2056 3511 2066 3520 _

419 3565 586 3629 ζοντα
610 3562 669 3614 τὸ
694 3561 954 3629 διάφορον
980 3556 1159 3610 αὐτῶν
1187 3555 1323 3625 πρὸς
1352 3553 1412 3604 τὸ
1443 3550 1651 3619 πλῆθος
1678 3549 2019 3602 ιέπιδείκνυν⁹

417 3675 530 3710 ται.
565 3655 638 3708 Τὸ
675 3654 731 3706 δὲ
766 3653 896 3722 παρ’
923 3652 1058 3721 ἡμῖν
1092 3647 1430 3716 Εὐαγγέλιον
1465 3645 1565 3696 οὐκ
1602 3640 2020 3706 ἐπιδιστάζουσι

419 3750 792 3822 προσκυνεῖν,
846 3745 906 3796 οὐ
969 3742 1076 3814 μὴν
1125 3741 1259 3794 ἔνθα
1309 3737 1405 3791 τοῦ
1459 3735 1642 3807 τιμίου
1699 3733 1939 3803 σταυροῦ
1993 3735 2020 3786 ὁ

416 3843 588 3903 τύπος
627 3838 1060 3908 ὲγκεχάρακται,
1097 3833 1214 3887 ἀλλ’
1240 3834 1297 3885 ἐν
1332 3829 1411 3897 τῷ
1450 3827 1627 3897 λοιπῷ
1666 3825 1762 3879 τοῦ
1803 3825 2013 3895 βιϐλίου

421 3934 603 4005 μέρει,
632 3936 688 3984 ἐν
718 3925 763 3999 ᾧ
793 3931 853 3982 τὸ
889 3928 1259 3996 ἀπεικόνισμα
1292 3924 1386 3977 τού
1429 3919 1670 3991 σταυροῦ
1715 3919 1792 3989 μὴ
1826 3919 2020 3988 διαση-

421 4029 697 4098 μαίνεται.
741 4024 880 4075 Φασὶ
925 4021 982 4074 δὲ
1020 4021 1081 4074 τὸ
1127 4019 1336 4090 βιϐλίον
1375 4017 1732 4088 προσκυνεῖν,
1777 4013 1854 4077 ὡς
1891 4013 2019 4076 τοὺς

416 4121 775 4181 ϐεσποτικοὺς
811 4117 1068 4188 περιέχον
1101 4114 1318 4181 λόγους.
1344 4111 1486 4165 Ἀλλ’
1509 4112 1609 4164 ὅσα
1652 4110 1750 4181 μὲν
1784 4109 1862 4170 εἰς
1899 4107 2025 4175 δογ-

419 4215 608 4284 μάτων
656 4214 852 4280 ἀνήκει
908 4209 1104 4278 λόγον,
1155 4207 1330 4269 οὕτως
1381 4205 1490 4259 εἰσὶ
1541 4203 1869 4269 δυσσεϐεῖς,
1923 4207 2023 4260 καὶ

418 4305 555 4374 πρὸς
606 4305 704 4373 τὴν
756 4301 1055 4371 ἀλήθειαν,
1108 4301 1205 4351 καὶ
1258 4298 1397 4368 πρὸς
1449 4297 1680 4358 ἑαυτοὺς
1735 4293 2020 4356 παντελῶς

418 4395 762 4464 ἀσύμφωνοι.
801 4393 868 4444 Ἦ
910 4391 968 4443 δὲ
1011 4388 1257 4442 πολιτεία
1295 4387 1504 4439 τούτων
1541 4391 1704 4456 γέμει
1752 4387 1852 4454 μὲν
1885 4386 2018 4437 ἀκο-

2129 3187 2295 3240 vitam
2320 3187 2859 3252 habentohnoxiam,
2894 3197 2946 3240 et
3006 3187 3168 3241 aliam
3225 3204 3444 3241 omnem
3507 3196 3720 3242 mor‘uat

2128 3281 2496 3349 corruptelam
2537 3279 3000 3348 complectuntur.
3030 3279 3186 3345 Quod
3215 3290 3397 3334 autem
3433 3283 3498 3336 de
3523 3282 3724 3337 infelici

2129 3373 2218 3426 illo
2249 3373 2490 3442 Tychico
2545 3373 2827 3442 vulgatum
2886 3381 2992 3436 est,
3051 3387 3197 3427 nunc
3249 3377 3720 3433 commemorabo.

2128 3469 2224 3522 llic
2250 3483 2306 3520 se
2328 3467 2622 3537 Tyclticum
2682 3467 2830 3519 illttm
2887 3482 3011 3522 esse
3061 3466 3317 3534 ﬁngebat,
3351 3468 3439 3534 qui
3491 3469 3542 3520 itt
3580 3467 3722 3536 Apo—

2125 3561 2250 3615 διοιὶ
2282 3560 2540 3630 Epistolis
2569 3575 2712 3629 saepe
2745 3569 3101 3626 memoratur,
3135 3562 3280 3614 etde
3311 3576 3420 3629 quo
3450 3561 3632 3617 multis
3667 3565 3720 3618 itt

2125 3652 2258 3708 locis
2285 3668 2406 3707 cum
2459 3651 2615 3708 laude
2648 3653 2850 3706 mentio
2905 3652 2982 3706 ﬁt.
3036 3653 3264 3723 Sibique
3291 3670 3319 3706 a
3350 3653 3517 3708 Paulo
3579 3673 3724 3708 tmn-

2125 3747 2256 3800 timn
2289 3744 2458 3798 fuisse
2489 3745 2716 3798 missum
2745 3743 3057 3809 simulabat,
3093 3754 3149 3797 ιιι
3177 3759 3523 3814 qumcunqne
3569 3745 3724 3800 dice-

2124 3851 2205 3893 ret
2237 3849 2289 3893 et
2329 3838 2698 3901 denuntiaret,
2728 3853 2788 3890 ea
2824 3851 2926 3890 non
2973 3837 3258 3904 sapientize
3311 3853 3446 3899 suae,
3478 3839 3570 3891 sed
3623 3841 3722 3892 do-

2124 3932 2298 3987 centis
2331 3943 2385 3985 et
2419 3931 2730 3985 mandantis
2762 3930 2915 3983 Pauli
2952 3939 3222 4000 praecepta
3283 3945 3402 3984 esse
3466 3931 3722 3985 videreu-

2124 4033 2232 4088 tur,
2264 4040 2385 4079 eum
2438 4033 2618 4077 tamen
2647 4023 2962 4093 quingentis
3015 4023 3173 4077 annis
3224 4033 3345 4093 post
3389 4019 3616 4075 Paulum
3667 4034 3722 4078 et

2123 4117 2423 4190 Tychicum
2457 4127 2616 4170 natus
2650 4125 2812 4171 esset.
2845 4111 2979 4168 llud
3013 4116 3292 4169 sciendum
3334 4125 3437 4178 est,
3480 4131 3586 4178 me,
3627 4117 3721 4185 qui

2127 4211 2305 4278 Capita
2342 4211 2456 4262 haec
2484 4223 2604 4278 quae
2637 4209 2689 4262 in
2715 4207 2819 4264 hoc
2853 4207 3008 4261 titulo
3062 4208 3431 4270 continentur,
3500 4207 3719 4273 collegi,

2125 4303 2321 4372 partim
2371 4303 2582 4369 integra
2641 4301 2911 4370 posuisse,
2959 4300 3154 4370 partim
3224 4309 3281 4353 nt
3326 4299 3718 4368 longitudinem

2125 4395 2410 4460 evitarem,
2445 4395 2769 4462 compendio
2802 4393 3304 4462 comprehendisse,
3336 4402 3390 4446 et
3420 4408 3482 4445 ex
3543 4395 3720 4462 patri-

419 4490 645 4552 λασίας,
679 4487 842 4556 γέμει
875 4487 931 4538 δὲ
969 4481 1226 4548 μιασμῶν
1263 4481 1541 4551 ἀρρήτων,
1579 4477 1678 4529 καὶ
1716 4474 2016 4545 ρυπασμάο

2126 4491 2325 4553 arclne,
2360 4505 2517 4556 quem
2548 4499 2674 4543 ante
2699 4491 3146 4550 commemoravi,
3178 4487 3399 4555 scriptis
3454 4501 3517 4540 ea
3578 4500 3716 4554 praec

393 4555 524 4670 Ξιων
543 4555 940 4650 ἀνεπινοήτων.
962 4577 1222 4649 Χρῶνται
1250 4577 1351 4644 μὲν
1374 4577 1484 4643 γὰρ
1508 4571 1725 4642 μίξεσιν
1745 4570 2017 4640 ἑκατέρας

393 4663 638 4748 ξιρύσεως
677 4673 811 4744 πρὸς
851 4673 1074 4725 ἃπασαν
1111 4667 1528 4738 ἀῤῥητουργίαν
1569 4663 2019 4733 ἀνερυοριάστως

395 4755 662 4841 ἔχοντες·
705 4766 840 4837 πλὴν
871 4766 1049 4825 ἐνίους
1083 4761 1263 4815 αὐτῶν
1299 4777 1435 4828 φασι
1465 4758 1563 4828 τὴν
1594 4758 1734 4826 πρὸς
1764 4757 1864 4818 τὰς
1895 4772 2017 4825 γεν-

392 4849 732 4940 1νησαμένας
762 4863 1080 4919 ἀποκλίνειν
1114 4860 1435 4928 συνάφειαν.
1468 4858 1624 4926 Μέοῃ
1653 4855 1710 4907 δὲ
1745 4854 1842 4906 καὶ
1871 4854 2017 4905 ἀσω-

416 4961 539 5029 τείᾳ
567 4960 658 5011 τὸν
693 4957 808 5027 βίον
839 4956 958 5008 ὅλον
990 4953 1207 5004 ἔκδοτον
1239 4950 1426 5018 έχουσι
1452 4988 1465 5011 ,
1500 4951 1594 5000 καὶ
1630 4947 1815 4999 πᾶσαν
1847 4944 2016 5012 ἄλλην

417 5055 568 5124 ᾑῡῶν
596 5052 863 5119 διαφορὰν
901 5049 1279 5116 περιέπουσιν.
1314 5046 1377 5096 Ὃ
1409 5044 1462 5094 δὲ
1497 5043 1625 5109 περὶ
1653 5039 1746 5091 τοῦ
1783 5037 2018 5108 ἀτυχοῦς

417 5151 609 5202 τούτου
650 5144 889 5216 Τυχικτιῦ
937 5142 1188 5212 παρῆκεν
1218 5141 1256 5190 ’ὁ
1299 5137 1479 5204 λόγος,
1520 5134 1678 5186 τοῦτο
1721 5131 2019 5202 προσθήσω

417 5242 531 5294 νύν.
574 5233 743 5302 Οὗτος
790 5237 898 5306 γὰρ
947 5236 1156 5286 ἐκεῖνον
1205 5228 1400 5281 ἑαυτὸν
1446 5224 1828 5293 ἐτερατοὶόγει
1880 5217 2019 5272 εἶναι

415 5335 506 5386 τὸν
534 5335 588 5385 ἑν
614 5335 732 5394 ταῖς
764 5327 1076 5388 ἐπιστολαῖς
1105 5322 1198 5375 τοῦ
1237 5320 1570 5374 Ἀποστόλου
1604 5316 1906 5385 φερόμενόν
1933 5331 2014 5377 τε,

415 5429 512 5478 καὶ
547 5422 814 5492 πολλαχοῦ
850 5421 1074 5492 μνήμης
1108 5414 1509 5483 ἐπαινουμένης
1543 5408 1885 5473 ἀξιούμενον,
1916 5409 2017 5469 κή-

422 5522 563 5588 ρυκά
593 5537 650 5571 τε
690 5517 838 5587 παρὰ
866 5515 960 5567 τοῦ
996 5512 1211 5565 Παύλου
1248 5510 1381 5576 πρὸς
1417 5506 1615 5566 αὐτοὺς
1649 5501 2012 5555 ἀπεστάλϐαι.

417 5613 528 5664 Καὶ
556 5611 590 5664 ὃ.
617 5610 920 5678 διαγγέλει,
951 5607 1047 5659 καὶ
1074 5605 1225 5671 λέγει
1257 5603 1332 5671 μὴ
1360 5601 1454 5662 τῆς
1485 5596 1680 5649 ἑαυτοῦ
1713 5594 1904 5661 σοφίας
1939 5588 2012 5644 εἷ-

2122 4583 2442 4647 termisisse,
2478 4596 2596 4650 qua:
2626 4580 2709 4634 vel
2737 4579 3118 4648 profundiora,
3155 4579 3237 4631 vel
3302 4579 3712 4644 imperfectiora

2117 4674 2302 4742 paucis
2335 4683 2515 4728 essent
2547 4671 2857 4741 profUtura,
2913 4680 3008 4722 aut
3073 4668 3356 4738 placitura.
3397 4668 3714 4725 Sententia:

2119 4778 2295 4821 tamen
2353 4766 2598 4827 easdem,
2626 4763 2896 4818 licetaliis
2957 4761 3160 4827 verbis,
3222 4761 3451 4831 aliisque
3498 4761 3713 4816 dicendi

2116 4858 2423 4912 rationibus
2455 4857 2670 4911 retinui.
2700 4856 3034 4926 Argumenta
3056 4868 3186 4907 vero
3221 4863 3331 4906 tum
3371 4869 3437 4909 ex
3462 4853 3713 4922 Evange-

2119 4952 2228 5017 liis,
2267 4962 2381 5005 tum
2408 4966 2474 5005 ex
2508 4949 2656 5004 Pauli
2687 4947 2916 5017 apostoli
2952 4947 3134 5000 verbis
3168 4947 3490 5017 deprompta
3555 4960 3703 5000 sunt.

2118 5045 2282 5099 Istius
2315 5044 2460 5098 enim
2497 5042 2720 5096 haeresis
2754 5039 3071 5093 defensores
3108 5040 3222 5091 haec
3274 5038 3386 5091 sola
3445 5054 3714 5092 veneran-

2121 5148 2209 5190 tur
2233 5147 2286 5191 et
2322 5137 2573 5206 probant.
2607 5128 2804 5186 Verum
2837 5133 2944 5185 duo
2980 5147 3084 5184 non
3119 5145 3239 5185 esse
3275 5131 3561 5200 principia,
3589 5132 3715 5184 licet

2122 5225 2175 5278 in
2211 5223 2366 5277 titulo
2389 5232 2575 5276 contra
2613 5220 2946 5273 Manichzeos
2978 5221 3416 5273 demonstratum
3479 5220 3570 5282 sit,
3633 5229 3715 5272 ta-

2131 5317 2333 5372 tnenin
2368 5313 2622 5384 praesenti
2678 5315 2841 5367 etiam
2909 5314 3395 5373 demonsuahitur,
3462 5312 3554 5364 sed
3607 5313 3716 5380 pri-

2130 5428 2272 5462 mum
2310 5410 2375 5461 de
2407 5406 2545 5460 malo
2580 5406 2869 5459 dicentium
2907 5416 3011 5469 est,
3045 5408 3185 5473 quod
3230 5403 3552 5472 principium
3599 5420 3716 5457 ma-

2125 5507 2331 5567 lum,et
2360 5517 2547 5556 eorum
2580 5501 2843 5564 omnium,
2887 5514 3007 5567 quae
3050 5499 3101 5550 in
3158 5498 3360 5549 mundo
3412 5507 3560 5558 sunt,
3617 5516 3713 5550 au-

2122 5607 2328 5650 etoretn
2350 5593 2516 5660 impia
2546 5593 2649 5645 ista
2677 5590 2800 5644 mali
2832 5590 3119 5658 progenies
3149 5586 3428 5641 confinxit.

413 5729 527 5775 ναι,
555 5710 649 5762 τοῦ
679 5711 736 5762 δὲ
765 5706 1076 5768 διδάξαντος
1106 5703 1202 5756 καὶ
1230 5698 1636 5758 ἀπεσταλκότος
1703 5693 1920 5748 Παύλου
1986 5690 2455 5764 παραγγέλματα,
2485 5688 2666 5741 καίτοι
2698 5685 3076 5739 πεντακοσίων
3136 5683 3275 5735 ἐτῶν
3321 5684 3716 5750 μεταγενέστεε

423 5825 513 5876 ρος
547 5805 764 5859 Παύλου
792 5805 889 5856 καὶ
915 5797 1156 5868 Τυχικοῦ
1184 5793 1450 5865 γεγονὼς.
1479 5791 1600 5863 Χρὴ
1627 5791 1684 5842 δὲ
1748 5788 2066 5858 γινώσκειν,
2109 5787 2183 5851 ὡς
2225 5786 2253 5837 ὁ
2293 5783 2687 5852 ἐπιλεξάμενος
2728 5781 2838 5850 ἐγὼ
2883 5781 2953 5833 τά
2985 5797 3044 5832 τε
3087 5780 3190 5849 ἧῗη
3235 5776 3468 5848 ρηθέντα
3514 5783 3606 5831 καὶ
3643 5779 3711 5834 τὰ
