  <div class='ocr_page' id='page_1' title='image "/cluster/home/n/w/nwhite01/storage/ocr_20150623/130:no.3/coo.31924054870351/609.png"; bbox 0 0 4132 6400; ppageno 0'>
   <div class='ocr_carea' id='block_1_1' title="bbox 480 322 3736 397">
    <p class='ocr_par' dir='ltr' id='par_1_1' title="bbox 480 322 3736 397">
     <span class='ocr_line' id='line_1_1' title="bbox 480 322 3736 397; baseline -0.003 -2"><span class='ocrx_word' id='word_1_1' title='bbox 480 336 616 397; x_wconf 77' lang='grc'><strong>119)</strong></span> <span class='ocrx_word' id='word_1_2' title='bbox 1708 325 2089 387; x_wconf 84' lang='lat' dir='ltr'><strong>EUTHYMII</strong></span> <span class='ocrx_word' id='word_1_3' title='bbox 2136 325 2497 384; x_wconf 73' lang='lat' dir='ltr'><strong>ZIGABENI</strong></span> <span class='ocrx_word' id='word_1_4' title='bbox 3595 322 3736 387; x_wconf 66' lang='lat'><strong>1300</strong></span> 
     </span>
    </p>
   </div>
   <div class='ocr_carea' id='block_1_2' title="bbox 477 432 3733 513">
    <p class='ocr_par' dir='ltr' id='par_1_2' title="bbox 477 432 3733 513">
     <span class='ocr_line' id='line_1_2' title="bbox 477 432 3733 513; baseline -0.003 -20"><span class='ocrx_word' id='word_1_5' title='bbox 477 443 675 513; x_wconf 79' lang='grc' dir='ltr'>ἐφεξῆς</span> <span class='ocrx_word' id='word_1_6' title='bbox 711 442 1130 512; x_wconf 78' lang='grc' dir='ltr'><strong>ὑποτεταγμένα</strong></span> <span class='ocrx_word' id='word_1_7' title='bbox 1162 439 1237 508; x_wconf 74' lang='grc' dir='ltr'>τῷ</span> <span class='ocrx_word' id='word_1_8' title='bbox 1275 439 1503 511; x_wconf 82' lang='grc' dir='ltr'><strong>παρόντι</strong></span> <span class='ocrx_word' id='word_1_9' title='bbox 1539 437 1697 508; x_wconf 84' lang='grc' dir='ltr'>τίτλῳ</span> <span class='ocrx_word' id='word_1_10' title='bbox 1731 436 2003 506; x_wconf 83' lang='grc' dir='ltr'>κεφάλαια</span> <span class='ocrx_word' id='word_1_11' title='bbox 2024 475 2038 499; x_wconf 85' lang='grc'><em>,</em></span> <span class='ocrx_word' id='word_1_12' title='bbox 2076 435 2143 487; x_wconf 82' lang='grc' dir='ltr'><strong>τά</strong></span> <span class='ocrx_word' id='word_1_13' title='bbox 2178 435 2276 503; x_wconf 77' lang='grc' dir='ltr'>μὲν</span> <span class='ocrx_word' id='word_1_14' title='bbox 2304 434 2428 488; x_wconf 80' lang='grc' dir='ltr'>καθ’</span> <span class='ocrx_word' id='word_1_15' title='bbox 2468 434 2762 505; x_wconf 80' lang='grc' dir='ltr'>ὁλόκληρον</span> <span class='ocrx_word' id='word_1_16' title='bbox 2827 432 3078 499; x_wconf 78' lang='grc' dir='ltr'>τέθεικα,</span> <span class='ocrx_word' id='word_1_17' title='bbox 3109 435 3177 487; x_wconf 86' lang='grc' dir='ltr'><strong>τά</strong></span> <span class='ocrx_word' id='word_1_18' title='bbox 3208 432 3263 485; x_wconf 79' lang='grc' dir='ltr'>δὲ</span> <span class='ocrx_word' id='word_1_19' title='bbox 3294 434 3413 487; x_wconf 82' lang='grc' dir='ltr'>κατ’</span> <span class='ocrx_word' id='word_1_20' title='bbox 3440 434 3733 506; x_wconf 64' lang='grc' dir='ltr'>ἐπιτομὴν,</span> 
     </span>
    </p>
   </div>
   <div class='ocr_carea' id='block_1_3' title="bbox 477 531 3738 611">
    <p class='ocr_par' dir='ltr' id='par_1_3' title="bbox 477 531 3738 611">
     <span class='ocr_line' id='line_1_3' title="bbox 477 531 3738 611; baseline -0.002 -21"><span class='ocrx_word' id='word_1_21' title='bbox 477 541 536 591; x_wconf 86' lang='grc' dir='ltr'><strong>τὸ</strong></span> <span class='ocrx_word' id='word_1_22' title='bbox 583 540 757 611; x_wconf 80' lang='grc' dir='ltr'>μῆκος</span> <span class='ocrx_word' id='word_1_23' title='bbox 797 540 1070 602; x_wconf 88' lang='grc' dir='ltr'>ἐκκλίνας.</span> <span class='ocrx_word' id='word_1_24' title='bbox 1111 539 1248 592; x_wconf 86' lang='grc' dir='ltr'><strong>Τινά</strong></span> <span class='ocrx_word' id='word_1_25' title='bbox 1285 538 1340 589; x_wconf 88' lang='grc' dir='ltr'><strong>δέ</strong></span> <span class='ocrx_word' id='word_1_26' title='bbox 1375 535 1482 589; x_wconf 82' lang='grc' dir='ltr'><strong>τῶν</strong></span> <span class='ocrx_word' id='word_1_27' title='bbox 1521 539 1576 587; x_wconf 85' lang='grc' dir='ltr'>ἐν</span> <span class='ocrx_word' id='word_1_28' title='bbox 1614 537 1726 598; x_wconf 83' lang='grc' dir='ltr'>τοῖς</span> <span class='ocrx_word' id='word_1_29' title='bbox 1769 534 2172 604; x_wconf 81' lang='grc' dir='ltr'><strong>συγγράμμασι</strong></span> <span class='ocrx_word' id='word_1_30' title='bbox 2241 532 2337 585; x_wconf 80' lang='grc' dir='ltr'>τοῦ</span> <span class='ocrx_word' id='word_1_31' title='bbox 2392 531 2727 602; x_wconf 77' lang='grc' dir='ltr'>δηλωθέντος</span> <span class='ocrx_word' id='word_1_32' title='bbox 2799 533 3143 604; x_wconf 71' lang='grc' dir='ltr'><strong>πατριάρχου</strong></span> <span class='ocrx_word' id='word_1_33' title='bbox 3181 533 3276 586; x_wconf 83' lang='grc' dir='ltr'>καὶ</span> <span class='ocrx_word' id='word_1_34' title='bbox 3334 533 3510 604; x_wconf 81' lang='grc' dir='ltr'><strong>πάντη</strong></span> <span class='ocrx_word' id='word_1_35' title='bbox 3564 533 3738 602; x_wconf 62' lang='grc' dir='ltr'>παρέ-</span> 
     </span>
    </p>
   </div>
   <div class='ocr_carea' id='block_1_4' title="bbox 478 627 3737 702">
    <p class='ocr_par' dir='ltr' id='par_1_4' title="bbox 478 627 3737 702">
     <span class='ocr_line' id='line_1_4' title="bbox 478 627 3737 702; baseline -0.002 -18"><span class='ocrx_word' id='word_1_36' title='bbox 478 635 716 702; x_wconf 81' lang='grc' dir='ltr'>δραμον,</span> <span class='ocrx_word' id='word_1_37' title='bbox 751 633 854 686; x_wconf 81' lang='grc' dir='ltr'>ὅσα</span> <span class='ocrx_word' id='word_1_38' title='bbox 883 633 972 685; x_wconf 82' lang='grc' dir='ltr'>διὰ</span> <span class='ocrx_word' id='word_1_39' title='bbox 1009 632 1288 702; x_wconf 81' lang='grc' dir='ltr'>βαθύτητα</span> <span class='ocrx_word' id='word_1_40' title='bbox 1320 631 1636 701; x_wconf 80' lang='grc' dir='ltr'><strong>νοημάτων,</strong></span> <span class='ocrx_word' id='word_1_41' title='bbox 1672 629 1705 699; x_wconf 82' lang='grc' dir='ltr'>ἢ</span> <span class='ocrx_word' id='word_1_42' title='bbox 1743 630 1835 682; x_wconf 71' lang='grc' dir='ltr'><strong>καὶ</strong></span> <span class='ocrx_word' id='word_1_43' title='bbox 1869 628 1961 682; x_wconf 67' lang='grc' dir='ltr'><strong>διὰ</strong></span> <span class='ocrx_word' id='word_1_44' title='bbox 1991 630 2052 681; x_wconf 86' lang='grc' dir='ltr'><strong>τὸ</strong></span> <span class='ocrx_word' id='word_1_45' title='bbox 2089 627 2210 681; x_wconf 82' lang='grc' dir='ltr'><strong>λίαν</strong></span> <span class='ocrx_word' id='word_1_46' title='bbox 2239 627 2601 697; x_wconf 76' lang='grc' dir='ltr'>ἐμπερίϐολόν</span> <span class='ocrx_word' id='word_1_47' title='bbox 2667 645 2729 680; x_wconf 88' lang='grc' dir='ltr'>τε</span> <span class='ocrx_word' id='word_1_48' title='bbox 2796 631 2891 681; x_wconf 76' lang='grc' dir='ltr'><strong>καὶ</strong></span> <span class='ocrx_word' id='word_1_49' title='bbox 2959 630 3372 696; x_wconf 75' lang='grc' dir='ltr'><strong>ἐγκατάσκευον</strong></span> <span class='ocrx_word' id='word_1_50' title='bbox 3400 629 3603 697; x_wconf 80' lang='grc' dir='ltr'><strong>ὀλίγοις</strong></span> <span class='ocrx_word' id='word_1_51' title='bbox 3637 628 3737 697; x_wconf 82' lang='grc' dir='ltr'>μὲν</span> 
     </span>
    </p>
   </div>
   <div class='ocr_carea' id='block_1_5' title="bbox 478 720 3740 794">
    <p class='ocr_par' dir='ltr' id='par_1_5' title="bbox 478 720 3740 794">
     <span class='ocr_line' id='line_1_5' title="bbox 478 720 3740 794; baseline -0.001 -20"><span class='ocrx_word' id='word_1_52' title='bbox 478 720 621 793; x_wconf 80' lang='grc' dir='ltr'>ἦσαν</span> <span class='ocrx_word' id='word_1_53' title='bbox 662 723 896 794; x_wconf 83' lang='grc' dir='ltr'>προσιτά</span> <span class='ocrx_word' id='word_1_54' title='bbox 939 723 1035 775; x_wconf 76' lang='grc' dir='ltr'>καὶ</span> <span class='ocrx_word' id='word_1_55' title='bbox 1074 723 1371 793; x_wconf 81' lang='grc' dir='ltr'>εὖάρεστα,</span> <span class='ocrx_word' id='word_1_56' title='bbox 1414 723 1512 784; x_wconf 82' lang='grc' dir='ltr'>τὰς</span> <span class='ocrx_word' id='word_1_57' title='bbox 1552 720 1723 784; x_wconf 80' lang='grc' dir='ltr'>αὑτάς</span> <span class='ocrx_word' id='word_1_58' title='bbox 1764 722 1821 775; x_wconf 86' lang='grc' dir='ltr'>δὲ</span> <span class='ocrx_word' id='word_1_59' title='bbox 1866 721 2052 791; x_wconf 80' lang='grc' dir='ltr'>σχεδὸν</span> <span class='ocrx_word' id='word_1_60' title='bbox 2094 720 2374 791; x_wconf 86' lang='grc' dir='ltr'>παριστῶν</span> <span class='ocrx_word' id='word_1_61' title='bbox 2413 720 2621 782; x_wconf 88' lang='grc' dir='ltr'>ἐννοίας</span> <span class='ocrx_word' id='word_1_62' title='bbox 2658 723 2771 784; x_wconf 83' lang='grc' dir='ltr'>τοῖς</span> <span class='ocrx_word' id='word_1_63' title='bbox 2846 720 3173 786; x_wconf 84' lang='grc' dir='ltr'>ἐκλεγεῖσιν,</span> <span class='ocrx_word' id='word_1_64' title='bbox 3230 721 3279 772; x_wconf 87' lang='grc' dir='ltr'>εί</span> <span class='ocrx_word' id='word_1_65' title='bbox 3324 721 3419 774; x_wconf 74' lang='grc' dir='ltr'>καὶ</span> <span class='ocrx_word' id='word_1_66' title='bbox 3462 721 3530 773; x_wconf 81' lang='grc' dir='ltr'>δι’</span> <span class='ocrx_word' id='word_1_67' title='bbox 3557 721 3740 774; x_wconf 75' lang='grc' dir='ltr'>άλλωι</span> 
     </span>
    </p>
   </div>
   <div class='ocr_carea' id='block_1_6' title="bbox 477 811 3737 886">
    <p class='ocr_par' dir='ltr' id='par_1_6' title="bbox 477 811 3737 886">
     <span class='ocr_line' id='line_1_6' title="bbox 477 811 3737 886; baseline 0 -22"><span class='ocrx_word' id='word_1_68' title='bbox 477 815 675 879; x_wconf 77' lang='grc' dir='ltr'><strong>λέξεων</strong></span> <span class='ocrx_word' id='word_1_69' title='bbox 707 816 801 869; x_wconf 73' lang='grc' dir='ltr'>καὶ</span> <span class='ocrx_word' id='word_1_70' title='bbox 832 816 1210 886; x_wconf 84' lang='grc' dir='ltr'>ἐτεροτρόπων</span> <span class='ocrx_word' id='word_1_71' title='bbox 1276 815 1729 886; x_wconf 72' lang='grc' dir='ltr'><strong>ἐπιχειρημάτων</strong></span> <span class='ocrx_word' id='word_1_72' title='bbox 1798 815 2272 885; x_wconf 79' lang='grc' dir='ltr'>συνεπεραίνοντο.</span> <span class='ocrx_word' id='word_1_73' title='bbox 2341 813 2527 867; x_wconf 81' lang='grc' dir='ltr'><strong>Πάντα</strong></span> <span class='ocrx_word' id='word_1_74' title='bbox 2561 813 2617 866; x_wconf 87' lang='grc' dir='ltr'><strong>δέ</strong></span> <span class='ocrx_word' id='word_1_75' title='bbox 2670 814 2770 876; x_wconf 83' lang='grc' dir='ltr'>τὰς</span> <span class='ocrx_word' id='word_1_76' title='bbox 2804 813 3108 879; x_wconf 78' lang='grc' dir='ltr'><strong>ἀποδείξεις</strong></span> <span class='ocrx_word' id='word_1_77' title='bbox 3143 811 3361 883; x_wconf 73' lang='grc' dir='ltr'>ἔχουσιν</span> <span class='ocrx_word' id='word_1_78' title='bbox 3392 811 3501 864; x_wconf 86' lang='grc' dir='ltr'><strong>ἀπό</strong></span> <span class='ocrx_word' id='word_1_79' title='bbox 3533 829 3592 865; x_wconf 88' lang='grc' dir='ltr'><strong>τε</strong></span> <span class='ocrx_word' id='word_1_80' title='bbox 3622 813 3737 865; x_wconf 81' lang='grc' dir='ltr'>τῶν</span> 
     </span>
    </p>
   </div>
   <div class='ocr_carea' id='block_1_7' title="bbox 477 903 3739 989">
    <p class='ocr_par' dir='ltr' id='par_1_7' title="bbox 477 903 3739 989">
     <span class='ocr_line' id='line_1_7' title="bbox 477 903 3739 989; baseline -0.001 -28"><span class='ocrx_word' id='word_1_81' title='bbox 477 908 829 975; x_wconf 85' lang='grc' dir='ltr'>Εὑαγγελίων</span> <span class='ocrx_word' id='word_1_82' title='bbox 862 910 955 960; x_wconf 77' lang='grc' dir='ltr'>καὶ</span> <span class='ocrx_word' id='word_1_83' title='bbox 987 909 1098 962; x_wconf 85' lang='grc' dir='ltr'>τῶν</span> <span class='ocrx_word' id='word_1_84' title='bbox 1129 908 1226 963; x_wconf 82' lang='grc' dir='ltr'><strong>τοῦ</strong></span> <span class='ocrx_word' id='word_1_85' title='bbox 1264 908 1566 962; x_wconf 77' lang='grc' dir='ltr'>ἀποστόλου</span> <span class='ocrx_word' id='word_1_86' title='bbox 1607 907 1824 961; x_wconf 81' lang='grc' dir='ltr'>Παύλου</span> <span class='ocrx_word' id='word_1_87' title='bbox 1872 907 2154 978; x_wconf 81' lang='grc' dir='ltr'>ῥημάτων.</span> <span class='ocrx_word' id='word_1_88' title='bbox 2187 905 2372 959; x_wconf 82' lang='grc' dir='ltr'>Ταῦτα</span> <span class='ocrx_word' id='word_1_89' title='bbox 2399 906 2507 974; x_wconf 78' lang='grc' dir='ltr'>γὰρ</span> <span class='ocrx_word' id='word_1_90' title='bbox 2540 904 2678 974; x_wconf 87' lang='grc' dir='ltr'>μόνα</span> <span class='ocrx_word' id='word_1_91' title='bbox 2740 905 3100 975; x_wconf 72' lang='grc' dir='ltr'><strong>καταδέχεται</strong></span> <span class='ocrx_word' id='word_1_92' title='bbox 3160 906 3359 975; x_wconf 81' lang='grc' dir='ltr'>τιμᾷν,</span> <span class='ocrx_word' id='word_1_93' title='bbox 3426 903 3739 989; x_wconf 58' lang='grc' dir='ltr'>καὶ.στέρα</span> 
     </span>
    </p>
   </div>
   <div class='ocr_carea' id='block_1_8' title="bbox 477 992 3744 1070">
    <p class='ocr_par' dir='ltr' id='par_1_8' title="bbox 477 992 3744 1070">
     <span class='ocr_line' id='line_1_8' title="bbox 477 992 3744 1070; baseline -0.002 -16"><span class='ocrx_word' id='word_1_94' title='bbox 477 1017 596 1070; x_wconf 83' lang='grc' dir='ltr'>γειν</span> <span class='ocrx_word' id='word_1_95' title='bbox 626 1001 686 1053; x_wconf 81' lang='grc' dir='ltr'>τὸ</span> <span class='ocrx_word' id='word_1_96' title='bbox 715 1000 815 1069; x_wconf 86' lang='grc' dir='ltr'>τῆς</span> <span class='ocrx_word' id='word_1_97' title='bbox 850 999 1189 1064; x_wconf 83' lang='grc' dir='ltr'>ἀποστασίας</span> <span class='ocrx_word' id='word_1_98' title='bbox 1220 1000 1381 1053; x_wconf 75' lang='grc' dir='ltr'>τοῦτο</span> <span class='ocrx_word' id='word_1_99' title='bbox 1416 1000 1714 1066; x_wconf 83' lang='grc' dir='ltr'>συνέδριον.</span> <span class='ocrx_word' id='word_1_100' title='bbox 1738 998 1865 1053; x_wconf 74' lang='grc' dir='ltr'><strong>Ὀτι</strong></span> <span class='ocrx_word' id='word_1_101' title='bbox 1897 998 1954 1053; x_wconf 81' lang='grc' dir='ltr'>δὲ</span> <span class='ocrx_word' id='word_1_102' title='bbox 1986 999 2047 1051; x_wconf 82' lang='grc' dir='ltr'><strong>οὐ</strong></span> <span class='ocrx_word' id='word_1_103' title='bbox 2087 998 2181 1052; x_wconf 80' lang='grc' dir='ltr'><strong>δύο</strong></span> <span class='ocrx_word' id='word_1_104' title='bbox 2206 996 2376 1068; x_wconf 84' lang='grc' dir='ltr'>ἀρχαὶ</span> <span class='ocrx_word' id='word_1_105' title='bbox 2404 996 2548 1050; x_wconf 83' lang='grc' dir='ltr'>κατὰ</span> <span class='ocrx_word' id='word_1_106' title='bbox 2604 992 2728 1061; x_wconf 83' lang='grc' dir='ltr'>τοὺς</span> <span class='ocrx_word' id='word_1_107' title='bbox 2755 998 3023 1066; x_wconf 60' lang='grc' dir='ltr'>ἄφρονας,</span> <span class='ocrx_word' id='word_1_108' title='bbox 3048 997 3229 1067; x_wconf 82' lang='grc' dir='ltr'>ἀγαθή</span> <span class='ocrx_word' id='word_1_109' title='bbox 3257 1015 3315 1050; x_wconf 90' lang='grc' dir='ltr'><strong>τε</strong></span> <span class='ocrx_word' id='word_1_110' title='bbox 3346 998 3439 1050; x_wconf 70' lang='grc' dir='ltr'><strong>καὶ</strong></span> <span class='ocrx_word' id='word_1_111' title='bbox 3502 997 3744 1067; x_wconf 69' lang='grc' dir='ltr'>πονηρὰ,</span> 
     </span>
    </p>
   </div>
   <div class='ocr_carea' id='block_1_9' title="bbox 475 1086 3745 1166">
    <p class='ocr_par' dir='ltr' id='par_1_9' title="bbox 475 1086 3745 1166">
     <span class='ocr_line' id='line_1_9' title="bbox 475 1086 3745 1166; baseline -0.002 -18"><span class='ocrx_word' id='word_1_112' title='bbox 475 1096 750 1150; x_wconf 84' lang='grc' dir='ltr'><strong>δέδεικται</strong></span> <span class='ocrx_word' id='word_1_113' title='bbox 787 1098 886 1166; x_wconf 82' lang='grc' dir='ltr'><strong>μὲν</strong></span> <span class='ocrx_word' id='word_1_114' title='bbox 918 1099 975 1149; x_wconf 83' lang='grc' dir='ltr'>ἐν</span> <span class='ocrx_word' id='word_1_115' title='bbox 1005 1094 1082 1166; x_wconf 82' lang='grc' dir='ltr'><strong>τῷ</strong></span> <span class='ocrx_word' id='word_1_116' title='bbox 1112 1095 1221 1148; x_wconf 79' lang='grc' dir='ltr'>τῶν</span> <span class='ocrx_word' id='word_1_117' title='bbox 1249 1093 1571 1163; x_wconf 85' lang='grc' dir='ltr'>Μανιχαίων</span> <span class='ocrx_word' id='word_1_118' title='bbox 1601 1092 1767 1164; x_wconf 83' lang='grc' dir='ltr'>τίτλῳ</span> <span class='ocrx_word' id='word_1_119' title='bbox 1786 1132 1803 1157; x_wconf 86' lang='grc'><em>,</em></span> <span class='ocrx_word' id='word_1_120' title='bbox 1833 1092 2179 1161; x_wconf 80' lang='grc' dir='ltr'><strong>δειχθήσεται</strong></span> <span class='ocrx_word' id='word_1_121' title='bbox 2209 1091 2266 1143; x_wconf 84' lang='grc' dir='ltr'><strong>δέ</strong></span> <span class='ocrx_word' id='word_1_122' title='bbox 2297 1090 2397 1144; x_wconf 87' lang='grc' dir='ltr'>κάν</span> <span class='ocrx_word' id='word_1_123' title='bbox 2427 1088 2506 1160; x_wconf 85' lang='grc' dir='ltr'>τῷ</span> <span class='ocrx_word' id='word_1_124' title='bbox 2538 1091 2766 1161; x_wconf 85' lang='grc' dir='ltr'><strong>παρόντι</strong></span> <span class='ocrx_word' id='word_1_125' title='bbox 2826 1089 2951 1143; x_wconf 86' lang='grc' dir='ltr'>καθ’</span> <span class='ocrx_word' id='word_1_126' title='bbox 3006 1091 3202 1159; x_wconf 77' lang='grc' dir='ltr'>ἐτέρας</span> <span class='ocrx_word' id='word_1_127' title='bbox 3261 1090 3537 1152; x_wconf 77' lang='grc' dir='ltr'>ἐπιϐολάς.</span> <span class='ocrx_word' id='word_1_128' title='bbox 3611 1086 3745 1157; x_wconf 82' lang='grc' dir='ltr'><strong>Ῥη-</strong></span> 
     </span>
    </p>
   </div>
   <div class='ocr_carea' id='block_1_10' title="bbox 475 1179 3744 1261">
    <p class='ocr_par' dir='ltr' id='par_1_10' title="bbox 475 1179 3744 1261">
     <span class='ocr_line' id='line_1_10' title="bbox 475 1179 3744 1261; baseline -0.003 -17"><span class='ocrx_word' id='word_1_129' title='bbox 475 1195 596 1247; x_wconf 80' lang='grc' dir='ltr'><strong>τέον</strong></span> <span class='ocrx_word' id='word_1_130' title='bbox 621 1190 679 1244; x_wconf 76' lang='grc' dir='ltr'><strong>δέ</strong></span> <span class='ocrx_word' id='word_1_131' title='bbox 709 1192 925 1261; x_wconf 84' lang='grc' dir='ltr'>πρῶτον</span> <span class='ocrx_word' id='word_1_132' title='bbox 952 1192 1081 1258; x_wconf 77' lang='grc' dir='ltr'>περὶ</span> <span class='ocrx_word' id='word_1_133' title='bbox 1107 1188 1202 1242; x_wconf 83' lang='grc' dir='ltr'><strong>τοῦ</strong></span> <span class='ocrx_word' id='word_1_134' title='bbox 1233 1188 1495 1258; x_wconf 83' lang='grc' dir='ltr'>πονηροῦ,</span> <span class='ocrx_word' id='word_1_135' title='bbox 1523 1187 1582 1240; x_wconf 83' lang='grc' dir='ltr'><strong>ὃν</strong></span> <span class='ocrx_word' id='word_1_136' title='bbox 1610 1186 1855 1259; x_wconf 84' lang='grc' dir='ltr'>πονηρὰν</span> <span class='ocrx_word' id='word_1_137' title='bbox 1882 1186 2060 1256; x_wconf 82' lang='grc' dir='ltr'>ἀρχὴν</span> <span class='ocrx_word' id='word_1_138' title='bbox 2103 1185 2196 1239; x_wconf 78' lang='grc' dir='ltr'>καὶ</span> <span class='ocrx_word' id='word_1_139' title='bbox 2255 1185 2588 1257; x_wconf 81' lang='grc' dir='ltr'>δημιουργὸν</span> <span class='ocrx_word' id='word_1_140' title='bbox 2612 1185 2723 1238; x_wconf 83' lang='grc' dir='ltr'>τῶν</span> <span class='ocrx_word' id='word_1_141' title='bbox 2748 1184 3061 1255; x_wconf 82' lang='grc' dir='ltr'>ἐγκοσμίων</span> <span class='ocrx_word' id='word_1_142' title='bbox 3104 1179 3254 1239; x_wconf 79' lang='grc' dir='ltr'>οὗτοι</span> <span class='ocrx_word' id='word_1_143' title='bbox 3283 1187 3348 1239; x_wconf 74' lang='grc' dir='ltr'><strong>τά</strong></span> <span class='ocrx_word' id='word_1_144' title='bbox 3376 1184 3470 1238; x_wconf 87' lang='lat'><strong>106</strong></span> <span class='ocrx_word' id='word_1_145' title='bbox 3498 1183 3744 1254; x_wconf 77' lang='grc' dir='ltr'>πονηροῦ</span> 
     </span>
    </p>
   </div>
   <div class='ocr_carea' id='block_1_11' title="bbox 477 1272 3141 1359">
    <p class='ocr_par' dir='ltr' id='par_1_11' title="bbox 477 1272 3141 1359">
     <span class='ocr_line' id='line_1_11' title="bbox 477 1272 3141 1359; baseline -0.003 -16"><span class='ocrx_word' id='word_1_146' title='bbox 477 1289 778 1359; x_wconf 84' lang='grc' dir='ltr'>πλάσματα</span> <span class='ocrx_word' id='word_1_147' title='bbox 809 1287 951 1341; x_wconf 86' lang='grc' dir='ltr'>πάνυ</span> <span class='ocrx_word' id='word_1_148' title='bbox 980 1285 1259 1348; x_wconf 77' lang='grc' dir='ltr'>δυσσεϐῶς</span> <span class='ocrx_word' id='word_1_149' title='bbox 1287 1285 1688 1340; x_wconf 83' lang='grc' dir='ltr'>ἀνεπλάσαντο.</span> <span class='ocrx_word' id='word_1_150' title='bbox 3138 1272 3141 1275; x_wconf 44' lang='grc'><em>’</em></span> 
     </span>
    </p>
   </div>
   <div class='ocr_carea' id='block_1_12' title="bbox 547 1371 2062 1450">
    <p class='ocr_par' dir='ltr' id='par_1_12' title="bbox 547 1382 2050 1450">
     <span class='ocr_line' id='line_1_12' title="bbox 547 1382 2050 1450; baseline -0.005 -10"><span class='ocrx_word' id='word_1_151' title='bbox 547 1387 746 1440; x_wconf 88' lang='lat' dir='ltr'><strong>Dicunt</strong></span> <span class='ocrx_word' id='word_1_152' title='bbox 774 1398 838 1439; x_wconf 79' lang='lat' dir='ltr'><strong>ex</strong></span> <span class='ocrx_word' id='word_1_153' title='bbox 870 1382 1111 1437; x_wconf 92' lang='lat' dir='ltr'><strong>tenebris</strong></span> <span class='ocrx_word' id='word_1_154' title='bbox 1133 1391 1189 1437; x_wconf 86' lang='lat' dir='ltr'><strong>et</strong></span> <span class='ocrx_word' id='word_1_155' title='bbox 1250 1383 1371 1450; x_wconf 77' lang='lat' dir='ltr'><strong>igne</strong></span> <span class='ocrx_word' id='word_1_156' title='bbox 1426 1383 1625 1437; x_wconf 86' lang='lat' dir='ltr'><strong>malum</strong></span> <span class='ocrx_word' id='word_1_157' title='bbox 1666 1382 1809 1436; x_wconf 87' lang='lat' dir='ltr'><strong>istud</strong></span> <span class='ocrx_word' id='word_1_158' title='bbox 1869 1391 2050 1434; x_wconf 88' lang='lat' dir='ltr'><strong>natum</strong></span> 
     </span>
    </p>
   </div>
   <div class='ocr_carea' id='block_1_13' title="bbox 2162 1371 3745 1450">
    <p class='ocr_par' dir='ltr' id='par_1_13' title="bbox 2228 1371 3745 1443">
     <span class='ocr_line' id='line_1_13' title="bbox 2228 1371 3745 1443; baseline 0.001 -15"><span class='ocrx_word' id='word_1_159' title='bbox 2228 1375 2498 1442; x_wconf 77' lang='grc' dir='ltr'>Λέγουσιν</span> <span class='ocrx_word' id='word_1_160' title='bbox 2522 1374 2586 1425; x_wconf 86' lang='grc' dir='ltr'><strong>ἐκ</strong></span> <span class='ocrx_word' id='word_1_161' title='bbox 2613 1371 2707 1427; x_wconf 90' lang='lat'><strong>106</strong></span> <span class='ocrx_word' id='word_1_162' title='bbox 2740 1372 2967 1437; x_wconf 82' lang='grc' dir='ltr'>σκότους</span> <span class='ocrx_word' id='word_1_163' title='bbox 2998 1374 3095 1426; x_wconf 74' lang='grc' dir='ltr'><strong>καὶ</strong></span> <span class='ocrx_word' id='word_1_164' title='bbox 3120 1373 3217 1427; x_wconf 83' lang='grc' dir='ltr'><strong>τοῦ</strong></span> <span class='ocrx_word' id='word_1_165' title='bbox 3252 1373 3422 1443; x_wconf 76' lang='grc' dir='ltr'>πυρὸς</span> <span class='ocrx_word' id='word_1_166' title='bbox 3453 1374 3745 1442; x_wconf 81' lang='grc' dir='ltr'>γεγονέναι</span> 
     </span>
    </p>
   </div>
   <div class='ocr_carea' id='block_1_14' title="bbox 476 1472 2060 1545">
    <p class='ocr_par' dir='ltr' id='par_1_14' title="bbox 476 1472 2060 1545">
     <span class='ocr_line' id='line_1_14' title="bbox 476 1472 2060 1545; baseline -0.004 -15"><span class='ocrx_word' id='word_1_167' title='bbox 476 1491 597 1532; x_wconf 82' lang='lat' dir='ltr'><strong>esse</strong></span> <span class='ocrx_word' id='word_1_168' title='bbox 618 1473 965 1545; x_wconf 86' lang='lat' dir='ltr'><strong>principium.</strong></span> <span class='ocrx_word' id='word_1_169' title='bbox 997 1472 1357 1539; x_wconf 64' lang='lat' dir='ltr'><strong>Qumrendum</strong></span> <span class='ocrx_word' id='word_1_170' title='bbox 1384 1487 1448 1527; x_wconf 82' lang='lat' dir='ltr'><strong>ex</strong></span> <span class='ocrx_word' id='word_1_171' title='bbox 1483 1473 1614 1542; x_wconf 83' lang='lat' dir='ltr'><strong>ipsis</strong></span> <span class='ocrx_word' id='word_1_172' title='bbox 1643 1482 1748 1536; x_wconf 88' lang='lat' dir='ltr'><strong>est,</strong></span> <span class='ocrx_word' id='word_1_173' title='bbox 1780 1488 1880 1526; x_wconf 89' lang='lat' dir='ltr'><strong>cur</strong></span> <span class='ocrx_word' id='word_1_174' title='bbox 1908 1483 2060 1525; x_wconf 84' lang='lat' dir='ltr'><strong>tene-</strong></span> 
     </span>
    </p>
   </div>
   <div class='ocr_carea' id='block_1_15' title="bbox 478 1564 2064 1633">
    <p class='ocr_par' dir='ltr' id='par_1_15' title="bbox 478 1564 2064 1633">
     <span class='ocr_line' id='line_1_15' title="bbox 478 1564 2064 1633; baseline -0.006 -9"><span class='ocrx_word' id='word_1_175' title='bbox 478 1573 592 1625; x_wconf 62' lang='lat' dir='ltr'><strong>brae</strong></span> <span class='ocrx_word' id='word_1_176' title='bbox 634 1567 763 1622; x_wconf 71' lang='lat' dir='ltr'><strong>solas</strong></span> <span class='ocrx_word' id='word_1_177' title='bbox 794 1565 861 1620; x_wconf 86' lang='lat' dir='ltr'><strong>ad</strong></span> <span class='ocrx_word' id='word_1_178' title='bbox 893 1566 1068 1633; x_wconf 89' lang='lat' dir='ltr'><strong>ipsum</strong></span> <span class='ocrx_word' id='word_1_179' title='bbox 1095 1564 1460 1633; x_wconf 74' lang='lat' dir='ltr'><strong>generandum</strong></span> <span class='ocrx_word' id='word_1_180' title='bbox 1493 1579 1599 1618; x_wconf 89' lang='lat' dir='ltr'><strong>non</strong></span> <span class='ocrx_word' id='word_1_181' title='bbox 1637 1564 1840 1619; x_wconf 81' lang='lat' dir='ltr'><strong>fuerim</strong></span> <span class='ocrx_word' id='word_1_182' title='bbox 1906 1565 2064 1627; x_wconf 77' lang='lat' dir='ltr'><strong>satis,</strong></span> 
     </span>
    </p>
   </div>
   <div class='ocr_carea' id='block_1_16' title="bbox 478 1654 2062 1727">
    <p class='ocr_par' dir='ltr' id='par_1_16' title="bbox 478 1654 2062 1727">
     <span class='ocr_line' id='line_1_16' title="bbox 478 1654 2062 1727; baseline -0.004 -12"><span class='ocrx_word' id='word_1_183' title='bbox 478 1669 571 1714; x_wconf 84' lang='lat' dir='ltr'><strong>aut</strong></span> <span class='ocrx_word' id='word_1_184' title='bbox 597 1674 699 1714; x_wconf 91' lang='lat' dir='ltr'><strong>cur</strong></span> <span class='ocrx_word' id='word_1_185' title='bbox 725 1657 868 1727; x_wconf 77' lang='lat' dir='ltr'><strong>ignis</strong></span> <span class='ocrx_word' id='word_1_186' title='bbox 899 1655 1048 1711; x_wconf 82' lang='lat' dir='ltr'><strong>solus</strong></span> <span class='ocrx_word' id='word_1_187' title='bbox 1098 1670 1205 1709; x_wconf 89' lang='lat' dir='ltr'><strong>non</strong></span> <span class='ocrx_word' id='word_1_188' title='bbox 1258 1655 1392 1711; x_wconf 81' lang='lat' dir='ltr'><strong>satis</strong></span> <span class='ocrx_word' id='word_1_189' title='bbox 1445 1654 1819 1722; x_wconf 65' lang='lat' dir='ltr'><strong>fueritiQuis</strong></span> <span class='ocrx_word' id='word_1_190' title='bbox 1880 1670 1941 1709; x_wconf 82' lang='lat' dir='ltr'><strong>ea</strong></span> <span class='ocrx_word' id='word_1_191' title='bbox 1995 1656 2062 1709; x_wconf 81' lang='lat' dir='ltr'><strong>ad</strong></span> 
     </span>
    </p>
   </div>
   <div class='ocr_carea' id='block_1_17' title="bbox 479 1747 2061 1818">
    <p class='ocr_par' dir='ltr' id='par_1_17' title="bbox 479 1747 2061 1818">
     <span class='ocr_line' id='line_1_17' title="bbox 479 1747 2061 1818; baseline -0.002 -14"><span class='ocrx_word' id='word_1_192' title='bbox 479 1751 681 1804; x_wconf 87' lang='lat' dir='ltr'><strong>malum</strong></span> <span class='ocrx_word' id='word_1_193' title='bbox 729 1747 1052 1816; x_wconf 85' lang='lat' dir='ltr'><strong>principium</strong></span> <span class='ocrx_word' id='word_1_194' title='bbox 1115 1748 1443 1817; x_wconf 71' lang='lat' dir='ltr'><strong>gignendum</strong></span> <span class='ocrx_word' id='word_1_195' title='bbox 1506 1748 1903 1818; x_wconf 73' lang='lat' dir='ltr'><strong>congregarit?</strong></span> <span class='ocrx_word' id='word_1_196' title='bbox 1950 1748 2061 1802; x_wconf 87' lang='lat' dir='ltr'><strong>Cur</strong></span> 
     </span>
    </p>
   </div>
   <div class='ocr_carea' id='block_1_18' title="bbox 480 1838 2063 1911">
    <p class='ocr_par' dir='ltr' id='par_1_18' title="bbox 480 1838 2063 1911">
     <span class='ocr_line' id='line_1_18' title="bbox 480 1838 2063 1911; baseline -0.005 -13"><span class='ocrx_word' id='word_1_197' title='bbox 480 1858 591 1898; x_wconf 86' lang='lat' dir='ltr'><strong>non</strong></span> <span class='ocrx_word' id='word_1_198' title='bbox 621 1843 736 1911; x_wconf 88' lang='lat' dir='ltr'><strong>ipsa</strong></span> <span class='ocrx_word' id='word_1_199' title='bbox 762 1839 1073 1909; x_wconf 87' lang='lat' dir='ltr'><strong>sintpotius</strong></span> <span class='ocrx_word' id='word_1_200' title='bbox 1090 1840 1443 1908; x_wconf 87' lang='lat' dir='ltr'><strong>principium.</strong></span> <span class='ocrx_word' id='word_1_201' title='bbox 1478 1838 1591 1894; x_wconf 91' lang='lat' dir='ltr'><strong>Cur</strong></span> <span class='ocrx_word' id='word_1_202' title='bbox 1614 1841 1687 1893; x_wconf 91' lang='lat' dir='ltr'><strong>ita</strong></span> <span class='ocrx_word' id='word_1_203' title='bbox 1725 1840 1924 1893; x_wconf 82' lang='lat' dir='ltr'><strong>factum</strong></span> <span class='ocrx_word' id='word_1_204' title='bbox 1971 1840 2063 1904; x_wconf 88' lang='lat' dir='ltr'><strong>sit,</strong></span> 
     </span>
    </p>
   </div>
   <div class='ocr_carea' id='block_1_19' title="bbox 484 1930 2057 2004">
    <p class='ocr_par' dir='ltr' id='par_1_19' title="bbox 484 1930 2057 2004">
     <span class='ocr_line' id='line_1_19' title="bbox 484 1930 2057 2004; baseline -0.001 -16"><span class='ocrx_word' id='word_1_205' title='bbox 484 1945 544 1989; x_wconf 86' lang='lat' dir='ltr'><strong>nt</strong></span> <span class='ocrx_word' id='word_1_206' title='bbox 591 1935 732 2004; x_wconf 88' lang='lat' dir='ltr'><strong>quod</strong></span> <span class='ocrx_word' id='word_1_207' title='bbox 807 1949 872 1988; x_wconf 81' lang='lat' dir='ltr'><strong>ex</strong></span> <span class='ocrx_word' id='word_1_208' title='bbox 914 1932 1082 2000; x_wconf 84' lang='lat' dir='ltr'><strong>.ipsis</strong></span> <span class='ocrx_word' id='word_1_209' title='bbox 1161 1932 1493 2002; x_wconf 84' lang='lat' dir='ltr'><strong>provenerit,</strong></span> <span class='ocrx_word' id='word_1_210' title='bbox 1568 1930 1669 1986; x_wconf 85' lang='lat' dir='ltr'><strong>sibi</strong></span> <span class='ocrx_word' id='word_1_211' title='bbox 1733 1931 2057 2001; x_wconf 81' lang='lat' dir='ltr'><strong>principium</strong></span> 
     </span>
    </p>
   </div>
   <div class='ocr_carea' id='block_1_20' title="bbox 480 2026 814 2082">
    <p class='ocr_par' dir='ltr' id='par_1_20' title="bbox 480 2026 814 2082">
     <span class='ocr_line' id='line_1_20' title="bbox 480 2026 814 2082; baseline 0.003 -3"><span class='ocrx_word' id='word_1_212' title='bbox 480 2027 767 2082; x_wconf 86' lang='lat' dir='ltr'><strong>vindicarit</strong></span> <span class='ocrx_word' id='word_1_213' title='bbox 792 2026 814 2080; x_wconf 78' lang='grc' dir='ltr'><strong>ί</strong></span> 
     </span>
    </p>
   </div>
   <div class='ocr_carea' id='block_1_21' title="bbox 555 2115 2062 2187">
    <p class='ocr_par' dir='ltr' id='par_1_21' title="bbox 555 2115 2062 2187">
     <span class='ocr_line' id='line_1_21' title="bbox 555 2115 2062 2187; baseline -0.002 -14"><span class='ocrx_word' id='word_1_214' title='bbox 555 2118 612 2173; x_wconf 87' lang='lat' dir='ltr'><strong>Si</strong></span> <span class='ocrx_word' id='word_1_215' title='bbox 635 2119 774 2187; x_wconf 73' lang='lat' dir='ltr'><strong>ignis</strong></span> <span class='ocrx_word' id='word_1_216' title='bbox 802 2120 902 2173; x_wconf 90' lang='lat' dir='ltr'><strong>sub</strong></span> <span class='ocrx_word' id='word_1_217' title='bbox 932 2133 1148 2174; x_wconf 84' lang='lat' dir='ltr'><strong>sensum</strong></span> <span class='ocrx_word' id='word_1_218' title='bbox 1213 2117 1381 2183; x_wconf 86' lang='lat' dir='ltr'><strong>cadit,</strong></span> <span class='ocrx_word' id='word_1_219' title='bbox 1415 2115 1576 2185; x_wconf 86' lang='lat' dir='ltr'><strong>cujus</strong></span> <span class='ocrx_word' id='word_1_220' title='bbox 1628 2128 1713 2174; x_wconf 85' lang='lat' dir='ltr'><strong>est</strong></span> <span class='ocrx_word' id='word_1_221' title='bbox 1760 2115 1937 2187; x_wconf 83' lang='lat' dir='ltr'><strong>opus?</strong></span> <span class='ocrx_word' id='word_1_222' title='bbox 2002 2116 2062 2171; x_wconf 83' lang='lat' dir='ltr'><strong>Si</strong></span> 
     </span>
    </p>
   </div>
   <div class='ocr_carea' id='block_1_22' title="bbox 482 2210 2063 2278">
    <p class='ocr_par' dir='ltr' id='par_1_22' title="bbox 482 2210 2063 2278">
     <span class='ocr_line' id='line_1_22' title="bbox 482 2210 2063 2278; baseline -0.001 -12"><span class='ocrx_word' id='word_1_223' title='bbox 482 2213 634 2275; x_wconf 86' lang='lat' dir='ltr'><strong>mali,</strong></span> <span class='ocrx_word' id='word_1_224' title='bbox 667 2212 937 2278; x_wconf 83' lang='lat' dir='ltr'><strong>quomodo</strong></span> <span class='ocrx_word' id='word_1_225' title='bbox 973 2226 1039 2264; x_wconf 79' lang='lat' dir='ltr'><strong>ex</strong></span> <span class='ocrx_word' id='word_1_226' title='bbox 1074 2211 1192 2277; x_wconf 87' lang='lat' dir='ltr'><strong>ipso</strong></span> <span class='ocrx_word' id='word_1_227' title='bbox 1212 2221 1264 2264; x_wconf 88' lang='lat' dir='ltr'><strong>et</strong></span> <span class='ocrx_word' id='word_1_228' title='bbox 1292 2226 1358 2265; x_wconf 77' lang='lat' dir='ltr'><strong>ex</strong></span> <span class='ocrx_word' id='word_1_229' title='bbox 1396 2210 1639 2265; x_wconf 86' lang='lat' dir='ltr'><strong>tenebris</strong></span> <span class='ocrx_word' id='word_1_230' title='bbox 1680 2210 1881 2264; x_wconf 87' lang='lat' dir='ltr'><strong>malum</strong></span> <span class='ocrx_word' id='word_1_231' title='bbox 1942 2225 2063 2265; x_wconf 83' lang='lat' dir='ltr'><strong>csse</strong></span> 
     </span>
    </p>
   </div>
   <div class='ocr_carea' id='block_1_23' title="bbox 483 2299 2063 2373">
    <p class='ocr_par' dir='ltr' id='par_1_23' title="bbox 483 2299 2063 2373">
     <span class='ocr_line' id='line_1_23' title="bbox 483 2299 2063 2373; baseline -0.005 -16"><span class='ocrx_word' id='word_1_232' title='bbox 483 2302 784 2373; x_wconf 80' lang='lat' dir='ltr'><strong>profectum</strong></span> <span class='ocrx_word' id='word_1_233' title='bbox 824 2301 1049 2356; x_wconf 82' lang='lat' dir='ltr'><strong>dicunt?</strong></span> <span class='ocrx_word' id='word_1_234' title='bbox 1079 2299 1175 2354; x_wconf 89' lang='lat' dir='ltr'><strong>Sin</strong></span> <span class='ocrx_word' id='word_1_235' title='bbox 1206 2299 1357 2366; x_wconf 90' lang='lat' dir='ltr'><strong>boni,</strong></span> <span class='ocrx_word' id='word_1_236' title='bbox 1384 2299 1654 2370; x_wconf 91' lang='lat' dir='ltr'><strong>quomodo</strong></span> <span class='ocrx_word' id='word_1_237' title='bbox 1689 2308 1885 2368; x_wconf 74' lang='lat' dir='ltr'><strong>negant</strong></span> <span class='ocrx_word' id='word_1_238' title='bbox 1938 2311 2063 2351; x_wconf 88' lang='lat' dir='ltr'><strong>scn-</strong></span> 
     </span>
    </p>
   </div>
   <div class='ocr_carea' id='block_1_24' title="bbox 482 2388 2063 2462">
    <p class='ocr_par' dir='ltr' id='par_1_24' title="bbox 482 2388 2063 2462">
     <span class='ocr_line' id='line_1_24' title="bbox 482 2388 2063 2462; baseline -0.004 -14"><span class='ocrx_word' id='word_1_239' title='bbox 482 2394 640 2451; x_wconf 85' lang='lat' dir='ltr'><strong>sibile</strong></span> <span class='ocrx_word' id='word_1_240' title='bbox 677 2394 969 2462; x_wconf 83' lang='lat' dir='ltr'><strong>quidquam</strong></span> <span class='ocrx_word' id='word_1_241' title='bbox 1005 2409 1034 2446; x_wconf 93' lang='lat' dir='ltr'><strong>a</strong></span> <span class='ocrx_word' id='word_1_242' title='bbox 1100 2393 1240 2447; x_wconf 88' lang='lat' dir='ltr'><strong>bono</strong></span> <span class='ocrx_word' id='word_1_243' title='bbox 1308 2390 1608 2461; x_wconf 78' lang='lat' dir='ltr'><strong>proiectum</strong></span> <span class='ocrx_word' id='word_1_244' title='bbox 1664 2392 1825 2446; x_wconf 80' lang='lat' dir='ltr'><strong>esse?</strong></span> <span class='ocrx_word' id='word_1_245' title='bbox 1878 2388 2063 2459; x_wconf 81' lang='lat' dir='ltr'><strong>Neque</strong></span> 
     </span>
    </p>
   </div>
   <div class='ocr_carea' id='block_1_25' title="bbox 487 2482 2061 2554">
    <p class='ocr_par' dir='ltr' id='par_1_25' title="bbox 487 2482 2061 2554">
     <span class='ocr_line' id='line_1_25' title="bbox 487 2482 2061 2554; baseline -0.004 -12"><span class='ocrx_word' id='word_1_246' title='bbox 487 2486 635 2542; x_wconf 89' lang='lat' dir='ltr'><strong>enim</strong></span> <span class='ocrx_word' id='word_1_247' title='bbox 663 2486 846 2541; x_wconf 85' lang='lat' dir='ltr'><strong>dicere</strong></span> <span class='ocrx_word' id='word_1_248' title='bbox 877 2492 1106 2554; x_wconf 83' lang='lat' dir='ltr'><strong>possunt</strong></span> <span class='ocrx_word' id='word_1_249' title='bbox 1131 2484 1199 2539; x_wconf 88' lang='lat' dir='ltr'><strong>ab</strong></span> <span class='ocrx_word' id='word_1_250' title='bbox 1237 2483 1558 2554; x_wconf 70' lang='lat' dir='ltr'><strong>intelligibili</strong></span> <span class='ocrx_word' id='word_1_251' title='bbox 1594 2482 1915 2552; x_wconf 75' lang='lat' dir='ltr'><strong>provenisse</strong></span> <span class='ocrx_word' id='word_1_252' title='bbox 1950 2495 2061 2535; x_wconf 83' lang='lat' dir='ltr'><strong>ma-</strong></span> 
     </span>
    </p>
   </div>
   <div class='ocr_carea' id='block_1_26' title="bbox 488 2570 2063 2645">
    <p class='ocr_par' dir='ltr' id='par_1_26' title="bbox 488 2570 2063 2645">
     <span class='ocr_line' id='line_1_26' title="bbox 488 2570 2063 2645; baseline -0.004 -15"><span class='ocrx_word' id='word_1_253' title='bbox 488 2576 622 2639; x_wconf 90' lang='lat' dir='ltr'><strong>lum,</strong></span> <span class='ocrx_word' id='word_1_254' title='bbox 656 2590 777 2630; x_wconf 90' lang='lat' dir='ltr'><strong>cum</strong></span> <span class='ocrx_word' id='word_1_255' title='bbox 829 2574 1188 2645; x_wconf 77' lang='lat' dir='ltr'><strong>intelligibilia</strong></span> <span class='ocrx_word' id='word_1_256' title='bbox 1240 2583 1435 2629; x_wconf 91' lang='lat' dir='ltr'><strong>cuncta</strong></span> <span class='ocrx_word' id='word_1_257' title='bbox 1497 2572 1640 2628; x_wconf 88' lang='lat' dir='ltr'><strong>bono</strong></span> <span class='ocrx_word' id='word_1_258' title='bbox 1695 2570 2063 2626; x_wconf 82' lang='lat' dir='ltr'><strong>attribuerim.</strong></span> 
     </span>
    </p>
   </div>
   <div class='ocr_carea' id='block_1_27' title="bbox 481 2662 2063 2736">
    <p class='ocr_par' dir='ltr' id='par_1_27' title="bbox 481 2662 2063 2736">
     <span class='ocr_line' id='line_1_27' title="bbox 481 2662 2063 2736; baseline -0.002 -16"><span class='ocrx_word' id='word_1_259' title='bbox 481 2664 864 2720; x_wconf 85' lang='lat' dir='ltr'><strong>Necessarium</strong></span> <span class='ocrx_word' id='word_1_260' title='bbox 895 2665 1060 2736; x_wconf 75' lang='lat' dir='ltr'><strong>igitur</strong></span> <span class='ocrx_word' id='word_1_261' title='bbox 1091 2672 1196 2729; x_wconf 89' lang='lat' dir='ltr'><strong>est,</strong></span> <span class='ocrx_word' id='word_1_262' title='bbox 1234 2673 1292 2719; x_wconf 87' lang='lat' dir='ltr'><strong>ut</strong></span> <span class='ocrx_word' id='word_1_263' title='bbox 1354 2665 1481 2718; x_wconf 86' lang='lat' dir='ltr'><strong>dum</strong></span> <span class='ocrx_word' id='word_1_264' title='bbox 1541 2675 1738 2719; x_wconf 86' lang='lat' dir='ltr'><strong>cavent</strong></span> <span class='ocrx_word' id='word_1_265' title='bbox 1798 2678 1864 2717; x_wconf 88' lang='lat' dir='ltr'><strong>ne</strong></span> <span class='ocrx_word' id='word_1_266' title='bbox 1896 2662 2063 2729; x_wconf 84' lang='lat' dir='ltr'><strong>;malo</strong></span> 
     </span>
    </p>
   </div>
   <div class='ocr_carea' id='block_1_28' title="bbox 485 2754 2059 2828">
    <p class='ocr_par' dir='ltr' id='par_1_28' title="bbox 485 2754 2059 2828">
     <span class='ocr_line' id='line_1_28' title="bbox 485 2754 2059 2828; baseline -0.003 -17"><span class='ocrx_word' id='word_1_267' title='bbox 485 2758 629 2828; x_wconf 75' lang='lat' dir='ltr'><strong>ignis</strong></span> <span class='ocrx_word' id='word_1_268' title='bbox 652 2770 834 2811; x_wconf 89' lang='lat' dir='ltr'><strong>ortum</strong></span> <span class='ocrx_word' id='word_1_269' title='bbox 866 2758 1123 2823; x_wconf 84' lang='lat' dir='ltr'><strong>tribuant,</strong></span> <span class='ocrx_word' id='word_1_270' title='bbox 1155 2769 1222 2810; x_wconf 91' lang='lat' dir='ltr'><strong>ne</strong></span> <span class='ocrx_word' id='word_1_271' title='bbox 1265 2754 1764 2824; x_wconf 83' lang='lat' dir='ltr'><strong>deprehendantur,</strong></span> <span class='ocrx_word' id='word_1_272' title='bbox 1810 2755 2059 2808; x_wconf 81' lang='lat' dir='ltr'><strong>eumdem</strong></span> 
     </span>
    </p>
   </div>
   <div class='ocr_carea' id='block_1_29' title="bbox 486 2842 2064 2911">
    <p class='ocr_par' dir='ltr' id='par_1_29' title="bbox 486 2842 2064 2911">
     <span class='ocr_line' id='line_1_29' title="bbox 486 2842 2064 2911; baseline -0.002 -12"><span class='ocrx_word' id='word_1_273' title='bbox 486 2847 645 2900; x_wconf 88' lang='lat' dir='ltr'><strong>modo</strong></span> <span class='ocrx_word' id='word_1_274' title='bbox 666 2845 1000 2909; x_wconf 75' lang='lat' dir='ltr'><strong>etfectorem,</strong></span> <span class='ocrx_word' id='word_1_275' title='bbox 1070 2844 1231 2898; x_wconf 90' lang='lat' dir='ltr'><strong>modo</strong></span> <span class='ocrx_word' id='word_1_276' title='bbox 1279 2842 1485 2897; x_wconf 81' lang='lat' dir='ltr'><strong>factum</strong></span> <span class='ocrx_word' id='word_1_277' title='bbox 1533 2843 1733 2911; x_wconf 87' lang='lat' dir='ltr'><strong>dicere,</strong></span> <span class='ocrx_word' id='word_1_278' title='bbox 1772 2843 1856 2898; x_wconf 96' lang='lat' dir='ltr'><strong>vel</strong></span> <span class='ocrx_word' id='word_1_279' title='bbox 1907 2843 2064 2896; x_wconf 79' lang='lat' dir='ltr'><strong>inviti</strong></span> 
     </span>
    </p>
   </div>
   <div class='ocr_carea' id='block_1_30' title="bbox 484 2933 2054 3008">
    <p class='ocr_par' dir='ltr' id='par_1_30' title="bbox 484 2933 2054 3008">
     <span class='ocr_line' id='line_1_30' title="bbox 484 2933 2054 3008; baseline -0.002 -18"><span class='ocrx_word' id='word_1_280' title='bbox 484 2937 957 3008; x_wconf 79' lang='lat' dir='ltr'><strong>tateauturiguem</strong></span> <span class='ocrx_word' id='word_1_281' title='bbox 1013 2949 1233 3005; x_wconf 91' lang='lat' dir='ltr'><strong>quoque</strong></span> <span class='ocrx_word' id='word_1_282' title='bbox 1264 2950 1293 2988; x_wconf 78' lang='grc' dir='ltr'>ιι</span> <span class='ocrx_word' id='word_1_283' title='bbox 1344 2935 1487 2990; x_wconf 88' lang='lat' dir='ltr'><strong>bono</strong></span> <span class='ocrx_word' id='word_1_284' title='bbox 1545 2935 1883 3004; x_wconf 81' lang='lat' dir='ltr'><strong>provenisse.</strong></span> <span class='ocrx_word' id='word_1_285' title='bbox 1920 2933 2054 2989; x_wconf 88' lang='lat' dir='ltr'><strong>Cum</strong></span> 
     </span>
    </p>
   </div>
   <div class='ocr_carea' id='block_1_31' title="bbox 482 3025 2065 3097">
    <p class='ocr_par' dir='ltr' id='par_1_31' title="bbox 482 3025 2065 3097">
     <span class='ocr_line' id='line_1_31' title="bbox 482 3025 2065 3097; baseline -0.001 -14"><span class='ocrx_word' id='word_1_286' title='bbox 482 3030 627 3083; x_wconf 89' lang='lat' dir='ltr'><strong>enim</strong></span> <span class='ocrx_word' id='word_1_287' title='bbox 666 3029 807 3097; x_wconf 68' lang='lat' dir='ltr'><strong>ignis</strong></span> <span class='ocrx_word' id='word_1_288' title='bbox 841 3026 1111 3083; x_wconf 82' lang='lat' dir='ltr'><strong>sensibilis</strong></span> <span class='ocrx_word' id='word_1_289' title='bbox 1143 3027 1396 3093; x_wconf 83' lang='lat' dir='ltr'><strong>exsistat,</strong></span> <span class='ocrx_word' id='word_1_290' title='bbox 1424 3025 1675 3097; x_wconf 85' lang='lat' dir='ltr'><strong>quamvis</strong></span> <span class='ocrx_word' id='word_1_291' title='bbox 1731 3027 1784 3081; x_wconf 90' lang='lat' dir='ltr'><strong>in</strong></span> <span class='ocrx_word' id='word_1_292' title='bbox 1825 3027 2065 3082; x_wconf 79' lang='lat' dir='ltr'><strong>tenebris</strong></span> 
     </span>
    </p>
   </div>
   <div class='ocr_carea' id='block_1_32' title="bbox 481 3117 2064 3187">
    <p class='ocr_par' dir='ltr' id='par_1_32' title="bbox 481 3117 2064 3187">
     <span class='ocr_line' id='line_1_32' title="bbox 481 3117 2064 3187; baseline -0.001 -14"><span class='ocrx_word' id='word_1_293' title='bbox 481 3130 789 3187; x_wconf 80' lang='lat' dir='ltr'><strong>versentur,</strong></span> <span class='ocrx_word' id='word_1_294' title='bbox 818 3134 940 3174; x_wconf 89' lang='lat' dir='ltr'><strong>eum</strong></span> <span class='ocrx_word' id='word_1_295' title='bbox 1002 3125 1182 3172; x_wconf 89' lang='lat' dir='ltr'><strong>tamen</strong></span> <span class='ocrx_word' id='word_1_296' title='bbox 1233 3132 1339 3173; x_wconf 88' lang='lat' dir='ltr'><strong>nec</strong></span> <span class='ocrx_word' id='word_1_297' title='bbox 1385 3117 1653 3187; x_wconf 83' lang='lat' dir='ltr'><strong>principio</strong></span> <span class='ocrx_word' id='word_1_298' title='bbox 1693 3131 1903 3182; x_wconf 85' lang='lat' dir='ltr'><strong>carere,</strong></span> <span class='ocrx_word' id='word_1_299' title='bbox 1961 3133 2064 3172; x_wconf 86' lang='lat' dir='ltr'><strong>nec</strong></span> 
     </span>
    </p>
   </div>
   <div class='ocr_carea' id='block_1_33' title="bbox 481 3209 1142 3265">
    <p class='ocr_par' dir='ltr' id='par_1_33' title="bbox 481 3209 1142 3265">
     <span class='ocr_line' id='line_1_33' title="bbox 481 3209 1142 3265; baseline -0.003 0"><span class='ocrx_word' id='word_1_300' title='bbox 481 3218 748 3265; x_wconf 68' lang='lat' dir='ltr'><strong>aeternum</strong></span> <span class='ocrx_word' id='word_1_301' title='bbox 786 3224 907 3264; x_wconf 84' lang='lat' dir='ltr'><strong>esse</strong></span> <span class='ocrx_word' id='word_1_302' title='bbox 936 3209 1142 3264; x_wconf 88' lang='lat' dir='ltr'><strong>dicent.</strong></span> 
     </span>
    </p>
   </div>
   <div class='ocr_carea' id='block_1_34' title="bbox 484 3322 2062 3392">
    <p class='ocr_par' dir='ltr' id='par_1_34' title="bbox 484 3322 2062 3392">
     <span class='ocr_line' id='line_1_34' title="bbox 484 3322 2062 3392; baseline -0.001 -15"><span class='ocrx_word' id='word_1_303' title='bbox 484 3322 606 3377; x_wconf 85' lang='lat' dir='ltr'><strong>Duo</strong></span> <span class='ocrx_word' id='word_1_304' title='bbox 639 3339 742 3377; x_wconf 83' lang='lat' dir='ltr'><strong>non</strong></span> <span class='ocrx_word' id='word_1_305' title='bbox 772 3340 889 3378; x_wconf 82' lang='lat' dir='ltr'><strong>esse</strong></span> <span class='ocrx_word' id='word_1_306' title='bbox 942 3322 1224 3392; x_wconf 79' lang='lat' dir='ltr'><strong>principia,</strong></span> <span class='ocrx_word' id='word_1_307' title='bbox 1289 3323 1379 3376; x_wconf 78' lang='lat' dir='ltr'><strong>sed</strong></span> <span class='ocrx_word' id='word_1_308' title='bbox 1432 3339 1595 3375; x_wconf 84' lang='lat' dir='ltr'><strong>unum</strong></span> <span class='ocrx_word' id='word_1_309' title='bbox 1645 3339 1756 3378; x_wconf 77' lang='lat' dir='ltr'><strong>esse</strong></span> <span class='ocrx_word' id='word_1_310' title='bbox 1811 3326 1946 3389; x_wconf 68' lang='lat' dir='ltr'><strong>caeli,</strong></span> <span class='ocrx_word' id='word_1_311' title='bbox 2011 3336 2062 3377; x_wconf 87' lang='lat' dir='ltr'><strong>et</strong></span> 
     </span>
    </p>
   </div>
   <div class='ocr_carea' id='block_1_35' title="bbox 555 3392 1987 3463">
    <p class='ocr_par' dir='ltr' id='par_1_35' title="bbox 555 3392 1987 3463">
     <span class='ocr_line' id='line_1_35' title="bbox 555 3392 1987 3463; baseline 0.001 -18"><span class='ocrx_word' id='word_1_312' title='bbox 555 3403 734 3457; x_wconf 66' lang='lat' dir='ltr'><strong>terra,</strong></span> <span class='ocrx_word' id='word_1_313' title='bbox 759 3403 1008 3447; x_wconf 82' lang='lat' dir='ltr'><strong>eteorum</strong></span> <span class='ocrx_word' id='word_1_314' title='bbox 1040 3408 1157 3462; x_wconf 73' lang='lat' dir='ltr'><strong>qua:</strong></span> <span class='ocrx_word' id='word_1_315' title='bbox 1186 3394 1239 3445; x_wconf 89' lang='lat' dir='ltr'><strong>in</strong></span> <span class='ocrx_word' id='word_1_316' title='bbox 1275 3392 1445 3445; x_wconf 82' lang='lat' dir='ltr'><strong>medio</strong></span> <span class='ocrx_word' id='word_1_317' title='bbox 1474 3404 1618 3460; x_wconf 86' lang='lat' dir='ltr'><strong>sunt,</strong></span> <span class='ocrx_word' id='word_1_318' title='bbox 1670 3394 1987 3463; x_wconf 66' lang='lat' dir='ltr'><strong>e/fectorem.</strong></span> 
     </span>
    </p>
   </div>
   <div class='ocr_carea' id='block_1_36' title="bbox 552 3464 2067 3554">
    <p class='ocr_par' dir='ltr' id='par_1_36' title="bbox 552 3464 2067 3554">
     <span class='ocr_line' id='line_1_36' title="bbox 552 3464 2067 3554; baseline 0.006 -22"><span class='ocrx_word' id='word_1_319' title='bbox 552 3483 781 3548; x_wconf 78' lang='lat' dir='ltr'><strong>Quidam</strong></span> <span class='ocrx_word' id='word_1_320' title='bbox 818 3464 1054 3554; x_wconf 78' lang='lat' dir='ltr'><strong>ipsorum</strong></span> <span class='ocrx_word' id='word_1_321' title='bbox 1082 3482 1247 3538; x_wconf 86' lang='lat' dir='ltr'><strong>Deum</strong></span> <span class='ocrx_word' id='word_1_322' title='bbox 1273 3484 1473 3539; x_wconf 88' lang='lat' dir='ltr'><strong>bonum</strong></span> <span class='ocrx_word' id='word_1_323' title='bbox 1502 3486 1622 3539; x_wconf 74' lang='lat' dir='ltr'><strong>cmii</strong></span> <span class='ocrx_word' id='word_1_324' title='bbox 1651 3495 1854 3539; x_wconf 84' lang='lat' dir='ltr'><strong>tantum</strong></span> <span class='ocrx_word' id='word_1_325' title='bbox 1878 3497 2067 3541; x_wconf 84' lang='lat' dir='ltr'><strong>aucto-</strong></span> 
     </span>
    </p>
   </div>
   <div class='ocr_carea' id='block_1_37' title="bbox 487 3576 2059 3648">
    <p class='ocr_par' dir='ltr' id='par_1_37' title="bbox 487 3576 2059 3648">
     <span class='ocr_line' id='line_1_37' title="bbox 487 3576 2059 3648; baseline 0.006 -21"><span class='ocrx_word' id='word_1_326' title='bbox 487 3591 599 3628; x_wconf 78' lang='lat' dir='ltr'><strong>rem</strong></span> <span class='ocrx_word' id='word_1_327' title='bbox 627 3591 748 3630; x_wconf 79' lang='lat' dir='ltr'><strong>esse</strong></span> <span class='ocrx_word' id='word_1_328' title='bbox 777 3576 1106 3641; x_wconf 73' lang='lat' dir='ltr'><strong>concedunt,</strong></span> <span class='ocrx_word' id='word_1_329' title='bbox 1143 3584 1301 3630; x_wconf 66' lang='lat' dir='ltr'><strong>terra:</strong></span> <span class='ocrx_word' id='word_1_330' title='bbox 1329 3584 1507 3631; x_wconf 87' lang='lat' dir='ltr'><strong>autem</strong></span> <span class='ocrx_word' id='word_1_331' title='bbox 1537 3587 1590 3631; x_wconf 87' lang='lat' dir='ltr'><strong>et</strong></span> <span class='ocrx_word' id='word_1_332' title='bbox 1621 3592 1806 3632; x_wconf 91' lang='lat' dir='ltr'><strong>eorum</strong></span> <span class='ocrx_word' id='word_1_333' title='bbox 1837 3596 1956 3648; x_wconf 78' lang='lat' dir='ltr'><strong>quae</strong></span> <span class='ocrx_word' id='word_1_334' title='bbox 2007 3583 2059 3635; x_wconf 90' lang='lat' dir='ltr'><strong>in</strong></span> 
     </span>
    </p>
   </div>
   <div class='ocr_carea' id='block_1_38' title="bbox 483 3667 2061 3743">
    <p class='ocr_par' dir='ltr' id='par_1_38' title="bbox 483 3667 2061 3743">
     <span class='ocr_line' id='line_1_38' title="bbox 483 3667 2061 3743; baseline 0.003 -22"><span class='ocrx_word' id='word_1_335' title='bbox 483 3668 660 3721; x_wconf 86' lang='lat' dir='ltr'><strong>medio</strong></span> <span class='ocrx_word' id='word_1_336' title='bbox 691 3677 839 3733; x_wconf 87' lang='lat' dir='ltr'><strong>sunt,</strong></span> <span class='ocrx_word' id='word_1_337' title='bbox 898 3667 1207 3722; x_wconf 77' lang='lat' dir='ltr'><strong>ell&#39;ectorem</strong></span> <span class='ocrx_word' id='word_1_338' title='bbox 1262 3667 1428 3722; x_wconf 88' lang='lat' dir='ltr'><strong>alium</strong></span> <span class='ocrx_word' id='word_1_339' title='bbox 1470 3667 1726 3724; x_wconf 75' lang='lat' dir='ltr'><strong>atl‘etunt.</strong></span> <span class='ocrx_word' id='word_1_340' title='bbox 1777 3671 1879 3725; x_wconf 84' lang='lat' dir='ltr'><strong>Alii</strong></span> <span class='ocrx_word' id='word_1_341' title='bbox 1915 3674 2061 3743; x_wconf 85' lang='lat' dir='ltr'><strong>(nam</strong></span> 
     </span>
    </p>
   </div>
   <div class='ocr_carea' id='block_1_39' title="bbox 484 3761 2064 3832">
    <p class='ocr_par' dir='ltr' id='par_1_39' title="bbox 484 3761 2064 3832">
     <span class='ocr_line' id='line_1_39' title="bbox 484 3761 2064 3832; baseline 0.003 -22"><span class='ocrx_word' id='word_1_342' title='bbox 484 3761 761 3829; x_wconf 69' lang='lat' dir='ltr'><strong>titttltiplcx</strong></span> <span class='ocrx_word' id='word_1_343' title='bbox 809 3769 892 3815; x_wconf 84' lang='lat' dir='ltr'><strong>est</strong></span> <span class='ocrx_word' id='word_1_344' title='bbox 931 3761 1158 3814; x_wconf 90' lang='lat' dir='ltr'><strong>istorum</strong></span> <span class='ocrx_word' id='word_1_345' title='bbox 1213 3762 1389 3829; x_wconf 88' lang='lat' dir='ltr'><strong>error)</strong></span> <span class='ocrx_word' id='word_1_346' title='bbox 1436 3768 1490 3814; x_wconf 90' lang='lat' dir='ltr'><strong>et</strong></span> <span class='ocrx_word' id='word_1_347' title='bbox 1536 3766 1735 3816; x_wconf 74' lang='lat' dir='ltr'><strong>ctutum</strong></span> <span class='ocrx_word' id='word_1_348' title='bbox 1774 3764 1978 3832; x_wconf 87' lang='lat' dir='ltr'><strong>ipsum,</strong></span> <span class='ocrx_word' id='word_1_349' title='bbox 2010 3772 2064 3815; x_wconf 79' lang='lat' dir='ltr'><strong>ct</strong></span> 
     </span>
    </p>
   </div>
   <div class='ocr_carea' id='block_1_40' title="bbox 478 3854 2063 3922">
    <p class='ocr_par' dir='ltr' id='par_1_40' title="bbox 478 3854 2063 3922">
     <span class='ocr_line' id='line_1_40' title="bbox 478 3854 2063 3922; baseline 0.006 -20"><span class='ocrx_word' id='word_1_350' title='bbox 478 3870 599 3921; x_wconf 65' lang='lat' dir='ltr'><strong>quae</strong></span> <span class='ocrx_word' id='word_1_351' title='bbox 642 3855 695 3905; x_wconf 90' lang='lat' dir='ltr'><strong>in</strong></span> <span class='ocrx_word' id='word_1_352' title='bbox 728 3854 906 3907; x_wconf 89' lang='lat' dir='ltr'><strong>medio</strong></span> <span class='ocrx_word' id='word_1_353' title='bbox 936 3862 1062 3909; x_wconf 84' lang='lat' dir='ltr'><strong>sunt</strong></span> <span class='ocrx_word' id='word_1_354' title='bbox 1100 3856 1303 3922; x_wconf 85' lang='lat' dir='ltr'><strong>omnia,</strong></span> <span class='ocrx_word' id='word_1_355' title='bbox 1343 3854 1548 3909; x_wconf 88' lang='lat' dir='ltr'><strong>inimici</strong></span> <span class='ocrx_word' id='word_1_356' title='bbox 1608 3855 1878 3909; x_wconf 81' lang='lat' dir='ltr'><strong>afﬁrmant</strong></span> <span class='ocrx_word' id='word_1_357' title='bbox 1942 3872 2063 3911; x_wconf 86' lang='lat' dir='ltr'><strong>esse</strong></span> 
     </span>
    </p>
   </div>
   <div class='ocr_carea' id='block_1_41' title="bbox 480 3946 2065 4015">
    <p class='ocr_par' dir='ltr' id='par_1_41' title="bbox 480 3946 2065 4015">
     <span class='ocr_line' id='line_1_41' title="bbox 480 3946 2065 4015; baseline 0.003 -18"><span class='ocrx_word' id='word_1_358' title='bbox 480 3960 664 4014; x_wconf 85' lang='lat' dir='ltr'><strong>opere.</strong></span> <span class='ocrx_word' id='word_1_359' title='bbox 699 3946 851 4013; x_wconf 82' lang='lat' dir='ltr'><strong>Quod</strong></span> <span class='ocrx_word' id='word_1_360' title='bbox 883 3946 951 4009; x_wconf 81' lang='lat' dir='ltr'><strong>si,</strong></span> <span class='ocrx_word' id='word_1_361' title='bbox 979 3954 1035 4000; x_wconf 90' lang='lat' dir='ltr'><strong>ut</strong></span> <span class='ocrx_word' id='word_1_362' title='bbox 1074 3946 1172 4015; x_wconf 85' lang='lat' dir='ltr'><strong>ipsi</strong></span> <span class='ocrx_word' id='word_1_363' title='bbox 1205 3947 1450 4002; x_wconf 81' lang='lat' dir='ltr'><strong>homines</strong></span> <span class='ocrx_word' id='word_1_364' title='bbox 1483 3947 1763 4015; x_wconf 80' lang='lat' dir='ltr'><strong>stapidiac</strong></span> <span class='ocrx_word' id='word_1_365' title='bbox 1786 3948 2065 4003; x_wconf 66' lang='lat' dir='ltr'><strong>dementes</strong></span> 
     </span>
    </p>
   </div>
   <div class='ocr_carea' id='block_1_42' title="bbox 482 4037 2132 4119">
    <p class='ocr_par' dir='ltr' id='par_1_42' title="bbox 482 4037 2132 4119">
     <span class='ocr_line' id='line_1_42' title="bbox 482 4037 2132 4119; baseline 0.005 -32"><span class='ocrx_word' id='word_1_366' title='bbox 482 4037 755 4090; x_wconf 66' lang='lat' dir='ltr'><strong>:itlirmant</strong></span> <span class='ocrx_word' id='word_1_367' title='bbox 806 4039 1005 4092; x_wconf 84' lang='lat' dir='ltr'><strong>coelum</strong></span> <span class='ocrx_word' id='word_1_368' title='bbox 1041 4037 1202 4092; x_wconf 87' lang='lat' dir='ltr'><strong>etiam</strong></span> <span class='ocrx_word' id='word_1_369' title='bbox 1258 4048 1342 4093; x_wconf 88' lang='lat' dir='ltr'><strong>est</strong></span> <span class='ocrx_word' id='word_1_370' title='bbox 1397 4052 1534 4107; x_wconf 86' lang='lat' dir='ltr'><strong>opus</strong></span> <span class='ocrx_word' id='word_1_371' title='bbox 1601 4038 1755 4104; x_wconf 83' lang='lat' dir='ltr'><strong>mali,</strong></span> <span class='ocrx_word' id='word_1_372' title='bbox 1790 4048 2132 4119; x_wconf 61' lang='lat' dir='ltr'><strong>quomodoc</strong></span> 
     </span>
    </p>
   </div>
   <div class='ocr_carea' id='block_1_43' title="bbox 482 4122 2065 4198">
    <p class='ocr_par' dir='ltr' id='par_1_43' title="bbox 482 4122 2065 4198">
     <span class='ocr_line' id='line_1_43' title="bbox 482 4122 2065 4198; baseline 0.001 -16"><span class='ocrx_word' id='word_1_373' title='bbox 482 4130 659 4183; x_wconf 77' lang='lat' dir='ltr'><strong>lmnus</strong></span> <span class='ocrx_word' id='word_1_374' title='bbox 689 4122 828 4182; x_wconf 81' lang='lat' dir='ltr'><strong>Deus</strong></span> <span class='ocrx_word' id='word_1_375' title='bbox 857 4129 907 4182; x_wconf 88' lang='lat' dir='ltr'><strong>in</strong></span> <span class='ocrx_word' id='word_1_376' title='bbox 939 4129 1089 4184; x_wconf 75' lang='lat' dir='ltr'><strong>cwlis</strong></span> <span class='ocrx_word' id='word_1_377' title='bbox 1128 4131 1492 4198; x_wconf 89' lang='lat' dir='ltr'><strong>conquiescit,</strong></span> <span class='ocrx_word' id='word_1_378' title='bbox 1520 4132 1613 4198; x_wconf 87' lang='lat' dir='ltr'><strong>qui</strong></span> <span class='ocrx_word' id='word_1_379' title='bbox 1654 4147 1685 4184; x_wconf 86' lang='lat' dir='ltr'><strong>a</strong></span> <span class='ocrx_word' id='word_1_380' title='bbox 1746 4132 1890 4185; x_wconf 88' lang='lat' dir='ltr'><strong>malo</strong></span> <span class='ocrx_word' id='word_1_381' title='bbox 1935 4147 2065 4185; x_wconf 85' lang='lat' dir='ltr'><strong>con-</strong></span> 
     </span>
    </p>
   </div>
   <div class='ocr_carea' id='block_1_44' title="bbox 483 4219 2067 4291">
    <p class='ocr_par' dir='ltr' id='par_1_44' title="bbox 483 4219 2067 4291">
     <span class='ocr_line' id='line_1_44' title="bbox 483 4219 2067 4291; baseline 0.001 -15"><span class='ocrx_word' id='word_1_382' title='bbox 483 4225 606 4277; x_wconf 75' lang='lat' dir='ltr'><strong>t‘.:cti</strong></span> <span class='ocrx_word' id='word_1_383' title='bbox 637 4223 811 4277; x_wconf 87' lang='lat' dir='ltr'><strong>sunt?</strong></span> <span class='ocrx_word' id='word_1_384' title='bbox 840 4222 1120 4286; x_wconf 82' lang='lat' dir='ltr'><strong>Quomodo</strong></span> <span class='ocrx_word' id='word_1_385' title='bbox 1159 4219 1418 4276; x_wconf 76' lang='lat' dir='ltr'><strong>Sen/utor</strong></span> <span class='ocrx_word' id='word_1_386' title='bbox 1501 4230 1707 4289; x_wconf 84' lang='lat' dir='ltr'><strong>noster,</strong></span> <span class='ocrx_word' id='word_1_387' title='bbox 1759 4238 1881 4276; x_wconf 85' lang='lat' dir='ltr'><strong>cum</strong></span> <span class='ocrx_word' id='word_1_388' title='bbox 1946 4239 2067 4291; x_wconf 88' lang='lat' dir='ltr'><strong>pre-</strong></span> 
     </span>
    </p>
   </div>
   <div class='ocr_carea' id='block_1_45' title="bbox 448 4313 2060 4375">
    <p class='ocr_par' dir='ltr' id='par_1_45' title="bbox 448 4313 2060 4375">
     <span class='ocr_line' id='line_1_45' title="bbox 448 4313 2060 4375; baseline 0 -8"><span class='ocrx_word' id='word_1_389' title='bbox 448 4360 455 4367; x_wconf 94' lang='lat'><strong>.</strong></span> <span class='ocrx_word' id='word_1_390' title='bbox 485 4315 646 4369; x_wconf 84' lang='lat' dir='ltr'><strong>candi</strong></span> <span class='ocrx_word' id='word_1_391' title='bbox 681 4313 944 4367; x_wconf 76' lang='lat' dir='ltr'><strong>rationem</strong></span> <span class='ocrx_word' id='word_1_392' title='bbox 979 4314 1220 4375; x_wconf 87' lang='lat' dir='ltr'><strong>doceret,</strong></span> <span class='ocrx_word' id='word_1_393' title='bbox 1246 4324 1300 4367; x_wconf 93' lang='lat' dir='ltr'><strong>et</strong></span> <span class='ocrx_word' id='word_1_394' title='bbox 1332 4313 1712 4368; x_wconf 81' lang='lat' dir='ltr'><strong>admirabilem</strong></span> <span class='ocrx_word' id='word_1_395' title='bbox 1782 4330 1848 4368; x_wconf 87' lang='lat' dir='ltr'><strong>ac</strong></span> <span class='ocrx_word' id='word_1_396' title='bbox 1896 4330 2060 4369; x_wconf 82' lang='lat' dir='ltr'><strong>vene-</strong></span> 
     </span>
    </p>
   </div>
   <div class='ocr_carea' id='block_1_46' title="bbox 485 4402 2064 4483">
    <p class='ocr_par' dir='ltr' id='par_1_46' title="bbox 485 4402 2064 4483">
     <span class='ocr_line' id='line_1_46' title="bbox 485 4402 2064 4483; baseline 0.001 -26"><span class='ocrx_word' id='word_1_397' title='bbox 485 4406 711 4458; x_wconf 75' lang='lat' dir='ltr'><strong>randum</strong></span> <span class='ocrx_word' id='word_1_398' title='bbox 738 4402 884 4459; x_wconf 88' lang='lat' dir='ltr'><strong>illam</strong></span> <span class='ocrx_word' id='word_1_399' title='bbox 923 4404 1291 4472; x_wconf 83' lang='lat' dir='ltr'><strong>precationem</strong></span> <span class='ocrx_word' id='word_1_400' title='bbox 1348 4406 1609 4467; x_wconf 84' lang='lat' dir='ltr'><strong>traderet,</strong></span> <span class='ocrx_word' id='word_1_401' title='bbox 1657 4405 1842 4460; x_wconf 81' lang='lat' dir='ltr'><strong>dixit:</strong></span> <span class='ocrx_word' id='word_1_402' title='bbox 1898 4405 2064 4483; x_wconf 72' lang='lat' dir='ltr'><strong>Pater</strong></span> 
     </span>
    </p>
   </div>
   <div class='ocr_carea' id='block_1_47' title="bbox 484 4495 2067 4562">
    <p class='ocr_par' dir='ltr' id='par_1_47' title="bbox 484 4495 2067 4562">
     <span class='ocr_line' id='line_1_47' title="bbox 484 4495 2067 4562; baseline 0.003 -12"><span class='ocrx_word' id='word_1_403' title='bbox 484 4508 680 4562; x_wconf 84' lang='lat' dir='ltr'><strong>noster,</strong></span> <span class='ocrx_word' id='word_1_404' title='bbox 711 4497 799 4562; x_wconf 87' lang='lat' dir='ltr'><strong>qui</strong></span> <span class='ocrx_word' id='word_1_405' title='bbox 829 4511 880 4550; x_wconf 82' lang='lat' dir='ltr'><strong>es</strong></span> <span class='ocrx_word' id='word_1_406' title='bbox 911 4496 965 4550; x_wconf 86' lang='lat' dir='ltr'><strong>in</strong></span> <span class='ocrx_word' id='word_1_407' title='bbox 993 4496 1135 4550; x_wconf 73' lang='lat' dir='ltr'><strong>caelis</strong></span> <span class='ocrx_word' id='word_1_408' title='bbox 1160 4495 1199 4550; x_wconf 76' lang='grc' dir='ltr'>ί.</span> <span class='ocrx_word' id='word_1_409' title='bbox 1236 4495 1300 4550; x_wconf 79' lang='lat' dir='ltr'><strong>Et</strong></span> <span class='ocrx_word' id='word_1_410' title='bbox 1350 4514 1365 4551; x_wconf 90' lang='lat'><strong>:</strong></span> <span class='ocrx_word' id='word_1_411' title='bbox 1391 4495 1517 4550; x_wconf 81' lang='lat' dir='ltr'><strong>Fiat</strong></span> <span class='ocrx_word' id='word_1_412' title='bbox 1542 4499 1784 4553; x_wconf 77' lang='lat' dir='ltr'><strong>voluntas</strong></span> <span class='ocrx_word' id='word_1_413' title='bbox 1814 4512 1905 4554; x_wconf 88' lang='lat' dir='ltr'><strong>tua</strong></span> <span class='ocrx_word' id='word_1_414' title='bbox 1930 4502 2067 4554; x_wconf 82' lang='lat' dir='ltr'><strong>sicut</strong></span> 
     </span>
    </p>
   </div>
   <div class='ocr_carea' id='block_1_48' title="bbox 482 4578 2064 4648">
    <p class='ocr_par' dir='ltr' id='par_1_48' title="bbox 482 4578 2064 4648">
     <span class='ocr_line' id='line_1_48' title="bbox 482 4578 2064 4648; baseline 0.003 -5"><span class='ocrx_word' id='word_1_415' title='bbox 482 4595 537 4643; x_wconf 85' lang='lat' dir='ltr'><strong>in</strong></span> <span class='ocrx_word' id='word_1_416' title='bbox 568 4591 694 4644; x_wconf 73' lang='lat' dir='ltr'><strong>caelo</strong></span> <span class='ocrx_word' id='word_1_417' title='bbox 722 4600 767 4643; x_wconf 83' lang='lat' dir='ltr'><strong>et</strong></span> <span class='ocrx_word' id='word_1_418' title='bbox 817 4578 1041 4643; x_wconf 76' lang='lat' dir='ltr'><strong>interra</strong></span> <span class='ocrx_word' id='word_1_419' title='bbox 1073 4591 1115 4645; x_wconf 81' lang='lat'><strong>&#39;.</strong></span> <span class='ocrx_word' id='word_1_420' title='bbox 1148 4589 1213 4643; x_wconf 81' lang='lat' dir='ltr'><strong>Et</strong></span> <span class='ocrx_word' id='word_1_421' title='bbox 1246 4605 1459 4645; x_wconf 90' lang='lat' dir='ltr'><strong>rursum</strong></span> <span class='ocrx_word' id='word_1_422' title='bbox 1499 4589 1599 4645; x_wconf 89' lang='lat' dir='ltr'><strong>:Si</strong></span> <span class='ocrx_word' id='word_1_423' title='bbox 1630 4592 1941 4647; x_wconf 84' lang='lat' dir='ltr'><strong>dimiseritis</strong></span> <span class='ocrx_word' id='word_1_424' title='bbox 1967 4595 2064 4648; x_wconf 83' lang='lat' dir='ltr'><strong>ho-</strong></span> 
     </span>
    </p>
   </div>
   <div class='ocr_carea' id='block_1_49' title="bbox 480 4683 2065 4749">
    <p class='ocr_par' dir='ltr' id='par_1_49' title="bbox 480 4683 2065 4749">
     <span class='ocr_line' id='line_1_49' title="bbox 480 4683 2065 4749; baseline 0.001 -13"><span class='ocrx_word' id='word_1_425' title='bbox 480 4685 705 4736; x_wconf 75' lang='lat' dir='ltr'><strong>minibus</strong></span> <span class='ocrx_word' id='word_1_426' title='bbox 732 4693 944 4749; x_wconf 77' lang='lat' dir='ltr'><strong>peccata</strong></span> <span class='ocrx_word' id='word_1_427' title='bbox 971 4697 1170 4746; x_wconf 77' lang='lat' dir='ltr'><strong>eorum,</strong></span> <span class='ocrx_word' id='word_1_428' title='bbox 1200 4683 1427 4737; x_wconf 79' lang='lat' dir='ltr'><strong>dimittet</strong></span> <span class='ocrx_word' id='word_1_429' title='bbox 1454 4683 1593 4739; x_wconf 82' lang='lat' dir='ltr'><strong>vobis</strong></span> <span class='ocrx_word' id='word_1_430' title='bbox 1616 4694 1665 4737; x_wconf 83' lang='lat' dir='ltr'><strong>et</strong></span> <span class='ocrx_word' id='word_1_431' title='bbox 1683 4687 1848 4739; x_wconf 80' lang='lat' dir='ltr'><strong>Pater</strong></span> <span class='ocrx_word' id='word_1_432' title='bbox 1898 4699 2065 4741; x_wconf 78' lang='lat' dir='ltr'><strong>uester</strong></span> 
     </span>
    </p>
   </div>
   <div class='ocr_carea' id='block_1_50' title="bbox 488 4772 2060 4846">
    <p class='ocr_par' dir='ltr' id='par_1_50' title="bbox 488 4772 2060 4846">
     <span class='ocr_line' id='line_1_50' title="bbox 488 4772 2060 4846; baseline -0.001 -15"><span class='ocrx_word' id='word_1_433' title='bbox 488 4777 709 4831; x_wconf 68' lang='lat' dir='ltr'><strong>caelestis</strong></span> <span class='ocrx_word' id='word_1_434' title='bbox 747 4775 788 4829; x_wconf 84' lang='grc'><strong>³.</strong></span> <span class='ocrx_word' id='word_1_435' title='bbox 827 4774 893 4828; x_wconf 85' lang='grc' dir='ltr'>Ει</span> <span class='ocrx_word' id='word_1_436' title='bbox 939 4774 1090 4839; x_wconf 85' lang='lat' dir='ltr'><strong>alibi,</strong></span> <span class='ocrx_word' id='word_1_437' title='bbox 1135 4772 1448 4846; x_wconf 79' lang='lat' dir='ltr'><strong>Quicunque</strong></span> <span class='ocrx_word' id='word_1_438' title='bbox 1506 4777 1687 4846; x_wconf 78' lang='lat' dir='ltr'><strong>fecerit</strong></span> <span class='ocrx_word' id='word_1_439' title='bbox 1738 4778 2060 4832; x_wconf 72' lang='lat' dir='ltr'><strong>voluntatem</strong></span> 
     </span>
    </p>
   </div>
   <div class='ocr_carea' id='block_1_51' title="bbox 452 4865 2058 4937">
    <p class='ocr_par' dir='ltr' id='par_1_51' title="bbox 452 4865 2058 4937">
     <span class='ocr_line' id='line_1_51' title="bbox 452 4865 2058 4937; baseline 0.003 -20"><span class='ocrx_word' id='word_1_440' title='bbox 452 4914 455 4917; x_wconf 21' lang='grc' dir='ltr'><strong>Α</strong></span> <span class='ocrx_word' id='word_1_441' title='bbox 481 4865 662 4920; x_wconf 77' lang='lat' dir='ltr'><strong>Patris</strong></span> <span class='ocrx_word' id='word_1_442' title='bbox 681 4871 806 4932; x_wconf 84' lang='lat' dir='ltr'><strong>mei,</strong></span> <span class='ocrx_word' id='word_1_443' title='bbox 831 4868 987 4937; x_wconf 78' lang='lat' dir='ltr'><strong>quiin</strong></span> <span class='ocrx_word' id='word_1_444' title='bbox 1012 4866 1154 4921; x_wconf 73' lang='lat' dir='ltr'><strong>cwlis</strong></span> <span class='ocrx_word' id='word_1_445' title='bbox 1176 4869 1397 4935; x_wconf 76' lang='lat' dir='ltr'><strong>est,ipse</strong></span> <span class='ocrx_word' id='word_1_446' title='bbox 1412 4883 1556 4921; x_wconf 83' lang='lat' dir='ltr'><strong>meus</strong></span> <span class='ocrx_word' id='word_1_447' title='bbox 1583 4868 1768 4935; x_wconf 80' lang='lat' dir='ltr'><strong>frater,</strong></span> <span class='ocrx_word' id='word_1_448' title='bbox 1809 4880 1857 4922; x_wconf 81' lang='lat' dir='ltr'><strong>et</strong></span> <span class='ocrx_word' id='word_1_449' title='bbox 1884 4884 2058 4934; x_wconf 81' lang='lat' dir='ltr'><strong>soror,</strong></span> 
     </span>
    </p>
   </div>
   <div class='ocr_carea' id='block_1_52' title="bbox 479 4957 2051 5029">
    <p class='ocr_par' dir='ltr' id='par_1_52' title="bbox 479 4957 2051 5029">
     <span class='ocr_line' id='line_1_52' title="bbox 479 4957 2051 5029; baseline 0.003 -18"><span class='ocrx_word' id='word_1_450' title='bbox 479 4969 528 5012; x_wconf 79' lang='lat' dir='ltr'><strong>et</strong></span> <span class='ocrx_word' id='word_1_451' title='bbox 557 4968 725 5011; x_wconf 84' lang='lat' dir='ltr'><strong>mater</strong></span> <span class='ocrx_word' id='word_1_452' title='bbox 771 4970 844 5011; x_wconf 69' lang='lat' dir='ltr'><strong>est</strong></span> <span class='ocrx_word' id='word_1_453' title='bbox 875 4957 919 5013; x_wconf 74' lang='lat'><strong>‘.</strong></span> <span class='ocrx_word' id='word_1_454' title='bbox 950 4958 1054 5013; x_wconf 91' lang='lat' dir='ltr'><strong>Sed</strong></span> <span class='ocrx_word' id='word_1_455' title='bbox 1075 4972 1139 5012; x_wconf 89' lang='lat' dir='ltr'><strong>ea</strong></span> <span class='ocrx_word' id='word_1_456' title='bbox 1171 4958 1389 5029; x_wconf 75' lang='lat' dir='ltr'><strong>longum</strong></span> <span class='ocrx_word' id='word_1_457' title='bbox 1421 4970 1569 5014; x_wconf 82' lang='lat' dir='ltr'><strong>esset</strong></span> <span class='ocrx_word' id='word_1_458' title='bbox 1601 4975 1941 5020; x_wconf 84' lang='lat' dir='ltr'><strong>enumerare.</strong></span> <span class='ocrx_word' id='word_1_459' title='bbox 1997 4961 2051 5015; x_wconf 92' lang='lat' dir='ltr'><strong>in</strong></span> 
     </span>
    </p>
   </div>
   <div class='ocr_carea' id='block_1_53' title="bbox 479 5050 2059 5121">
    <p class='ocr_par' dir='ltr' id='par_1_53' title="bbox 479 5050 2059 5121">
     <span class='ocr_line' id='line_1_53' title="bbox 479 5050 2059 5121; baseline 0.002 -17"><span class='ocrx_word' id='word_1_460' title='bbox 479 5053 679 5121; x_wconf 79' lang='lat' dir='ltr'><strong>quibus</strong></span> <span class='ocrx_word' id='word_1_461' title='bbox 742 5050 1045 5114; x_wconf 80' lang='lat' dir='ltr'><strong>ccelestcm,</strong></span> <span class='ocrx_word' id='word_1_462' title='bbox 1107 5060 1161 5104; x_wconf 90' lang='lat' dir='ltr'><strong>et</strong></span> <span class='ocrx_word' id='word_1_463' title='bbox 1213 5050 1304 5120; x_wconf 88' lang='lat' dir='ltr'><strong>qui</strong></span> <span class='ocrx_word' id='word_1_464' title='bbox 1338 5058 1420 5105; x_wconf 80' lang='lat' dir='ltr'><strong>est</strong></span> <span class='ocrx_word' id='word_1_465' title='bbox 1484 5053 1536 5105; x_wconf 89' lang='lat' dir='ltr'><strong>in</strong></span> <span class='ocrx_word' id='word_1_466' title='bbox 1590 5051 1766 5117; x_wconf 68' lang='lat' dir='ltr'><strong>cadis,</strong></span> <span class='ocrx_word' id='word_1_467' title='bbox 1800 5052 2059 5107; x_wconf 86' lang='lat' dir='ltr'><strong>Servator</strong></span> 
     </span>
    </p>
   </div>
   <div class='ocr_carea' id='block_1_54' title="bbox 480 5138 2054 5208">
    <p class='ocr_par' dir='ltr' id='par_1_54' title="bbox 480 5138 2054 5208">
     <span class='ocr_line' id='line_1_54' title="bbox 480 5138 2054 5208; baseline 0.003 -14"><span class='ocrx_word' id='word_1_468' title='bbox 480 5140 696 5196; x_wconf 73' lang='lat' dir='ltr'><strong>Patrem</strong></span> <span class='ocrx_word' id='word_1_469' title='bbox 741 5138 990 5208; x_wconf 86' lang='lat' dir='ltr'><strong>appellat.</strong></span> <span class='ocrx_word' id='word_1_470' title='bbox 1026 5140 1189 5194; x_wconf 77' lang='lat' dir='ltr'><strong>Miror</strong></span> <span class='ocrx_word' id='word_1_471' title='bbox 1242 5147 1423 5195; x_wconf 87' lang='lat' dir='ltr'><strong>tamen</strong></span> <span class='ocrx_word' id='word_1_472' title='bbox 1482 5157 1580 5196; x_wconf 90' lang='lat' dir='ltr'><strong>cur</strong></span> <span class='ocrx_word' id='word_1_473' title='bbox 1618 5143 2054 5199; x_wconf 80' lang='lat' dir='ltr'><strong>adversariorum</strong></span> 
     </span>
    </p>
   </div>
   <div class='ocr_carea' id='block_1_55' title="bbox 482 5231 2055 5301">
    <p class='ocr_par' dir='ltr' id='par_1_55' title="bbox 482 5231 2055 5301">
     <span class='ocr_line' id='line_1_55' title="bbox 482 5231 2055 5301; baseline 0.005 -18"><span class='ocrx_word' id='word_1_474' title='bbox 482 5232 814 5301; x_wconf 87' lang='lat' dir='ltr'><strong>impudentia</strong></span> <span class='ocrx_word' id='word_1_475' title='bbox 839 5246 943 5286; x_wconf 92' lang='lat' dir='ltr'><strong>non</strong></span> <span class='ocrx_word' id='word_1_476' title='bbox 974 5231 1254 5292; x_wconf 87' lang='lat' dir='ltr'><strong>obruatur,</strong></span> <span class='ocrx_word' id='word_1_477' title='bbox 1275 5231 1567 5286; x_wconf 81' lang='lat' dir='ltr'><strong>Scrvatore</strong></span> <span class='ocrx_word' id='word_1_478' title='bbox 1596 5233 1792 5289; x_wconf 82' lang='lat' dir='ltr'><strong>clarius</strong></span> <span class='ocrx_word' id='word_1_479' title='bbox 1809 5236 2055 5291; x_wconf 85' lang='lat' dir='ltr'><strong>dicente:</strong></span> 
     </span>
    </p>
   </div>
   <div class='ocr_carea' id='block_1_56' title="bbox 478 5322 2053 5394">
    <p class='ocr_par' dir='ltr' id='par_1_56' title="bbox 478 5322 2053 5394">
     <span class='ocr_line' id='line_1_56' title="bbox 478 5322 2053 5394; baseline 0.003 -16"><span class='ocrx_word' id='word_1_480' title='bbox 478 5324 746 5394; x_wconf 77' lang='lat' dir='ltr'><strong>Conﬁteor</strong></span> <span class='ocrx_word' id='word_1_481' title='bbox 807 5323 949 5387; x_wconf 83' lang='lat' dir='ltr'><strong>tibi,</strong></span> <span class='ocrx_word' id='word_1_482' title='bbox 998 5322 1179 5388; x_wconf 82' lang='lat' dir='ltr'><strong>Pater,</strong></span> <span class='ocrx_word' id='word_1_483' title='bbox 1244 5324 1463 5377; x_wconf 75' lang='lat' dir='ltr'><strong>Domine</strong></span> <span class='ocrx_word' id='word_1_484' title='bbox 1528 5326 1644 5377; x_wconf 74' lang='lat' dir='ltr'><strong>caeli</strong></span> <span class='ocrx_word' id='word_1_485' title='bbox 1699 5335 1751 5379; x_wconf 80' lang='lat' dir='ltr'><strong>et</strong></span> <span class='ocrx_word' id='word_1_486' title='bbox 1813 5337 1968 5382; x_wconf 75' lang='lat' dir='ltr'><strong>terra:</strong></span> <span class='ocrx_word' id='word_1_487' title='bbox 2007 5330 2053 5383; x_wconf 84' lang='grc'><strong>³.</strong></span> 
     </span>
    </p>
   </div>
   <div class='ocr_carea' id='block_1_57' title="bbox 2162 1456 3750 1538">
    <p class='ocr_par' dir='ltr' id='par_1_57' title="bbox 2162 1456 3750 1538">
     <span class='ocr_line' id='line_1_57' title="bbox 2162 1456 3750 1538; baseline 0 -21"><span class='ocrx_word' id='word_1_488' title='bbox 2162 1462 2254 1517; x_wconf 87' lang='grc' dir='ltr'>τὸν</span> <span class='ocrx_word' id='word_1_489' title='bbox 2296 1462 2552 1533; x_wconf 87' lang='grc' dir='ltr'>πονηρόν.</span> <span class='ocrx_word' id='word_1_490' title='bbox 2590 1462 2925 1533; x_wconf 84' lang='grc' dir='ltr'>Ἐρωτητέον</span> <span class='ocrx_word' id='word_1_491' title='bbox 2959 1456 3052 1516; x_wconf 80' lang='grc' dir='ltr'>οὖν</span> <span class='ocrx_word' id='word_1_492' title='bbox 3092 1462 3310 1528; x_wconf 76' lang='grc' dir='ltr'>αὐτοὺς,</span> <span class='ocrx_word' id='word_1_493' title='bbox 3352 1464 3606 1538; x_wconf 60' lang='grc' dir='ltr'>πῶςοοὺκ</span> <span class='ocrx_word' id='word_1_494' title='bbox 3642 1465 3750 1537; x_wconf 76' lang='grc' dir='ltr'><strong>ἧρ-</strong></span> 
     </span>
    </p>
   </div>
   <div class='ocr_carea' id='block_1_58' title="bbox 2162 1553 3747 1625">
    <p class='ocr_par' dir='ltr' id='par_1_58' title="bbox 2162 1553 3747 1625">
     <span class='ocr_line' id='line_1_58' title="bbox 2162 1553 3747 1625; baseline 0.003 -18"><span class='ocrx_word' id='word_1_495' title='bbox 2162 1571 2289 1608; x_wconf 83' lang='grc' dir='ltr'>κεσε</span> <span class='ocrx_word' id='word_1_496' title='bbox 2321 1553 2382 1608; x_wconf 84' lang='grc' dir='ltr'><strong>τὸ</strong></span> <span class='ocrx_word' id='word_1_497' title='bbox 2421 1553 2613 1618; x_wconf 82' lang='grc' dir='ltr'>σκότος</span> <span class='ocrx_word' id='word_1_498' title='bbox 2649 1554 2811 1625; x_wconf 88' lang='grc' dir='ltr'>μόνον</span> <span class='ocrx_word' id='word_1_499' title='bbox 2842 1555 2924 1619; x_wconf 88' lang='grc' dir='ltr'><strong>είς</strong></span> <span class='ocrx_word' id='word_1_500' title='bbox 2956 1555 3172 1624; x_wconf 82' lang='grc' dir='ltr'>γένεσιν</span> <span class='ocrx_word' id='word_1_501' title='bbox 3201 1554 3405 1615; x_wconf 74' lang='grc' dir='ltr'>αὐτοῦς</span> <span class='ocrx_word' id='word_1_502' title='bbox 3444 1556 3561 1620; x_wconf 85' lang='grc' dir='ltr'><strong>πῶς</strong></span> <span class='ocrx_word' id='word_1_503' title='bbox 3592 1557 3647 1611; x_wconf 86' lang='grc' dir='ltr'>δὲ</span> <span class='ocrx_word' id='word_1_504' title='bbox 3682 1559 3747 1611; x_wconf 82' lang='grc' dir='ltr'><strong>οὐ</strong></span> 
     </span>
    </p>
   </div>
   <div class='ocr_carea' id='block_1_59' title="bbox 2167 1645 3749 1718">
    <p class='ocr_par' dir='ltr' id='par_1_59' title="bbox 2167 1645 3749 1718">
     <span class='ocr_line' id='line_1_59' title="bbox 2167 1645 3749 1718; baseline 0.003 -20"><span class='ocrx_word' id='word_1_505' title='bbox 2167 1647 2330 1716; x_wconf 73' lang='grc' dir='ltr'>μόνον</span> <span class='ocrx_word' id='word_1_506' title='bbox 2361 1645 2421 1699; x_wconf 83' lang='grc' dir='ltr'><strong>τὸ</strong></span> <span class='ocrx_word' id='word_1_507' title='bbox 2449 1645 2595 1717; x_wconf 84' lang='grc' dir='ltr'><strong>πῦρ;</strong></span> <span class='ocrx_word' id='word_1_508' title='bbox 2621 1646 2705 1710; x_wconf 84' lang='grc' dir='ltr'><strong>τίς</strong></span> <span class='ocrx_word' id='word_1_509' title='bbox 2735 1647 2763 1700; x_wconf 86' lang='grc' dir='ltr'>ὁ</span> <span class='ocrx_word' id='word_1_510' title='bbox 2791 1646 3116 1717; x_wconf 87' lang='grc' dir='ltr'>συναγαγὼν</span> <span class='ocrx_word' id='word_1_511' title='bbox 3145 1648 3322 1701; x_wconf 76' lang='grc' dir='ltr'>ταῦτα</span> <span class='ocrx_word' id='word_1_512' title='bbox 3353 1648 3492 1718; x_wconf 82' lang='grc' dir='ltr'>πρὸς</span> <span class='ocrx_word' id='word_1_513' title='bbox 3523 1647 3749 1714; x_wconf 79' lang='grc' dir='ltr'>γένεσιν</span> 
     </span>
    </p>
   </div>
   <div class='ocr_carea' id='block_1_60' title="bbox 2162 1736 3751 1811">
    <p class='ocr_par' dir='ltr' id='par_1_60' title="bbox 2162 1736 3751 1811">
     <span class='ocr_line' id='line_1_60' title="bbox 2162 1736 3751 1811; baseline 0.004 -22"><span class='ocrx_word' id='word_1_514' title='bbox 2162 1736 2340 1808; x_wconf 81' lang='grc' dir='ltr'>ἀρχῆς</span> <span class='ocrx_word' id='word_1_515' title='bbox 2377 1738 2656 1810; x_wconf 83' lang='grc' dir='ltr'>πονηρᾶς;</span> <span class='ocrx_word' id='word_1_516' title='bbox 2695 1738 2820 1802; x_wconf 86' lang='grc' dir='ltr'>Πῶς</span> <span class='ocrx_word' id='word_1_517' title='bbox 2851 1738 2953 1793; x_wconf 80' lang='grc' dir='ltr'><strong>οὐκ</strong></span> <span class='ocrx_word' id='word_1_518' title='bbox 2985 1739 3130 1811; x_wconf 82' lang='grc' dir='ltr'>ἀρχὴ</span> <span class='ocrx_word' id='word_1_519' title='bbox 3162 1740 3336 1794; x_wconf 80' lang='grc' dir='ltr'>ταῦτα</span> <span class='ocrx_word' id='word_1_520' title='bbox 3375 1739 3615 1810; x_wconf 82' lang='grc' dir='ltr'>μᾶλλον,</span> <span class='ocrx_word' id='word_1_521' title='bbox 3649 1744 3751 1795; x_wconf 76' lang='grc' dir='ltr'><strong>καὶ</strong></span> 
     </span>
    </p>
   </div>
   <div class='ocr_carea' id='block_1_61' title="bbox 2160 1830 3750 1903">
    <p class='ocr_par' dir='ltr' id='par_1_61' title="bbox 2160 1830 3750 1903">
     <span class='ocr_line' id='line_1_61' title="bbox 2160 1830 3750 1903; baseline 0.003 -20"><span class='ocrx_word' id='word_1_522' title='bbox 2160 1830 2214 1883; x_wconf 88' lang='grc' dir='ltr'><strong>τί</strong></span> <span class='ocrx_word' id='word_1_523' title='bbox 2248 1830 2477 1899; x_wconf 84' lang='grc' dir='ltr'>γέγονε.</span> <span class='ocrx_word' id='word_1_524' title='bbox 2510 1832 2564 1884; x_wconf 90' lang='grc' dir='ltr'><strong>τί</strong></span> <span class='ocrx_word' id='word_1_525' title='bbox 2597 1830 2654 1884; x_wconf 79' lang='grc' dir='ltr'>δὲ</span> <span class='ocrx_word' id='word_1_526' title='bbox 2688 1834 2834 1886; x_wconf 87' lang='grc' dir='ltr'>ποιεῖ</span> <span class='ocrx_word' id='word_1_527' title='bbox 2862 1831 2959 1886; x_wconf 88' lang='lat'><strong>106</strong></span> <span class='ocrx_word' id='word_1_528' title='bbox 2993 1832 3053 1900; x_wconf 79' lang='grc' dir='ltr'>ἐξ</span> <span class='ocrx_word' id='word_1_529' title='bbox 3087 1832 3269 1887; x_wconf 85' lang='grc' dir='ltr'>αὐτῶν</span> <span class='ocrx_word' id='word_1_530' title='bbox 3302 1832 3750 1903; x_wconf 82' lang='grc' dir='ltr'>προεληλυθότος</span> 
     </span>
    </p>
   </div>
   <div class='ocr_carea' id='block_1_62' title="bbox 2162 1921 2892 1994">
    <p class='ocr_par' dir='ltr' id='par_1_62' title="bbox 2162 1921 2892 1994">
     <span class='ocr_line' id='line_1_62' title="bbox 2162 1921 2892 1994; baseline 0.007 -22"><span class='ocrx_word' id='word_1_531' title='bbox 2162 1921 2513 1990; x_wconf 84' lang='grc' dir='ltr'>ἁρπάσαντος</span> <span class='ocrx_word' id='word_1_532' title='bbox 2548 1922 2647 1994; x_wconf 78' lang='grc' dir='ltr'><strong>τὴν</strong></span> <span class='ocrx_word' id='word_1_533' title='bbox 2681 1923 2892 1993; x_wconf 80' lang='grc' dir='ltr'>ἀρχήν;</span> 
     </span>
    </p>
   </div>
   <div class='ocr_carea' id='block_1_63' title="bbox 2236 2099 3749 2179">
    <p class='ocr_par' dir='ltr' id='par_1_63' title="bbox 2236 2099 3749 2179">
     <span class='ocr_line' id='line_1_63' title="bbox 2236 2099 3749 2179; baseline 0.007 -27"><span class='ocrx_word' id='word_1_534' title='bbox 2236 2099 2406 2173; x_wconf 73' lang='grc' dir='ltr'>Εἴπερ</span> <span class='ocrx_word' id='word_1_535' title='bbox 2437 2101 2696 2174; x_wconf 72' lang='grc' dir='ltr'>αἰσθητὸν</span> <span class='ocrx_word' id='word_1_536' title='bbox 2724 2104 2784 2156; x_wconf 79' lang='grc' dir='ltr'>τὸ</span> <span class='ocrx_word' id='word_1_537' title='bbox 2817 2103 2950 2174; x_wconf 80' lang='grc' dir='ltr'><strong>πῦρ,</strong></span> <span class='ocrx_word' id='word_1_538' title='bbox 2978 2104 3123 2168; x_wconf 85' lang='grc' dir='ltr'>τίνος</span> <span class='ocrx_word' id='word_1_539' title='bbox 3152 2105 3299 2159; x_wconf 78' lang='grc' dir='ltr'>ἐστὶν</span> <span class='ocrx_word' id='word_1_540' title='bbox 3326 2106 3519 2176; x_wconf 73' lang='grc' dir='ltr'>ἐργονς</span> <span class='ocrx_word' id='word_1_541' title='bbox 3550 2108 3613 2163; x_wconf 86' lang='grc' dir='ltr'>Εί</span> <span class='ocrx_word' id='word_1_542' title='bbox 3643 2109 3749 2179; x_wconf 81' lang='grc' dir='ltr'>μὲν</span> 
     </span>
    </p>
   </div>
   <div class='ocr_carea' id='block_1_64' title="bbox 2163 2192 3747 2267">
    <p class='ocr_par' dir='ltr' id='par_1_64' title="bbox 2163 2192 3747 2267">
     <span class='ocr_line' id='line_1_64' title="bbox 2163 2192 3747 2267; baseline 0.008 -20"><span class='ocrx_word' id='word_1_543' title='bbox 2163 2192 2258 2247; x_wconf 84' lang='grc' dir='ltr'>τοῦ</span> <span class='ocrx_word' id='word_1_544' title='bbox 2295 2194 2558 2264; x_wconf 84' lang='grc' dir='ltr'>πονηροῦ,</span> <span class='ocrx_word' id='word_1_545' title='bbox 2597 2196 2713 2259; x_wconf 84' lang='grc' dir='ltr'>πῶς</span> <span class='ocrx_word' id='word_1_546' title='bbox 2748 2196 2809 2261; x_wconf 79' lang='grc' dir='ltr'>ἐξ</span> <span class='ocrx_word' id='word_1_547' title='bbox 2842 2198 3011 2252; x_wconf 79' lang='grc' dir='ltr'>αὑτοῦ</span> <span class='ocrx_word' id='word_1_548' title='bbox 3046 2216 3104 2252; x_wconf 81' lang='grc' dir='ltr'><strong>τε</strong></span> <span class='ocrx_word' id='word_1_549' title='bbox 3138 2201 3234 2253; x_wconf 80' lang='grc' dir='ltr'>καὶ</span> <span class='ocrx_word' id='word_1_550' title='bbox 3267 2201 3360 2255; x_wconf 83' lang='grc' dir='ltr'><strong>τοῦ</strong></span> <span class='ocrx_word' id='word_1_551' title='bbox 3396 2204 3623 2267; x_wconf 85' lang='grc' dir='ltr'>σκότους</span> <span class='ocrx_word' id='word_1_552' title='bbox 3654 2206 3747 2258; x_wconf 82' lang='grc' dir='ltr'><strong>λέ-</strong></span> 
     </span>
    </p>
   </div>
   <div class='ocr_carea' id='block_1_65' title="bbox 2164 2288 3745 2366">
    <p class='ocr_par' dir='ltr' id='par_1_65' title="bbox 2164 2288 3745 2366">
     <span class='ocr_line' id='line_1_65' title="bbox 2164 2288 3745 2366; baseline 0.008 -28"><span class='ocrx_word' id='word_1_553' title='bbox 2164 2302 2322 2355; x_wconf 89' lang='grc' dir='ltr'>γουσι</span> <span class='ocrx_word' id='word_1_554' title='bbox 2368 2288 2653 2357; x_wconf 71' lang='grc' dir='ltr'>προελθεῖν</span> <span class='ocrx_word' id='word_1_555' title='bbox 2699 2289 2790 2343; x_wconf 78' lang='grc' dir='ltr'>τὸν</span> <span class='ocrx_word' id='word_1_556' title='bbox 2834 2291 3106 2362; x_wconf 86' lang='grc' dir='ltr'>πονηρόν;</span> <span class='ocrx_word' id='word_1_557' title='bbox 3154 2295 3201 2347; x_wconf 83' lang='grc' dir='ltr'><strong>εί</strong></span> <span class='ocrx_word' id='word_1_558' title='bbox 3246 2294 3306 2348; x_wconf 84' lang='grc' dir='ltr'><strong>δέ</strong></span> <span class='ocrx_word' id='word_1_559' title='bbox 3350 2295 3447 2349; x_wconf 82' lang='grc' dir='ltr'>τοῦ</span> <span class='ocrx_word' id='word_1_560' title='bbox 3497 2298 3745 2366; x_wconf 81' lang='grc' dir='ltr'>ἀγαθοῦ,</span> 
     </span>
    </p>
   </div>
   <div class='ocr_carea' id='block_1_66' title="bbox 2165 2379 3743 2459">
    <p class='ocr_par' dir='ltr' id='par_1_66' title="bbox 2165 2379 3743 2459">
     <span class='ocr_line' id='line_1_66' title="bbox 2165 2379 3743 2459; baseline 0.008 -27"><span class='ocrx_word' id='word_1_561' title='bbox 2165 2379 2283 2442; x_wconf 78' lang='grc' dir='ltr'>πῶς</span> <span class='ocrx_word' id='word_1_562' title='bbox 2309 2397 2444 2448; x_wconf 87' lang='grc' dir='ltr'>φασι</span> <span class='ocrx_word' id='word_1_563' title='bbox 2472 2382 2638 2452; x_wconf 86' lang='grc' dir='ltr'>μηδὲν</span> <span class='ocrx_word' id='word_1_564' title='bbox 2663 2381 2925 2453; x_wconf 76' lang='grc' dir='ltr'>αίσθητὸν</span> <span class='ocrx_word' id='word_1_565' title='bbox 2949 2384 3359 2458; x_wconf 84' lang='grc' dir='ltr'>δημιουργῆσαι</span> <span class='ocrx_word' id='word_1_566' title='bbox 3384 2389 3477 2443; x_wconf 76' lang='grc' dir='ltr'><strong>τὸν</strong></span> <span class='ocrx_word' id='word_1_567' title='bbox 3505 2390 3743 2459; x_wconf 75' lang='grc' dir='ltr'>άγαθόν;</span> 
     </span>
    </p>
   </div>
   <div class='ocr_carea' id='block_1_67' title="bbox 2165 2472 3749 2554">
    <p class='ocr_par' dir='ltr' id='par_1_67' title="bbox 2165 2472 3749 2554">
     <span class='ocr_line' id='line_1_67' title="bbox 2165 2472 3749 2554; baseline 0.008 -28"><span class='ocrx_word' id='word_1_568' title='bbox 2165 2472 2377 2543; x_wconf 86' lang='grc' dir='ltr'>Νοητδν</span> <span class='ocrx_word' id='word_1_569' title='bbox 2410 2474 2518 2545; x_wconf 84' lang='grc' dir='ltr'>γὰρ</span> <span class='ocrx_word' id='word_1_570' title='bbox 2558 2476 2659 2529; x_wconf 81' lang='grc' dir='ltr'><strong>οὐκ</strong></span> <span class='ocrx_word' id='word_1_571' title='bbox 2696 2476 2764 2530; x_wconf 77' lang='grc' dir='ltr'><strong>ἂν</strong></span> <span class='ocrx_word' id='word_1_572' title='bbox 2796 2476 3076 2548; x_wconf 80' lang='grc' dir='ltr'>δυνηθεῖεν</span> <span class='ocrx_word' id='word_1_573' title='bbox 3110 2483 3289 2534; x_wconf 80' lang='grc' dir='ltr'>εἰπεῖν</span> <span class='ocrx_word' id='word_1_574' title='bbox 3323 2482 3384 2534; x_wconf 79' lang='grc' dir='ltr'><strong>τὸ</strong></span> <span class='ocrx_word' id='word_1_575' title='bbox 3426 2486 3749 2554; x_wconf 74' lang='grc' dir='ltr'>προαγαγὸν</span> 
     </span>
    </p>
   </div>
   <div class='ocr_carea' id='block_1_68' title="bbox 2167 2564 3749 2646">
    <p class='ocr_par' dir='ltr' id='par_1_68' title="bbox 2167 2564 3749 2646">
     <span class='ocr_line' id='line_1_68' title="bbox 2167 2564 3749 2646; baseline 0.009 -30"><span class='ocrx_word' id='word_1_576' title='bbox 2167 2564 2259 2617; x_wconf 80' lang='grc' dir='ltr'><strong>τὸν</strong></span> <span class='ocrx_word' id='word_1_577' title='bbox 2290 2566 2549 2636; x_wconf 82' lang='grc' dir='ltr'>πονηρόν.</span> <span class='ocrx_word' id='word_1_578' title='bbox 2582 2566 2664 2622; x_wconf 59' lang='lat' dir='ltr'><strong>Ta</strong></span> <span class='ocrx_word' id='word_1_579' title='bbox 2693 2570 2859 2640; x_wconf 79' lang='grc' dir='ltr'>νοητά</span> <span class='ocrx_word' id='word_1_580' title='bbox 2889 2570 2998 2641; x_wconf 83' lang='grc' dir='ltr'>γὰρ</span> <span class='ocrx_word' id='word_1_581' title='bbox 3029 2574 3211 2627; x_wconf 88' lang='grc' dir='ltr'>πάντα</span> <span class='ocrx_word' id='word_1_582' title='bbox 3237 2572 3316 2645; x_wconf 83' lang='grc' dir='ltr'><strong>τῷ</strong></span> <span class='ocrx_word' id='word_1_583' title='bbox 3344 2575 3538 2646; x_wconf 87' lang='grc' dir='ltr'>ἀγαθῷ</span> <span class='ocrx_word' id='word_1_584' title='bbox 3565 2577 3749 2631; x_wconf 86' lang='grc' dir='ltr'>διδόα-</span> 
     </span>
    </p>
   </div>
   <div class='ocr_carea' id='block_1_69' title="bbox 2167 2657 3819 2739">
    <p class='ocr_par' dir='ltr' id='par_1_69' title="bbox 2167 2657 3819 2739">
     <span class='ocr_line' id='line_1_69' title="bbox 2167 2657 3819 2739; baseline 0.007 -30"><span class='ocrx_word' id='word_1_585' title='bbox 2167 2673 2272 2710; x_wconf 91' lang='grc' dir='ltr'><strong>σιν.</strong></span> <span class='ocrx_word' id='word_1_586' title='bbox 2317 2657 2555 2730; x_wconf 86' lang='grc' dir='ltr'>Ἀνάγκη</span> <span class='ocrx_word' id='word_1_587' title='bbox 2599 2659 2695 2714; x_wconf 78' lang='grc' dir='ltr'>οὖν</span> <span class='ocrx_word' id='word_1_588' title='bbox 2740 2665 3044 2731; x_wconf 83' lang='grc' dir='ltr'>φεύγοντας</span> <span class='ocrx_word' id='word_1_589' title='bbox 3092 2666 3291 2729; x_wconf 81' lang='grc' dir='ltr'>αὐτοὺς</span> <span class='ocrx_word' id='word_1_590' title='bbox 3337 2665 3396 2720; x_wconf 77' lang='grc' dir='ltr'><strong>τὸ</strong></span> <span class='ocrx_word' id='word_1_591' title='bbox 3438 2667 3623 2722; x_wconf 79' lang='grc' dir='ltr'>δοῦναι</span> <span class='ocrx_word' id='word_1_592' title='bbox 3667 2670 3747 2739; x_wconf 82' lang='grc' dir='ltr'>τῷ</span> <span class='ocrx_word' id='word_1_593' title='bbox 3810 2734 3819 2738; x_wconf 28' lang='grc'><strong>⁸</strong></span> 
     </span>
    </p>
   </div>
   <div class='ocr_carea' id='block_1_70' title="bbox 2094 2720 3753 2834">
    <p class='ocr_par' dir='ltr' id='par_1_70' title="bbox 2094 2720 3753 2834">
     <span class='ocr_line' id='line_1_70' title="bbox 2094 2720 3753 2834; baseline 0.008 -30"><span class='ocrx_word' id='word_1_594' title='bbox 2094 2720 2137 2775; x_wconf 71' lang='grc' dir='ltr'><strong>Β</strong></span> <span class='ocrx_word' id='word_1_595' title='bbox 2165 2752 2389 2824; x_wconf 88' lang='grc' dir='ltr'>πονηρῷ</span> <span class='ocrx_word' id='word_1_596' title='bbox 2420 2720 2515 2825; x_wconf 65' lang='grc' dir='ltr'>την</span> <span class='ocrx_word' id='word_1_597' title='bbox 2541 2720 2763 2823; x_wconf 63' lang='grc' dir='ltr'>γένεσιν</span> <span class='ocrx_word' id='word_1_598' title='bbox 2784 2720 2877 2811; x_wconf 84' lang='lat'><strong>106</strong></span> <span class='ocrx_word' id='word_1_599' title='bbox 2909 2720 3105 2830; x_wconf 68' lang='grc' dir='ltr'>πυρδς,</span> <span class='ocrx_word' id='word_1_600' title='bbox 3136 2760 3225 2815; x_wconf 74' lang='grc' dir='ltr'><strong>ἵνα</strong></span> <span class='ocrx_word' id='word_1_601' title='bbox 3357 2763 3451 2819; x_wconf 82' lang='grc' dir='ltr'><strong>νῦν</strong></span> <span class='ocrx_word' id='word_1_602' title='bbox 3481 2720 3753 2834; x_wconf 58' lang='grc' dir='ltr'>μὲνπλά-</span> 
     </span>
    </p>
   </div>
   <div class='ocr_carea' id='block_1_71' title="bbox 2163 2845 3751 2929">
    <p class='ocr_par' dir='ltr' id='par_1_71' title="bbox 2163 2845 3751 2929">
     <span class='ocr_line' id='line_1_71' title="bbox 2163 2845 3751 2929; baseline 0.009 -32"><span class='ocrx_word' id='word_1_603' title='bbox 2163 2861 2296 2914; x_wconf 78' lang='grc' dir='ltr'>στην</span> <span class='ocrx_word' id='word_1_604' title='bbox 2319 2886 2334 2913; x_wconf 91' lang='grc'><em>,</em></span> <span class='ocrx_word' id='word_1_605' title='bbox 2370 2845 2463 2901; x_wconf 84' lang='grc' dir='ltr'><strong>νῦν</strong></span> <span class='ocrx_word' id='word_1_606' title='bbox 2497 2847 2553 2900; x_wconf 82' lang='grc' dir='ltr'>δὲ</span> <span class='ocrx_word' id='word_1_607' title='bbox 2588 2848 2820 2920; x_wconf 85' lang='grc' dir='ltr'>πλάσμα</span> <span class='ocrx_word' id='word_1_608' title='bbox 2851 2851 2914 2904; x_wconf 80' lang='grc' dir='ltr'>τὸ</span> <span class='ocrx_word' id='word_1_609' title='bbox 2943 2853 3075 2906; x_wconf 81' lang='grc' dir='ltr'>αὐτὸ</span> <span class='ocrx_word' id='word_1_610' title='bbox 3107 2852 3474 2925; x_wconf 79' lang='grc' dir='ltr'>διελέγχοιντο</span> <span class='ocrx_word' id='word_1_611' title='bbox 3512 2858 3751 2929; x_wconf 77' lang='grc' dir='ltr'>ληροῦν-</span> 
     </span>
    </p>
   </div>
   <div class='ocr_carea' id='block_1_72' title="bbox 2158 2940 3748 3017">
    <p class='ocr_par' dir='ltr' id='par_1_72' title="bbox 2158 2940 3748 3017">
     <span class='ocr_line' id='line_1_72' title="bbox 2158 2940 3748 3017; baseline 0.009 -27"><span class='ocrx_word' id='word_1_612' title='bbox 2158 2954 2283 3001; x_wconf 81' lang='grc' dir='ltr'>τες,</span> <span class='ocrx_word' id='word_1_613' title='bbox 2320 2940 2413 2992; x_wconf 74' lang='grc' dir='ltr'><strong>καὶ</strong></span> <span class='ocrx_word' id='word_1_614' title='bbox 2447 2941 2681 3005; x_wconf 74' lang='grc' dir='ltr'>ἄκοντας</span> <span class='ocrx_word' id='word_1_615' title='bbox 2715 2942 3052 3016; x_wconf 80' lang='grc' dir='ltr'>ὁμολογῆσαι</span> <span class='ocrx_word' id='word_1_616' title='bbox 3086 2946 3181 2999; x_wconf 80' lang='grc' dir='ltr'>τοῦ</span> <span class='ocrx_word' id='word_1_617' title='bbox 3219 2948 3429 3017; x_wconf 81' lang='grc' dir='ltr'>ἀγαθοῦ</span> <span class='ocrx_word' id='word_1_618' title='bbox 3465 2943 3610 3004; x_wconf 72' lang='grc' dir='ltr'><strong>εἶναι</strong></span> <span class='ocrx_word' id='word_1_619' title='bbox 3647 2952 3748 3005; x_wconf 82' lang='grc' dir='ltr'>καὶ</span> 
     </span>
    </p>
   </div>
   <div class='ocr_carea' id='block_1_73' title="bbox 2161 3030 3744 3115">
    <p class='ocr_par' dir='ltr' id='par_1_73' title="bbox 2161 3030 3744 3115">
     <span class='ocr_line' id='line_1_73' title="bbox 2161 3030 3744 3115; baseline 0.01 -33"><span class='ocrx_word' id='word_1_620' title='bbox 2161 3030 2221 3083; x_wconf 72' lang='grc' dir='ltr'><strong>τὸ</strong></span> <span class='ocrx_word' id='word_1_621' title='bbox 2253 3031 2362 3101; x_wconf 84' lang='grc' dir='ltr'><strong>πῦρ</strong></span> <span class='ocrx_word' id='word_1_622' title='bbox 2394 3033 2810 3105; x_wconf 83' lang='grc' dir='ltr'>δημιούργημα.</span> <span class='ocrx_word' id='word_1_623' title='bbox 2839 3036 3066 3101; x_wconf 85' lang='grc' dir='ltr'><strong>Πάντως</strong></span> <span class='ocrx_word' id='word_1_624' title='bbox 3094 3040 3205 3110; x_wconf 83' lang='grc' dir='ltr'><strong>γάρ</strong></span> <span class='ocrx_word' id='word_1_625' title='bbox 3230 3041 3290 3094; x_wconf 85' lang='grc' dir='ltr'><strong>τὸ</strong></span> <span class='ocrx_word' id='word_1_626' title='bbox 3319 3041 3581 3114; x_wconf 77' lang='grc' dir='ltr'>αἰσθητὸν</span> <span class='ocrx_word' id='word_1_627' title='bbox 3608 3044 3744 3115; x_wconf 81' lang='grc' dir='ltr'><strong>πῦρ,</strong></span> 
     </span>
    </p>
   </div>
   <div class='ocr_carea' id='block_1_74' title="bbox 2161 3121 3746 3204">
    <p class='ocr_par' dir='ltr' id='par_1_74' title="bbox 2161 3121 3746 3204">
     <span class='ocr_line' id='line_1_74' title="bbox 2161 3121 3746 3204; baseline 0.011 -30"><span class='ocrx_word' id='word_1_628' title='bbox 2161 3121 2287 3177; x_wconf 84' lang='grc' dir='ltr'>ὅσον</span> <span class='ocrx_word' id='word_1_629' title='bbox 2334 3122 2403 3176; x_wconf 83' lang='grc' dir='ltr'>ἂν</span> <span class='ocrx_word' id='word_1_630' title='bbox 2451 3126 2886 3199; x_wconf 82' lang='grc' dir='ltr'>ἐσκοτίσθησαν,</span> <span class='ocrx_word' id='word_1_631' title='bbox 2937 3129 3060 3184; x_wconf 81' lang='grc' dir='ltr'>οὔτε</span> <span class='ocrx_word' id='word_1_632' title='bbox 3109 3133 3344 3204; x_wconf 77' lang='grc' dir='ltr'>ἄναρχον</span> <span class='ocrx_word' id='word_1_633' title='bbox 3389 3133 3514 3189; x_wconf 75' lang='grc' dir='ltr'>οὔτε</span> <span class='ocrx_word' id='word_1_634' title='bbox 3565 3135 3746 3191; x_wconf 78' lang='grc' dir='ltr'>ἀΐδιον</span> 
     </span>
    </p>
   </div>
   <div class='ocr_carea' id='block_1_75' title="bbox 2163 3213 2402 3284">
    <p class='ocr_par' dir='ltr' id='par_1_75' title="bbox 2163 3213 2402 3284">
     <span class='ocr_line' id='line_1_75' title="bbox 2163 3213 2402 3284; baseline 0.008 -19"><span class='ocrx_word' id='word_1_635' title='bbox 2163 3213 2402 3284; x_wconf 83' lang='grc' dir='ltr'>ἐροῦσιν.</span> 
     </span>
    </p>
   </div>
   <div class='ocr_carea' id='block_1_76' title="bbox 2164 3328 3745 3414">
    <p class='ocr_par' dir='ltr' id='par_1_76' title="bbox 2164 3328 3745 3414">
     <span class='ocr_line' id='line_1_76' title="bbox 2164 3328 3745 3414; baseline 0.011 -33"><span class='ocrx_word' id='word_1_636' title='bbox 2164 3328 2295 3384; x_wconf 86' lang='grc' dir='ltr'><strong>Ὅτι</strong></span> <span class='ocrx_word' id='word_1_637' title='bbox 2321 3330 2393 3384; x_wconf 84' lang='grc' dir='ltr'>οὑ</span> <span class='ocrx_word' id='word_1_638' title='bbox 2422 3329 2533 3384; x_wconf 82' lang='grc' dir='ltr'>δύο</span> <span class='ocrx_word' id='word_1_639' title='bbox 2566 3332 2766 3414; x_wconf 65' lang='grc' dir='ltr'>ἀρχαί.</span> <span class='ocrx_word' id='word_1_640' title='bbox 2802 3334 2942 3414; x_wconf 60' lang='grc' dir='ltr'><strong>ἀμ’</strong></span> <span class='ocrx_word' id='word_1_641' title='bbox 2972 3332 3064 3414; x_wconf 57' lang='grc' dir='ltr'>εἷς</span> <span class='ocrx_word' id='word_1_642' title='bbox 3093 3337 3456 3414; x_wconf 67' lang='grc' dir='ltr'>δημιουργὸς</span> <span class='ocrx_word' id='word_1_643' title='bbox 3479 3343 3745 3411; x_wconf 78' lang='grc' dir='ltr'>οὐρανοῦ</span> 
     </span>
    </p>
   </div>
   <div class='ocr_carea' id='block_1_77' title="bbox 2515 3406 3383 3478">
    <p class='ocr_par' dir='ltr' id='par_1_77' title="bbox 2515 3406 3383 3478">
     <span class='ocr_line' id='line_1_77' title="bbox 2515 3406 3383 3478; baseline 0.013 -23"><span class='ocrx_word' id='word_1_644' title='bbox 2515 3407 2615 3455; x_wconf 83' lang='grc' dir='ltr'>καὶ</span> <span class='ocrx_word' id='word_1_645' title='bbox 2639 3406 2775 3472; x_wconf 73' lang='grc' dir='ltr'>γῆς,</span> <span class='ocrx_word' id='word_1_646' title='bbox 2810 3407 2908 3460; x_wconf 80' lang='grc' dir='ltr'><strong>καί</strong></span> <span class='ocrx_word' id='word_1_647' title='bbox 2946 3406 3062 3460; x_wconf 83' lang='grc' dir='ltr'><strong>τῶν</strong></span> <span class='ocrx_word' id='word_1_648' title='bbox 3102 3406 3179 3461; x_wconf 53' lang='grc' dir='ltr'><strong>ἐν’</strong></span> <span class='ocrx_word' id='word_1_649' title='bbox 3194 3406 3383 3478; x_wconf 59' lang='grc' dir='ltr'><strong>μέοέῴ.</strong></span> 
     </span>
    </p>
   </div>
   <div class='ocr_carea' id='block_1_78' title="bbox 2236 3492 3744 3575">
    <p class='ocr_par' dir='ltr' id='par_1_78' title="bbox 2236 3492 3744 3575">
     <span class='ocr_line' id='line_1_78' title="bbox 2236 3492 3744 3575; baseline 0.011 -32"><span class='ocrx_word' id='word_1_650' title='bbox 2236 3492 2391 3555; x_wconf 77' lang='grc' dir='ltr'>Τινὲς</span> <span class='ocrx_word' id='word_1_651' title='bbox 2428 3492 2527 3563; x_wconf 79' lang='grc' dir='ltr'><strong>μὲν</strong></span> <span class='ocrx_word' id='word_1_652' title='bbox 2558 3495 2743 3548; x_wconf 79' lang='grc' dir='ltr'>αὐτῶν</span> <span class='ocrx_word' id='word_1_653' title='bbox 2767 3513 2901 3566; x_wconf 77' lang='grc' dir='ltr'>φασι</span> <span class='ocrx_word' id='word_1_654' title='bbox 2943 3498 3034 3551; x_wconf 81' lang='grc' dir='ltr'>τὸν</span> <span class='ocrx_word' id='word_1_655' title='bbox 3068 3500 3271 3568; x_wconf 70' lang='grc' dir='ltr'>ἀγαθὸν</span> <span class='ocrx_word' id='word_1_656' title='bbox 3306 3502 3440 3557; x_wconf 72' lang='grc' dir='ltr'>Θεὸν</span> <span class='ocrx_word' id='word_1_657' title='bbox 3472 3503 3744 3575; x_wconf 81' lang='grc' dir='ltr'>δημιουρ-</span> 
     </span>
    </p>
   </div>
   <div class='ocr_carea' id='block_1_79' title="bbox 2164 3577 3746 3664">
    <p class='ocr_par' dir='ltr' id='par_1_79' title="bbox 2164 3577 3746 3664">
     <span class='ocr_line' id='line_1_79' title="bbox 2164 3577 3746 3664; baseline 0.012 -31"><span class='ocrx_word' id='word_1_658' title='bbox 2164 3582 2262 3650; x_wconf 86' lang='grc' dir='ltr'><strong>γὸν</strong></span> <span class='ocrx_word' id='word_1_659' title='bbox 2291 3577 2432 3636; x_wconf 76' lang='grc' dir='ltr'>εἶναι</span> <span class='ocrx_word' id='word_1_660' title='bbox 2462 3583 2556 3637; x_wconf 88' lang='lat'><strong>106</strong></span> <span class='ocrx_word' id='word_1_661' title='bbox 2586 3584 2820 3656; x_wconf 76' lang='grc' dir='ltr'>οὐρανοῦ</span> <span class='ocrx_word' id='word_1_662' title='bbox 2854 3588 3040 3657; x_wconf 81' lang='grc' dir='ltr'>μόνον,</span> <span class='ocrx_word' id='word_1_663' title='bbox 3067 3591 3170 3659; x_wconf 84' lang='grc' dir='ltr'>τῆς</span> <span class='ocrx_word' id='word_1_664' title='bbox 3191 3592 3248 3644; x_wconf 80' lang='grc' dir='ltr'>δὲ</span> <span class='ocrx_word' id='word_1_665' title='bbox 3296 3594 3400 3664; x_wconf 83' lang='grc' dir='ltr'>γῆς</span> <span class='ocrx_word' id='word_1_666' title='bbox 3430 3595 3524 3649; x_wconf 78' lang='grc' dir='ltr'>καὶ</span> <span class='ocrx_word' id='word_1_667' title='bbox 3551 3596 3658 3651; x_wconf 81' lang='grc' dir='ltr'><strong>τῶν</strong></span> <span class='ocrx_word' id='word_1_668' title='bbox 3685 3599 3746 3652; x_wconf 79' lang='grc' dir='ltr'>ἐν</span> 
     </span>
    </p>
   </div>
   <div class='ocr_carea' id='block_1_80' title="bbox 2168 3675 3748 3751">
    <p class='ocr_par' dir='ltr' id='par_1_80' title="bbox 2168 3675 3748 3751">
     <span class='ocr_line' id='line_1_80' title="bbox 2168 3675 3748 3751; baseline 0.012 -24"><span class='ocrx_word' id='word_1_669' title='bbox 2168 3675 2320 3746; x_wconf 85' lang='grc' dir='ltr'><strong>μέσῳ</strong></span> <span class='ocrx_word' id='word_1_670' title='bbox 2350 3677 2581 3749; x_wconf 79' lang='grc' dir='ltr'>ποιητὴν</span> <span class='ocrx_word' id='word_1_671' title='bbox 2610 3677 2796 3748; x_wconf 77' lang='grc' dir='ltr'>ἕτερον</span> <span class='ocrx_word' id='word_1_672' title='bbox 2825 3681 3178 3751; x_wconf 80' lang='grc' dir='ltr'>ἐπεισάγουσι</span> <span class='ocrx_word' id='word_1_673' title='bbox 3205 3699 3218 3714; x_wconf 88' lang='grc'><strong>·</strong></span> <span class='ocrx_word' id='word_1_674' title='bbox 3251 3686 3398 3750; x_wconf 82' lang='grc' dir='ltr'>τινὲς</span> <span class='ocrx_word' id='word_1_675' title='bbox 3437 3688 3497 3740; x_wconf 79' lang='grc' dir='ltr'>δὲ</span> <span class='ocrx_word' id='word_1_676' title='bbox 3540 3688 3748 3746; x_wconf 84' lang='grc' dir='ltr'>τούτων</span> 
     </span>
    </p>
   </div>
   <div class='ocr_carea' id='block_1_81' title="bbox 2167 3767 3751 3847">
    <p class='ocr_par' dir='ltr' id='par_1_81' title="bbox 2167 3767 3751 3847">
     <span class='ocr_line' id='line_1_81' title="bbox 2167 3767 3751 3847; baseline 0.01 -27"><span class='ocrx_word' id='word_1_677' title='bbox 2167 3767 2525 3841; x_wconf 83' lang='grc' dir='ltr'>(πολυσχεδὴς</span> <span class='ocrx_word' id='word_1_678' title='bbox 2554 3771 2715 3840; x_wconf 83' lang='grc' dir='ltr'>γὰρὴ</span> <span class='ocrx_word' id='word_1_679' title='bbox 2743 3772 2943 3843; x_wconf 82' lang='grc' dir='ltr'>πλάνη)</span> <span class='ocrx_word' id='word_1_680' title='bbox 2971 3776 3065 3827; x_wconf 77' lang='grc' dir='ltr'>καὶ</span> <span class='ocrx_word' id='word_1_681' title='bbox 3089 3775 3182 3828; x_wconf 82' lang='grc' dir='ltr'><strong>τὸν</strong></span> <span class='ocrx_word' id='word_1_682' title='bbox 3200 3776 3431 3847; x_wconf 80' lang='grc' dir='ltr'>οὐρανὸν</span> <span class='ocrx_word' id='word_1_683' title='bbox 3459 3779 3622 3834; x_wconf 70' lang='grc' dir='ltr'>αὑτὸν</span> <span class='ocrx_word' id='word_1_684' title='bbox 3654 3785 3751 3835; x_wconf 76' lang='grc' dir='ltr'><strong>καὶ</strong></span> 
     </span>
    </p>
   </div>
   <div class='ocr_carea' id='block_1_82' title="bbox 2163 3861 3748 3940">
    <p class='ocr_par' dir='ltr' id='par_1_82' title="bbox 2163 3861 3748 3940">
     <span class='ocr_line' id='line_1_82' title="bbox 2163 3861 3748 3940; baseline 0.009 -28"><span class='ocrx_word' id='word_1_685' title='bbox 2163 3861 2232 3914; x_wconf 85' lang='grc' dir='ltr'>τὰ</span> <span class='ocrx_word' id='word_1_686' title='bbox 2266 3863 2323 3913; x_wconf 86' lang='grc' dir='ltr'><strong>ἐν</strong></span> <span class='ocrx_word' id='word_1_687' title='bbox 2359 3862 2510 3932; x_wconf 83' lang='grc' dir='ltr'>μέσῳ</span> <span class='ocrx_word' id='word_1_688' title='bbox 2534 3863 2712 3915; x_wconf 87' lang='grc' dir='ltr'>πάντα</span> <span class='ocrx_word' id='word_1_689' title='bbox 2739 3866 3109 3934; x_wconf 72' lang='grc' dir='ltr'>τετολμήκασι</span> <span class='ocrx_word' id='word_1_690' title='bbox 3135 3867 3315 3937; x_wconf 84' lang='grc' dir='ltr'>λέγειν</span> <span class='ocrx_word' id='word_1_691' title='bbox 3344 3872 3626 3940; x_wconf 77' lang='grc' dir='ltr'><strong>ποιήματι</strong></span> <span class='ocrx_word' id='word_1_692' title='bbox 3652 3873 3748 3926; x_wconf 80' lang='grc' dir='ltr'><strong>τοῦ</strong></span> 
     </span>
    </p>
   </div>
   <div class='ocr_carea' id='block_1_83' title="bbox 2166 3948 3748 4033">
    <p class='ocr_par' dir='ltr' id='par_1_83' title="bbox 2166 3948 3748 4033">
     <span class='ocr_line' id='line_1_83' title="bbox 2166 3948 3748 4033; baseline 0.008 -30"><span class='ocrx_word' id='word_1_693' title='bbox 2166 3948 2384 4021; x_wconf 80' lang='grc' dir='ltr'>ἐχθροῦ.</span> <span class='ocrx_word' id='word_1_694' title='bbox 2436 3950 2574 4004; x_wconf 80' lang='grc' dir='ltr'>Ἀλλ’</span> <span class='ocrx_word' id='word_1_695' title='bbox 2609 3949 2772 4024; x_wconf 78' lang='grc' dir='ltr'>εἴπερ</span> <span class='ocrx_word' id='word_1_696' title='bbox 2805 3955 2954 4009; x_wconf 74' lang='grc' dir='ltr'>ἐστὶν</span> <span class='ocrx_word' id='word_1_697' title='bbox 2975 3958 3003 4009; x_wconf 88' lang='grc' dir='ltr'><em>ὁ</em></span> <span class='ocrx_word' id='word_1_698' title='bbox 3033 3957 3263 4026; x_wconf 72' lang='grc' dir='ltr'>οὐρανὸς</span> <span class='ocrx_word' id='word_1_699' title='bbox 3298 3960 3441 4014; x_wconf 79' lang='grc' dir='ltr'>κατὰ</span> <span class='ocrx_word' id='word_1_700' title='bbox 3473 3961 3572 4033; x_wconf 70' lang='grc' dir='ltr'>τὴν</span> <span class='ocrx_word' id='word_1_701' title='bbox 3598 3963 3748 4017; x_wconf 59' lang='grc' dir='ltr'>ἐκεί-</span> 
     </span>
    </p>
   </div>
   <div class='ocr_carea' id='block_1_84' title="bbox 2166 4044 3750 4124">
    <p class='ocr_par' dir='ltr' id='par_1_84' title="bbox 2166 4044 3750 4124">
     <span class='ocr_line' id='line_1_84' title="bbox 2166 4044 3750 4124; baseline 0.011 -30"><span class='ocrx_word' id='word_1_702' title='bbox 2166 4060 2272 4095; x_wconf 89' lang='grc' dir='ltr'><strong>νων</strong></span> <span class='ocrx_word' id='word_1_703' title='bbox 2301 4044 2703 4115; x_wconf 77' lang='grc' dir='ltr'>ἐμϐροντησίαν</span> <span class='ocrx_word' id='word_1_704' title='bbox 2739 4044 2903 4118; x_wconf 80' lang='grc' dir='ltr'>ἔργον</span> <span class='ocrx_word' id='word_1_705' title='bbox 2929 4048 3021 4101; x_wconf 80' lang='grc' dir='ltr'>τοῦ</span> <span class='ocrx_word' id='word_1_706' title='bbox 3054 4050 3313 4122; x_wconf 84' lang='grc' dir='ltr'>πονηροῦ,</span> <span class='ocrx_word' id='word_1_707' title='bbox 3340 4055 3457 4118; x_wconf 84' lang='grc' dir='ltr'><strong>πῶς</strong></span> <span class='ocrx_word' id='word_1_708' title='bbox 3487 4056 3516 4108; x_wconf 84' lang='grc' dir='ltr'>ὁ</span> <span class='ocrx_word' id='word_1_709' title='bbox 3545 4057 3750 4124; x_wconf 84' lang='grc' dir='ltr'>ἀγαθὸς</span> 
     </span>
    </p>
   </div>
   <div class='ocr_carea' id='block_1_85' title="bbox 2168 4132 3750 4220">
    <p class='ocr_par' dir='ltr' id='par_1_85' title="bbox 2168 4132 3750 4220">
     <span class='ocr_line' id='line_1_85' title="bbox 2168 4132 3750 4220; baseline 0.01 -35"><span class='ocrx_word' id='word_1_710' title='bbox 2168 4132 2301 4196; x_wconf 84' lang='grc' dir='ltr'>Θεὸς</span> <span class='ocrx_word' id='word_1_711' title='bbox 2341 4136 2400 4187; x_wconf 85' lang='grc' dir='ltr'><strong>ὲν</strong></span> <span class='ocrx_word' id='word_1_712' title='bbox 2433 4137 2546 4198; x_wconf 77' lang='grc' dir='ltr'>τοῖς</span> <span class='ocrx_word' id='word_1_713' title='bbox 2583 4138 2928 4207; x_wconf 77' lang='grc' dir='ltr'>ἐπουρανίοις</span> <span class='ocrx_word' id='word_1_714' title='bbox 2958 4142 3298 4197; x_wconf 85' lang='grc' dir='ltr'>ἀναπαύεται</span> <span class='ocrx_word' id='word_1_715' title='bbox 3332 4148 3443 4209; x_wconf 81' lang='grc' dir='ltr'>τοῖς</span> <span class='ocrx_word' id='word_1_716' title='bbox 3479 4146 3750 4220; x_wconf 75' lang='grc' dir='ltr'><strong>δημιουρ·</strong></span> 
     </span>
    </p>
   </div>
   <div class='ocr_carea' id='block_1_86' title="bbox 2168 4225 3750 4311">
    <p class='ocr_par' dir='ltr' id='par_1_86' title="bbox 2168 4225 3750 4311">
     <span class='ocr_line' id='line_1_86' title="bbox 2168 4225 3750 4311; baseline 0.013 -36"><span class='ocrx_word' id='word_1_717' title='bbox 2168 4225 2385 4294; x_wconf 83' lang='grc' dir='ltr'>γηθείσι</span> <span class='ocrx_word' id='word_1_718' title='bbox 2420 4228 2573 4297; x_wconf 76' lang='grc' dir='ltr'><strong>παρά</strong></span> <span class='ocrx_word' id='word_1_719' title='bbox 2600 4227 2694 4281; x_wconf 89' lang='lat'><strong>106</strong></span> <span class='ocrx_word' id='word_1_720' title='bbox 2732 4230 2971 4302; x_wconf 83' lang='grc' dir='ltr'>πονηροῦ</span> <span class='ocrx_word' id='word_1_721' title='bbox 2998 4249 3014 4299; x_wconf 85' lang='grc'>;</span> <span class='ocrx_word' id='word_1_722' title='bbox 3060 4235 3180 4300; x_wconf 85' lang='grc' dir='ltr'><strong>Πῶς</strong></span> <span class='ocrx_word' id='word_1_723' title='bbox 3212 4235 3271 4290; x_wconf 81' lang='grc' dir='ltr'>δὲ</span> <span class='ocrx_word' id='word_1_724' title='bbox 3307 4239 3335 4291; x_wconf 84' lang='grc' dir='ltr'>ὁ</span> <span class='ocrx_word' id='word_1_725' title='bbox 3362 4238 3554 4311; x_wconf 73' lang='grc' dir='ltr'>Σωτὴρ</span> <span class='ocrx_word' id='word_1_726' title='bbox 3587 4242 3750 4311; x_wconf 80' lang='grc' dir='ltr'>ἡμῶν</span> 
     </span>
    </p>
   </div>
   <div class='ocr_carea' id='block_1_87' title="bbox 2168 4316 3750 4403">
    <p class='ocr_par' dir='ltr' id='par_1_87' title="bbox 2168 4316 3750 4403">
     <span class='ocr_line' id='line_1_87' title="bbox 2168 4316 3750 4403; baseline 0.012 -35"><span class='ocrx_word' id='word_1_727' title='bbox 2168 4316 2424 4387; x_wconf 74' lang='grc' dir='ltr'>εὔχεσθαι</span> <span class='ocrx_word' id='word_1_728' title='bbox 2474 4322 2575 4391; x_wconf 83' lang='grc' dir='ltr'><strong>τὴν</strong></span> <span class='ocrx_word' id='word_1_729' title='bbox 2615 4322 2929 4392; x_wconf 82' lang='grc' dir='ltr'>θαυμασίαν</span> <span class='ocrx_word' id='word_1_730' title='bbox 2970 4324 3189 4397; x_wconf 80' lang='grc' dir='ltr'>ἐκείνην</span> <span class='ocrx_word' id='word_1_731' title='bbox 3231 4329 3323 4382; x_wconf 79' lang='grc' dir='ltr'>καὶ</span> <span class='ocrx_word' id='word_1_732' title='bbox 3372 4336 3606 4403; x_wconf 79' lang='grc' dir='ltr'>φρικτην</span> <span class='ocrx_word' id='word_1_733' title='bbox 3652 4335 3750 4387; x_wconf 85' lang='grc' dir='ltr'><strong>εὑ-</strong></span> 
     </span>
    </p>
   </div>
   <div class='ocr_carea' id='block_1_88' title="bbox 2168 4415 3752 4495">
    <p class='ocr_par' dir='ltr' id='par_1_88' title="bbox 2168 4415 3752 4495">
     <span class='ocr_line' id='line_1_88' title="bbox 2168 4415 3752 4495; baseline 0.013 -32"><span class='ocrx_word' id='word_1_734' title='bbox 2168 4416 2265 4484; x_wconf 81' lang='grc' dir='ltr'><strong>χὴν</strong></span> <span class='ocrx_word' id='word_1_735' title='bbox 2287 4415 2639 4480; x_wconf 83' lang='grc' dir='ltr'>ἐκδιδάσκων,</span> <span class='ocrx_word' id='word_1_736' title='bbox 2669 4420 2761 4471; x_wconf 70' lang='grc' dir='ltr'><strong>καὶ</strong></span> <span class='ocrx_word' id='word_1_737' title='bbox 2801 4419 3127 4489; x_wconf 67' lang='grc' dir='ltr'>παραδιδούς</span> <span class='ocrx_word' id='word_1_738' title='bbox 3151 4440 3285 4493; x_wconf 83' lang='grc' dir='ltr'>φησι</span> <span class='ocrx_word' id='word_1_739' title='bbox 3307 4439 3323 4456; x_wconf 80' lang='grc' dir='ltr'><strong><em>ο</em></strong></span> <span class='ocrx_word' id='word_1_740' title='bbox 3368 4424 3562 4495; x_wconf 83' lang='grc' dir='ltr'>Πάτερ</span> <span class='ocrx_word' id='word_1_741' title='bbox 3576 4425 3752 4494; x_wconf 76' lang='grc' dir='ltr'><strong>ἡμῶν</strong></span> 
     </span>
    </p>
   </div>
   <div class='ocr_carea' id='block_1_89' title="bbox 2164 4507 3750 4586">
    <p class='ocr_par' dir='ltr' id='par_1_89' title="bbox 2164 4507 3750 4586">
     <span class='ocr_line' id='line_1_89' title="bbox 2164 4507 3750 4586; baseline 0.009 -26"><span class='ocrx_word' id='word_1_742' title='bbox 2164 4508 2197 4560; x_wconf 89' lang='grc' dir='ltr'><em>ὸ</em></span> <span class='ocrx_word' id='word_1_743' title='bbox 2217 4508 2285 4560; x_wconf 85' lang='grc' dir='ltr'><strong>ἑν</strong></span> <span class='ocrx_word' id='word_1_744' title='bbox 2311 4507 2435 4575; x_wconf 85' lang='grc' dir='ltr'>τοῖς</span> <span class='ocrx_word' id='word_1_745' title='bbox 2460 4508 2759 4578; x_wconf 84' lang='grc' dir='ltr'>οὐρανοῖς,</span> <span class='ocrx_word' id='word_1_746' title='bbox 2792 4513 2910 4575; x_wconf 52' lang='grc' dir='ltr'><strong>καῖ,</strong></span> <span class='ocrx_word' id='word_1_747' title='bbox 2928 4513 3245 4584; x_wconf 75' lang='grc' dir='ltr'><strong>Γενηθήτω</strong></span> <span class='ocrx_word' id='word_1_748' title='bbox 3275 4515 3340 4569; x_wconf 83' lang='grc' dir='ltr'>τὸ</span> <span class='ocrx_word' id='word_1_749' title='bbox 3371 4517 3598 4586; x_wconf 80' lang='grc' dir='ltr'>θέλημά</span> <span class='ocrx_word' id='word_1_750' title='bbox 3626 4536 3750 4575; x_wconf 87' lang='grc' dir='ltr'><strong>σου</strong></span> 
     </span>
    </p>
   </div>
   <div class='ocr_carea' id='block_1_90' title="bbox 2165 4600 3752 4679">
    <p class='ocr_par' dir='ltr' id='par_1_90' title="bbox 2165 4600 3752 4679">
     <span class='ocr_line' id='line_1_90' title="bbox 2165 4600 3752 4679; baseline 0.008 -26"><span class='ocrx_word' id='word_1_751' title='bbox 2165 4601 2245 4667; x_wconf 85' lang='grc' dir='ltr'>ὡς</span> <span class='ocrx_word' id='word_1_752' title='bbox 2281 4600 2350 4653; x_wconf 79' lang='grc' dir='ltr'><strong>ἑν</strong></span> <span class='ocrx_word' id='word_1_753' title='bbox 2390 4600 2642 4669; x_wconf 77' lang='grc' dir='ltr'>οὐρανῷ,</span> <span class='ocrx_word' id='word_1_754' title='bbox 2680 4601 2779 4655; x_wconf 82' lang='grc' dir='ltr'><strong>καί</strong></span> <span class='ocrx_word' id='word_1_755' title='bbox 2816 4602 2916 4657; x_wconf 80' lang='grc' dir='ltr'><strong>ἐπὶ</strong></span> <span class='ocrx_word' id='word_1_756' title='bbox 2959 4603 3072 4672; x_wconf 81' lang='grc' dir='ltr'>τῆς</span> <span class='ocrx_word' id='word_1_757' title='bbox 3109 4606 3244 4676; x_wconf 77' lang='grc' dir='ltr'>γῆς,</span> <span class='ocrx_word' id='word_1_758' title='bbox 3280 4610 3374 4661; x_wconf 75' lang='grc' dir='ltr'><strong>καὶ</strong></span> <span class='ocrx_word' id='word_1_759' title='bbox 3410 4605 3585 4674; x_wconf 81' lang='grc' dir='ltr'>αὖθις,</span> <span class='ocrx_word' id='word_1_760' title='bbox 3638 4611 3752 4679; x_wconf 83' lang='grc' dir='ltr'><strong>Ὃς</strong></span> 
     </span>
    </p>
   </div>
   <div class='ocr_carea' id='block_1_91' title="bbox 2165 4691 3751 4769">
    <p class='ocr_par' dir='ltr' id='par_1_91' title="bbox 2165 4691 3751 4769">
     <span class='ocr_line' id='line_1_91' title="bbox 2165 4691 3751 4769; baseline 0.008 -26"><span class='ocrx_word' id='word_1_761' title='bbox 2165 4707 2254 4756; x_wconf 84' lang='grc' dir='ltr'><strong>τις</strong></span> <span class='ocrx_word' id='word_1_762' title='bbox 2281 4691 2359 4745; x_wconf 81' lang='grc' dir='ltr'><strong>ἂν</strong></span> <span class='ocrx_word' id='word_1_763' title='bbox 2385 4692 2612 4760; x_wconf 68' lang='grc' dir='ltr'>ποιήσῃ</span> <span class='ocrx_word' id='word_1_764' title='bbox 2648 4696 2712 4746; x_wconf 86' lang='grc' dir='ltr'>τὸ</span> <span class='ocrx_word' id='word_1_765' title='bbox 2744 4692 2973 4764; x_wconf 79' lang='grc' dir='ltr'>θέλημα</span> <span class='ocrx_word' id='word_1_766' title='bbox 2995 4698 3101 4752; x_wconf 88' lang='grc' dir='ltr'>τοῦ</span> <span class='ocrx_word' id='word_1_767' title='bbox 3131 4700 3364 4767; x_wconf 78' lang='grc' dir='ltr'>Πατρός</span> <span class='ocrx_word' id='word_1_768' title='bbox 3385 4717 3507 4769; x_wconf 84' lang='grc' dir='ltr'><strong>μου</strong></span> <span class='ocrx_word' id='word_1_769' title='bbox 3540 4701 3646 4754; x_wconf 85' lang='grc' dir='ltr'>τοῦ</span> <span class='ocrx_word' id='word_1_770' title='bbox 3677 4703 3751 4756; x_wconf 78' lang='grc' dir='ltr'>ἐν</span> 
     </span>
    </p>
   </div>
   <div class='ocr_carea' id='block_1_92' title="bbox 2165 4783 3745 4862">
    <p class='ocr_par' dir='ltr' id='par_1_92' title="bbox 2165 4783 3745 4862">
     <span class='ocr_line' id='line_1_92' title="bbox 2165 4783 3745 4862; baseline 0.006 -24"><span class='ocrx_word' id='word_1_771' title='bbox 2165 4783 2290 4849; x_wconf 85' lang='grc' dir='ltr'>τοῖς</span> <span class='ocrx_word' id='word_1_772' title='bbox 2319 4784 2627 4852; x_wconf 70' lang='grc' dir='ltr'>οἰψανοῖς,</span> <span class='ocrx_word' id='word_1_773' title='bbox 2662 4786 2844 4853; x_wconf 82' lang='grc' dir='ltr'>αὐτός</span> <span class='ocrx_word' id='word_1_774' title='bbox 2869 4804 2989 4857; x_wconf 83' lang='grc' dir='ltr'>μου</span> <span class='ocrx_word' id='word_1_775' title='bbox 3023 4788 3312 4860; x_wconf 66' lang='grc' dir='ltr'><strong>ἀδελφὸς,</strong></span> <span class='ocrx_word' id='word_1_776' title='bbox 3339 4792 3439 4845; x_wconf 81' lang='grc' dir='ltr'>καὶ</span> <span class='ocrx_word' id='word_1_777' title='bbox 3472 4792 3745 4862; x_wconf 66' lang='grc' dir='ltr'><strong>ἀδελφὴ,</strong></span> 
     </span>
    </p>
   </div>
   <div class='ocr_carea' id='block_1_93' title="bbox 2165 4874 3749 4952">
    <p class='ocr_par' dir='ltr' id='par_1_93' title="bbox 2165 4874 3749 4952">
     <span class='ocr_line' id='line_1_93' title="bbox 2165 4874 3749 4952; baseline 0.006 -23"><span class='ocrx_word' id='word_1_778' title='bbox 2165 4874 2264 4929; x_wconf 76' lang='grc' dir='ltr'>καὶ</span> <span class='ocrx_word' id='word_1_779' title='bbox 2296 4876 2495 4945; x_wconf 79' lang='grc' dir='ltr'>μήτηρ</span> <span class='ocrx_word' id='word_1_780' title='bbox 2532 4879 2704 4942; x_wconf 69' lang='lat' dir='ltr'><strong>m1,-</strong></span> <span class='ocrx_word' id='word_1_781' title='bbox 2748 4881 2855 4934; x_wconf 80' lang='grc' dir='ltr'><strong>Καὶ</strong></span> <span class='ocrx_word' id='word_1_782' title='bbox 2888 4882 2944 4934; x_wconf 89' lang='grc' dir='ltr'><strong>τί</strong></span> <span class='ocrx_word' id='word_1_783' title='bbox 2984 4883 3050 4935; x_wconf 78' lang='grc' dir='ltr'><strong>ἄν</strong></span> <span class='ocrx_word' id='word_1_784' title='bbox 3083 4900 3168 4946; x_wconf 87' lang='grc' dir='ltr'>τις</span> <span class='ocrx_word' id='word_1_785' title='bbox 3203 4884 3527 4952; x_wconf 83' lang='grc' dir='ltr'>ἀναλέγοιτο</span> <span class='ocrx_word' id='word_1_786' title='bbox 3559 4886 3630 4939; x_wconf 84' lang='grc' dir='ltr'>δι’</span> <span class='ocrx_word' id='word_1_787' title='bbox 3669 4880 3749 4940; x_wconf 85' lang='grc' dir='ltr'><strong>ὧν</strong></span> 
     </span>
    </p>
   </div>
   <div class='ocr_carea' id='block_1_94' title="bbox 2162 4967 3745 5050">
    <p class='ocr_par' dir='ltr' id='par_1_94' title="bbox 2162 4967 3745 5050">
     <span class='ocr_line' id='line_1_94' title="bbox 2162 4967 3745 5050; baseline 0.008 -31"><span class='ocrx_word' id='word_1_788' title='bbox 2162 4967 2413 5038; x_wconf 80' lang='grc' dir='ltr'>οὐράνιον</span> <span class='ocrx_word' id='word_1_789' title='bbox 2450 4967 2544 5021; x_wconf 78' lang='grc' dir='ltr'>καὶ</span> <span class='ocrx_word' id='word_1_790' title='bbox 2585 4974 2640 5023; x_wconf 77' lang='grc' dir='ltr'>ἐν</span> <span class='ocrx_word' id='word_1_791' title='bbox 2673 4971 2924 5042; x_wconf 81' lang='grc' dir='ltr'>οὐρανοῖς</span> <span class='ocrx_word' id='word_1_792' title='bbox 2956 4975 2984 5026; x_wconf 84' lang='grc' dir='ltr'>ὀ</span> <span class='ocrx_word' id='word_1_793' title='bbox 3021 4974 3213 5045; x_wconf 83' lang='grc' dir='ltr'><strong>Σωτὴρ</strong></span> <span class='ocrx_word' id='word_1_794' title='bbox 3249 4977 3341 5029; x_wconf 79' lang='grc' dir='ltr'>τὸν</span> <span class='ocrx_word' id='word_1_795' title='bbox 3368 4977 3589 5050; x_wconf 82' lang='grc' dir='ltr'>Πατέρα</span> <span class='ocrx_word' id='word_1_796' title='bbox 3625 4978 3745 5032; x_wconf 86' lang='grc' dir='ltr'>δια-</span> 
     </span>
    </p>
   </div>
   <div class='ocr_carea' id='block_1_95' title="bbox 2164 5057 3749 5136">
    <p class='ocr_par' dir='ltr' id='par_1_95' title="bbox 2164 5057 3749 5136">
     <span class='ocr_line' id='line_1_95' title="bbox 2164 5057 3749 5136; baseline 0.009 -27"><span class='ocrx_word' id='word_1_797' title='bbox 2164 5057 2423 5128; x_wconf 83' lang='grc' dir='ltr'>κηρύττει</span> <span class='ocrx_word' id='word_1_798' title='bbox 2450 5078 2463 5125; x_wconf 86' lang='grc'><strong>;</strong></span> <span class='ocrx_word' id='word_1_799' title='bbox 2521 5061 2674 5115; x_wconf 75' lang='grc' dir='ltr'>Ἀλλὰ</span> <span class='ocrx_word' id='word_1_800' title='bbox 2707 5063 2826 5127; x_wconf 68' lang='grc' dir='ltr'>πῶς</span> <span class='ocrx_word' id='word_1_801' title='bbox 2855 5064 2962 5131; x_wconf 82' lang='grc' dir='ltr'>τῷν</span> <span class='ocrx_word' id='word_1_802' title='bbox 2992 5066 3352 5136; x_wconf 78' lang='grc' dir='ltr'>παλαμναίων</span> <span class='ocrx_word' id='word_1_803' title='bbox 3389 5069 3448 5121; x_wconf 72' lang='grc' dir='ltr'><strong>οὐ</strong></span> <span class='ocrx_word' id='word_1_804' title='bbox 3479 5070 3749 5124; x_wconf 71' lang='grc' dir='ltr'>καταδύεσ-</span> 
     </span>
    </p>
   </div>
   <div class='ocr_carea' id='block_1_96' title="bbox 2161 5150 3751 5234">
    <p class='ocr_par' dir='ltr' id='par_1_96' title="bbox 2161 5150 3751 5234">
     <span class='ocr_line' id='line_1_96' title="bbox 2161 5150 3751 5234; baseline 0.011 -33"><span class='ocrx_word' id='word_1_805' title='bbox 2161 5166 2252 5203; x_wconf 80' lang='grc' dir='ltr'><strong>ται</strong></span> <span class='ocrx_word' id='word_1_806' title='bbox 2274 5150 2333 5203; x_wconf 75' lang='grc' dir='ltr'>τὸ</span> <span class='ocrx_word' id='word_1_807' title='bbox 2360 5152 2734 5223; x_wconf 67' lang='grc' dir='ltr'>ἀναίσχυντον,</span> <span class='ocrx_word' id='word_1_808' title='bbox 2752 5158 3130 5229; x_wconf 76' lang='grc' dir='ltr'>φανερώτερον</span> <span class='ocrx_word' id='word_1_809' title='bbox 3156 5159 3249 5214; x_wconf 85' lang='grc' dir='ltr'>τοῦ</span> <span class='ocrx_word' id='word_1_810' title='bbox 3279 5162 3532 5234; x_wconf 75' lang='grc' dir='ltr'>Σωτῆρος</span> <span class='ocrx_word' id='word_1_811' title='bbox 3561 5164 3751 5233; x_wconf 83' lang='grc' dir='ltr'>λέγον-</span> 
     </span>
    </p>
   </div>
   <div class='ocr_carea' id='block_1_97' title="bbox 2162 5245 3745 5327">
    <p class='ocr_par' dir='ltr' id='par_1_97' title="bbox 2162 5245 3745 5327">
     <span class='ocr_line' id='line_1_97' title="bbox 2162 5245 3745 5327; baseline 0.011 -32"><span class='ocrx_word' id='word_1_812' title='bbox 2162 5259 2273 5309; x_wconf 81' lang='grc' dir='ltr'>τος,</span> <span class='ocrx_word' id='word_1_813' title='bbox 2308 5245 2803 5316; x_wconf 74' lang='grc' dir='ltr'>Εξομολογοῦμαί</span> <span class='ocrx_word' id='word_1_814' title='bbox 2831 5266 2950 5314; x_wconf 82' lang='grc' dir='ltr'>σοι.</span> <span class='ocrx_word' id='word_1_815' title='bbox 2985 5251 3196 5321; x_wconf 81' lang='grc' dir='ltr'>Πάτερ,</span> <span class='ocrx_word' id='word_1_816' title='bbox 3223 5255 3403 5324; x_wconf 76' lang='grc' dir='ltr'>Κύριε</span> <span class='ocrx_word' id='word_1_817' title='bbox 3432 5255 3536 5311; x_wconf 84' lang='grc' dir='ltr'>τοῦ</span> <span class='ocrx_word' id='word_1_818' title='bbox 3562 5259 3745 5327; x_wconf 80' lang='grc' dir='ltr'>οὐρα-</span> 
     </span>
    </p>
   </div>
   <div class='ocr_carea' id='block_1_98' title="bbox 2161 5337 3747 5421">
    <p class='ocr_par' dir='ltr' id='par_1_98' title="bbox 2161 5337 3747 5421">
     <span class='ocr_line' id='line_1_98' title="bbox 2161 5337 3747 5421; baseline 0.01 -31"><span class='ocrx_word' id='word_1_819' title='bbox 2161 5337 2272 5391; x_wconf 78' lang='grc' dir='ltr'><strong>νοῦ</strong></span> <span class='ocrx_word' id='word_1_820' title='bbox 2301 5338 2400 5390; x_wconf 79' lang='grc' dir='ltr'>καὶ</span> <span class='ocrx_word' id='word_1_821' title='bbox 2432 5338 2542 5407; x_wconf 76' lang='grc' dir='ltr'>τῆς</span> <span class='ocrx_word' id='word_1_822' title='bbox 2581 5338 2730 5407; x_wconf 59' lang='grc' dir='ltr'><strong>γῆω</strong></span> <span class='ocrx_word' id='word_1_823' title='bbox 2761 5342 2836 5395; x_wconf 80' lang='grc' dir='ltr'><strong>Οὐ</strong></span> <span class='ocrx_word' id='word_1_824' title='bbox 2869 5343 3032 5412; x_wconf 88' lang='grc' dir='ltr'>μόνον</span> <span class='ocrx_word' id='word_1_825' title='bbox 3061 5348 3172 5416; x_wconf 84' lang='grc' dir='ltr'>γὰρ</span> <span class='ocrx_word' id='word_1_826' title='bbox 3200 5346 3436 5401; x_wconf 82' lang='grc' dir='ltr'>ἐνταῦθα</span> <span class='ocrx_word' id='word_1_827' title='bbox 3458 5350 3551 5402; x_wconf 85' lang='grc' dir='ltr'>τοῦ</span> <span class='ocrx_word' id='word_1_828' title='bbox 3578 5350 3747 5421; x_wconf 83' lang='grc' dir='ltr'>οὐρα-</span> 
     </span>
    </p>
   </div>
   <div class='ocr_carea' id='block_1_99' title="bbox 480 5395 2062 5510">
    <p class='ocr_par' dir='ltr' id='par_1_99' title="bbox 480 5408 2055 5479">
     <span class='ocr_line' id='line_1_99' title="bbox 480 5408 2055 5479; baseline 0.006 -10"><span class='ocrx_word' id='word_1_829' title='bbox 480 5416 596 5473; x_wconf 77' lang='grc' dir='ltr'><strong>Νοιι</strong></span> <span class='ocrx_word' id='word_1_830' title='bbox 629 5417 799 5471; x_wconf 91' lang='lat' dir='ltr'><strong>solum</strong></span> <span class='ocrx_word' id='word_1_831' title='bbox 831 5418 974 5470; x_wconf 89' lang='lat' dir='ltr'><strong>enim</strong></span> <span class='ocrx_word' id='word_1_832' title='bbox 1009 5408 1133 5470; x_wconf 59' lang='grc' dir='ltr'>εαξΙί</span> <span class='ocrx_word' id='word_1_833' title='bbox 1166 5415 1476 5479; x_wconf 87' lang='lat' dir='ltr'><strong>Dominum,</strong></span> <span class='ocrx_word' id='word_1_834' title='bbox 1530 5418 1625 5472; x_wconf 85' lang='lat' dir='ltr'><strong>sed</strong></span> <span class='ocrx_word' id='word_1_835' title='bbox 1678 5421 1840 5473; x_wconf 90' lang='lat' dir='ltr'><strong>etiam</strong></span> <span class='ocrx_word' id='word_1_836' title='bbox 1899 5432 2055 5479; x_wconf 71' lang='lat' dir='ltr'><strong>terra:</strong></span> 
     </span>
    </p>
   </div>
   <div class='ocr_carea' id='block_1_100' title="bbox 2162 5395 3745 5510">
    <p class='ocr_par' dir='ltr' id='par_1_100' title="bbox 2162 5395 3745 5510">
     <span class='ocr_line' id='line_1_100' title="bbox 2162 5395 3745 5510; baseline 0.012 -28"><span class='ocrx_word' id='word_1_837' title='bbox 2162 5430 2252 5483; x_wconf 82' lang='grc' dir='ltr'>νοῦ</span> <span class='ocrx_word' id='word_1_838' title='bbox 2300 5395 2532 5502; x_wconf 43' lang='grc' dir='ltr'>Κύριοιζ</span> <span class='ocrx_word' id='word_1_839' title='bbox 2746 5434 2841 5489; x_wconf 77' lang='grc' dir='ltr'>καὶ</span> <span class='ocrx_word' id='word_1_840' title='bbox 2869 5395 2984 5506; x_wconf 75' lang='grc' dir='ltr'><strong>Ιτῆς</strong></span> <span class='ocrx_word' id='word_1_841' title='bbox 3008 5395 3109 5508; x_wconf 53' lang='grc' dir='ltr'>γῆς</span> <span class='ocrx_word' id='word_1_842' title='bbox 3141 5395 3482 5510; x_wconf 64' lang='grc' dir='ltr'><strong>ἶτρανολογεί.</strong></span> <span class='ocrx_word' id='word_1_843' title='bbox 3534 5443 3598 5496; x_wconf 86' lang='grc' dir='ltr'>Τί</span> <span class='ocrx_word' id='word_1_844' title='bbox 3647 5395 3745 5501; x_wconf 50' lang='grc' dir='ltr'><strong>ἓν</strong></span> 
     </span>
    </p>
   </div>
   <div class='ocr_carea' id='block_1_101' title="bbox 478 5509 2052 5586">
    <p class='ocr_par' dir='ltr' id='par_1_101' title="bbox 478 5509 2052 5586">
     <span class='ocr_line' id='line_1_101' title="bbox 478 5509 2052 5586; baseline 0.006 -25"><span class='ocrx_word' id='word_1_845' title='bbox 478 5510 760 5577; x_wconf 83' lang='lat' dir='ltr'><strong>perspicue</strong></span> <span class='ocrx_word' id='word_1_846' title='bbox 787 5511 935 5564; x_wconf 83' lang='lat' dir='ltr'><strong>dicit.</strong></span> <span class='ocrx_word' id='word_1_847' title='bbox 973 5509 1108 5576; x_wconf 74' lang='lat' dir='ltr'><strong>Quid</strong></span> <span class='ocrx_word' id='word_1_848' title='bbox 1138 5510 1238 5564; x_wconf 88' lang='lat' dir='ltr'><strong>hoc</strong></span> <span class='ocrx_word' id='word_1_849' title='bbox 1268 5509 1576 5564; x_wconf 73' lang='lat' dir='ltr'><strong>testimonio</strong></span> <span class='ocrx_word' id='word_1_850' title='bbox 1630 5510 1871 5570; x_wconf 82' lang='lat' dir='ltr'><strong>clarius?</strong></span> <span class='ocrx_word' id='word_1_851' title='bbox 1927 5520 2052 5586; x_wconf 90' lang='lat' dir='ltr'><strong>quid</strong></span> 
     </span>
    </p>
   </div>
   <div class='ocr_carea' id='block_1_102' title="bbox 2165 5524 3747 5607">
    <p class='ocr_par' dir='ltr' id='par_1_102' title="bbox 2165 5524 3747 5607">
     <span class='ocr_line' id='line_1_102' title="bbox 2165 5524 3747 5607; baseline 0.01 -32"><span class='ocrx_word' id='word_1_852' title='bbox 2165 5524 2368 5607; x_wconf 73' lang='grc' dir='ltr'>ταύτης</span> <span class='ocrx_word' id='word_1_853' title='bbox 2393 5525 2492 5597; x_wconf 81' lang='grc' dir='ltr'>τῆς</span> <span class='ocrx_word' id='word_1_854' title='bbox 2520 5526 2825 5600; x_wconf 81' lang='grc' dir='ltr'>μαρτυρίας</span> <span class='ocrx_word' id='word_1_855' title='bbox 2857 5529 3230 5604; x_wconf 83' lang='grc' dir='ltr'>σαφέστερον;</span> <span class='ocrx_word' id='word_1_856' title='bbox 3263 5532 3329 5590; x_wconf 84' lang='grc' dir='ltr'>Τί</span> <span class='ocrx_word' id='word_1_857' title='bbox 3351 5535 3407 5591; x_wconf 81' lang='grc' dir='ltr'>δὲ</span> <span class='ocrx_word' id='word_1_858' title='bbox 3437 5535 3747 5592; x_wconf 80' lang='grc' dir='ltr'>δυνατώτε-</span> 
     </span>
    </p>
   </div>
   <div class='ocr_carea' id='block_1_103' title="bbox 552 5714 2062 5801">
    <p class='ocr_par' dir='ltr' id='par_1_103' title="bbox 552 5714 2053 5801">
     <span class='ocr_line' id='line_1_103' title="bbox 552 5714 2053 5801; baseline 0.007 -31"><span class='ocrx_word' id='word_1_859' title='bbox 552 5715 569 5743; x_wconf 86' lang='grc'>¹</span> <span class='ocrx_word' id='word_1_860' title='bbox 593 5714 782 5771; x_wconf 71' lang='lat' dir='ltr'><strong>Matth.</strong></span> <span class='ocrx_word' id='word_1_861' title='bbox 813 5732 882 5785; x_wconf 75' lang='lat' dir='ltr'><strong>tt,</strong></span> <span class='ocrx_word' id='word_1_862' title='bbox 912 5714 966 5769; x_wconf 88' lang='lat'><strong>9.</strong></span> <span class='ocrx_word' id='word_1_863' title='bbox 1045 5719 1064 5750; x_wconf 77' lang='lat'>&#39;</span> <span class='ocrx_word' id='word_1_864' title='bbox 1107 5719 1240 5776; x_wconf 88' lang='lat' dir='ltr'><strong>ibid.</strong></span> <span class='ocrx_word' id='word_1_865' title='bbox 1280 5719 1365 5775; x_wconf 81' lang='lat' dir='ltr'><strong>i0.</strong></span> <span class='ocrx_word' id='word_1_866' title='bbox 1402 5794 1416 5801; x_wconf 78' lang='lat'><em>_</em></span> <span class='ocrx_word' id='word_1_867' title='bbox 1444 5720 1463 5753; x_wconf 82' lang='grc'><strong>³</strong></span> <span class='ocrx_word' id='word_1_868' title='bbox 1499 5719 1632 5776; x_wconf 85' lang='lat' dir='ltr'><strong>ibid.</strong></span> <span class='ocrx_word' id='word_1_869' title='bbox 1665 5720 1752 5777; x_wconf 66' lang='grc'><strong>15.</strong></span> <span class='ocrx_word' id='word_1_870' title='bbox 1828 5723 1848 5756; x_wconf 75' lang='grc'><strong><em>³⁵</em></strong></span> <span class='ocrx_word' id='word_1_871' title='bbox 1887 5724 2053 5781; x_wconf 73' lang='lat' dir='ltr'><strong>Matth</strong></span> 
     </span>
    </p>
   </div>
   <div class='ocr_carea' id='block_1_104' title="bbox 2162 5714 2702 5801">
    <p class='ocr_par' dir='ltr' id='par_1_104' title="bbox 2162 5728 2702 5795">
     <span class='ocr_line' id='line_1_104' title="bbox 2162 5728 2702 5795; baseline 0.002 -12"><span class='ocrx_word' id='word_1_872' title='bbox 2162 5746 2189 5795; x_wconf 73' lang='grc' dir='ltr'><strong>ι,</strong></span> <span class='ocrx_word' id='word_1_873' title='bbox 2254 5728 2342 5784; x_wconf 78' lang='lat'><strong>50.</strong></span> <span class='ocrx_word' id='word_1_874' title='bbox 2421 5728 2582 5786; x_wconf 78' lang='lat' dir='ltr'><strong>&#39;bid.</strong></span> <span class='ocrx_word' id='word_1_875' title='bbox 2614 5730 2702 5785; x_wconf 67' lang='lat'><strong>25.</strong></span> 
     </span>
    </p>
   </div>
  </div>
