4132 6404
336 429 357 442 .
392 383 524 448 ῙΞΟῙ

1308 382 1685 441 PANOPLIA
1727 379 2183 441 DOGMATICA.
2226 403 2297 417 -
2332 379 2484 438 '“l'l‘.
2525 377 2734 440 XXIV.

3520 372 3659 437 1262

395 511 487 563 ρον
510 493 605 545 καὶ
627 491 716 545 τὸν
741 492 959 559 Πατέρα
980 492 1074 545 τοῦ
1098 492 1296 564 Κυρίου
1330 494 1487 565 ἡμῶν
1525 494 1701 563 Ί-ησοῦ
1726 491 1960 563 Χριστοῦ

2103 491 2133 543 d
2165 492 2490 546 obstruenda
2525 492 2810 559 impiorum
2857 491 3083 544 istorum
3114 504 3205 545 ora
3236 490 3328 558 qui
3358 505 3385 544 a
3422 490 3658 545 veritate

394 583 729 654 δημιουργὸν
759 584 856 636 καὶ
882 584 1087 653 Κύριον
1110 586 1461 656 παραστῆσαι
1490 586 1584 640 τοῦ
1616 587 1836 650 παντὸς,
1872 586 1967 638 καὶ

391 677 452 728 τὸ
493 674 760 744 θεομάχον
797 676 891 743 τῆς
916 676 1257 740 ἀποστασίας
1293 678 1570 748 ἐμφράξαι
1607 678 1782 744 στόμα
1813 696 1827 743 ;
1860 677 1967 730 Καὶ

390 767 470 837 τῷ
506 768 700 836 Πέτρῳ
734 766 790 820 δέ
820 784 983 836 φησιν
1014 767 1042 819 ὁ
1075 769 1267 839 Σωτήρ
1293 787 1308 802 ο
1341 772 1519 823 Δώσω
1546 785 1644 823 σοι
1677 770 1781 834 τὰς
1804 768 1969 832 κλεῖς

395 855 505 921 τῆς
531 857 857 922 βασιλείας
896 857 1015 911 τῶν
1048 858 1342 928 οὐρανῶν,
1365 861 1460 914 καὶ
1491 861 1557 912 τά
1589 858 1893 929 ἑξῆς.”ορα
1914 860 1969 913 δὲ

395 946 664 999 καὶτοῦτο
680 964 693 977 ·
714 949 1074 1015 Βαπτισθεὶς
1095 953 1127 1003 ό
1143 950 1378 1018 Ἰησοῦς
1394 951 1631 1020 ἄνεισιν
1648 952 1828 1017 εὐθὺς
1854 951 1971 1005 ἀπὸ

395 1039 500 1092 τοῦ
523 1038 742 1105 ὕδατος
770 1054 785 1070 ·
818 1040 935 1104 πῶς
970 1040 1028 1093 ὲν
1055 1041 1134 1111 τῷ
1162 1042 1439 1113 πλάσματι
1470 1043 1563 1095 τοῦ
1587 1042 1846 1112 πονηροῦ,
1880 1043 1972 1095 καὶ

397 1131 491 1182 τοῦ
527 1130 733 1199 ἀγαθοῦ
768 1131 982 1202 Πατρὺς
1003 1133 1210 1200 ἀγαθὸς
1240 1134 1369 1197 Υίὸς
1407 1135 1725 1203 βαπτισθεὶς
1759 1136 1972 1189 ἐκεῖθεν

399 1221 607 1287 ἄνεισις
657 1222 776 1288 καὶ,
818 1222 977 1277 Ἰδοὺ
1018 1217 1418 1292 ἀνεῴχθησαν
1438 1229 1492 1279 οἱ
1513 1227 1779 1293 οὐρανοί.
1811 1224 1974 1277 Ἀλλο

403 1312 565 1365 πάλιν
590 1313 819 1382 πλάσμα
850 1318 1096 1387 πονηρᾶς
1126 1318 1308 1387 χειρὸς
1339 1319 1460 1370 κατ’
1491 1319 1709 1379 αύτούς*
1748 1318 1889 1371 διατί
1919 1318 1975 1371 δὲ

402 1405 788 1475 ἀνεῴχθησαν,
830 1409 926 1461 καὶ
945 1409 1092 1472 τίνος
1126 1410 1317 1479 χάριν;
1343 1406 1483 1464 Εἷδε
1503 1411 1569 1464 τὸ
1600 1412 1841 1480 Πνεῦμα
1869 1411 1975 1465 τοῦ

401 1496 572 1559 Θεοῦ,
604 1500 759 1566 φησὶ,
791 1499 1157 1554 καταϐαῖνον
1180 1501 1324 1554 ὡσεί
1362 1504 1726 1570 περιστεράν
1749 1520 1762 1535 ·
1795 1504 1979 1574 τρίτος

399 1581 552 1652 οὗτος
583 1590 683 1660 τῆς
701 1590 956 1656 ἀσεόείας
989 1592 1046 1645 ὲν
1079 1594 1281 1662 ὀλίγοις
1307 1596 1513 1665 ῥήμασι
1536 1596 1825 1665 θρίαμϐος.
1856 1596 1979 1659 Πῶς

404 1680 513 1750 γὰρ
572 1683 629 1736 ὲν
679 1682 757 1754 τῷ
809 1683 1091 1755 πλάσματι
1143 1686 1237 1739 τοῦ
1295 1688 1534 1758 πονηροῦ
1579 1690 1641 1741 τὸ
1693 1688 1787 1742 τοῦ
1846 1688 1980 1741 Θεοῦ

406 1773 633 1844 Πνεῦμα
666 1776 960 1841 τυποῦται,
996 1779 1091 1831 καὶ
1132 1781 1372 1834 κάτεισιν
1422 1784 1486 1833 ὲκ
1521 1782 1631 1834 τῶν
1680 1783 1857 1853 ἔργων
1885 1783 1981 1835 τοῦ

406 1865 624 1935 ἐχθροῦ,
644 1869 902 1922 κάκεῖθεν
924 1871 1112 1923 κατιὸν
1134 1870 1356 1941 ἔρχεται
1378 1873 1470 1925 ἔπι
1490 1873 1581 1926 τὸν
1618 1848 1857 1945 Ἰησο-ῦνς
1890 1873 1983 1926 καὶ
2019 1848 2060 1902 Β

406 1959 640 2031 τετάρτη
679 1962 850 2033 στήλη
884 1964 982 2032 τῆς
1016 1965 1307 2027 ἀσεϐείας,
1348 1966 1502 2036 φωνὴ
1540 1967 1742 2020 δίδοται
1780 1968 1842 2021 ἐκ
1874 1967 1984 2020 τῶν

405 2052 686 2119 οὐρανῶν·
724 2049 915 2120 Οὗτός
948 2056 1116 2109 ἐστιν
1157 2058 1189 2110 ό
1236 2057 1368 2123 Υἱός
1406 2074 1525 2125 μου
1574 2060 1608 2112 ό
1657 2058 1983 2126 ἀγαπητὸς,

407 2134 565 2209 ἐν·ηῷ
613 2142 941 2212 εὐδόκησα.
1005 2144 1327 2200 Ἐπισκόπει
1377 2165 1490 2217 μοι,
1542 2148 1818 2219 ἀγαπητὲ,
1865 2150 1986 2201 καθ’

411 2234 646 2303 ἑκάστην
676 2236 822 2301 λέξιν
852 2238 1001 2302 ὅπως
1030 2240 1221 2303 αὑταῖς
1254 2241 1614 2309 συμπρόεισιν
1653 2243 1679 2294 ό
1710 2242 1853 2294 κατά
1890 2242 1989 2312 τῆς

413 2326 673 2391 ἀσεϐείας
714 2327 957 2397 ἄφυκτος
1010 2330 1252 2401 ἐλεγχος.
1290 2328 1478 2396 Οὗτός
1535 2333 1689 2397 ἐστι,
1727 2334 1923 2403 φησὶν,
1959 2336 1991 2388 ό

410 2419 543 2485 Υἱός
564 2436 686 2489 μου
720 2423 753 2474 ό
782 2422 1110 2491 ἀγαπητὸς,
1142 2424 1212 2476 ἐν
1238 2417 1286 2491 ᾧ
1306 2425 1634 2492 εὐδόκησα.
1668 2426 1795 2492 Τίς;
1822 2420 1991 2489 Οὗτος

412 2513 441 2564 ό
469 2514 527 2564 ὲν
562 2512 715 2567 ὕδατι
754 2514 1174 2585 βαπτιζόμενος,
1209 2510 1253 2586 ᾧ
1286 2517 1638 2589 ἠνεῴχθησαν
1667 2521 1715 2572 oi
1746 2521 1990 2588 οὐρανοὶ,

416 2602 501 2671 ἐφ’
530 2602 588 2655 ὃν
620 2605 680 2657 τὸ
709 2605 937 2675 Πνεῦμα
964 2606 1024 2659 τὸ
1056 2608 1190 2677 ἐμὸν
1219 2610 1277 2661 ὲν
1312 2612 1497 2679 μορφῇ
1530 2614 1861 2680 περιστερᾶς
1891 2629 1994 2664 κα-

417 2695 672 2750 ταϐαῖνον
728 2700 793 2752 ἐκ
849 2698 957 2753 τῶν
1016 2700 1262 2770 οὐρανῶν
1310 2703 1851 2773 συνεπιμαρτύρεται
1900 2704 1995 2758 τοῦ

424 2788 825 2859 βαπτιζομένου
850 2794 949 2862 τὴν
986 2793 1233 2862 υῖότητα.
1258 2795 1441 2848 Πάντα
1473 2796 1581 2864 ἐμὰ
1606 2796 1696 2849 διὰ
1718 2796 1828 2850 τῶν
1849 2798 1998 2865 ἐμῶν

418 2882 755 2951 κτισμάτων.
802 2884 859 2936 '0
888 2885 1021 2955 ἐμὸς
1041 2885 1189 2947 Υἱὸς,
1217 2887 1277 2938 τὸ
1298 2887 1510 2958 θέλημα
1535 2890 1759 2960 πληρῶν
1776 2891 1835 2942 τὸ
1863 2892 1995 2959 ἐμὸν

419 2974 521 3044 τὴν
551 2977 826 3045 σωτηρίαν
850 2978 1293 3047 καταπράττεται
1321 2981 1416 3033 τοῦ
1435 2981 1669 3051 κόσμου,
1705 2982 1872 3053 μόνης
1899 2985 1995 3050 τῆς

421 3067 516 3119 τοῦ
556 3067 875 3137 Πνεῦματος
908 3070 1155 3134 ἔξουσίας
1190 3071 1266 3142 τῷ
1302 3072 1534 3142 ὁμοφυεῖ
1564 3075 1995 3147 συμπαρούσης,

2074 580 2408 644 deiecerunt,
2439 581 2669 634 validius
2726 596 2890 649 quam
2945 579 3091 633 locns
3162 579 3270 644 hic,
3325 594 3434 646 quo
3498 577 3658 633 Pater

2078 672 2291 725 Domini
2324 673 2491 726 nostri
2526 672 2653 727 Jesu
2680 671 2881 725 Christi
2920 670 3098 739 apil‘ex
3124 681 3180 725 et
3252 670 3514 724 Dominus
3572 685 3658 723 re-

2078 780 2198 817 rum
2234 765 2473 816 omnium
2509 764 3039 817 tleclaratur?l’etro
3070 763 3329 815 Dominus
3361 763 3475 815 ait:
3510 761 3660 814 Dabo

2077 855 2169 907 tibi
2208 854 2373 908 claves
2397 856 2540 923 regni
2566 856 2813 907 calorum
2854 857 2893 917 ‘,
2929 864 2981 907 et
3012 869 3129 920 quae
3160 862 3480 920 sequuntur.
3505 854 3659 907 Adde

2078 957 2131 999 et
2172 947 2351 1001 illud:
2410 946 2723 1014 Baptizatus
2778 948 2931 1000 Iesus
2979 946 3253 1014 confestim
3305 946 3541 997 ascendit
3599 947 3662 998 de

2080 1054 2216 1108 aqua
2237 1042 2280 1092 ’.
2308 1040 2586 1105 Quomodo
2621 1041 2672 1092 in
2716 1054 2774 1093 re
2802 1055 2831 1092 a
2862 1040 3002 1093 malo
3020 1038 3267 1092 confecta
3299 1038 3423 1091 boni
3449 1038 3539 1090 il‘e
3559 1037 3661 1089 Pa-

2080 1131 2177 1185 tris
2208 1130 2375 1186 Filius
2407 1134 2579 1185 bonus
2601 1132 2905 1198 baptizatus
2933 1132 3054 1184 inde
3085 1129 3366 1182 aseendit?
3400 1129 3495 1181 Et:
3532 1127 3665 1180 Ecce

2082 1225 2248 1290 aperti
2281 1233 2403 1276 sunt
2432 1223 2547 1276 caeli
2577 1222 2618 1283 ³,
2663 1240 2747 1276 res
2784 1224 2909 1275 item
2953 1238 2982 1276 a
3014 1223 3153 1275 mala
3189 1222 3427 1291 perlecta
3477 1238 3662 1283 mann,

2084 1322 2142 1366 ut
2182 1315 2266 1368 isti
2302 1315 2502 1372 volunt.
2540 1314 2765 1383 Propter
2809 1315 2934 1383 quid
3000 1324 3208 1375 autem,
3258 1325 3312 1367 et
3385 1314 3539 1383 cujus
3590 1316 3665 1366 rei

2086 1408 2257 1476 gratia
2290 1407 2461 1475 aperti
2500 1408 2765 1462 suutcmli
2790 1408 2813 1460 ?
2841 1408 2976 1459 Audi
3014 1422 3027 1457 :
3062 1406 3207 1459 Vidit
3240 1406 3499 1475 Spiritum
3540 1407 3658 1471 Dei,

2087 1498 2284 1566 inquit,
2315 1498 2705 1551 descendentem
2760 1506 3010 1566 tanquam
3046 1497 3341 1549 columbam
3374 1497 3414 1549 ⁸.
3453 1495 3669 1549 Tertius

2092 1600 2174 1644 est
2203 1590 2291 1643 hic
2324 1591 2510 1659 paucis
2539 1590 2716 1643 verbis
2751 1591 3042 1643 conclusus
3106 1591 3368 1643 adversus
3422 1589 3670 1656 impieta-

2095 1695 2197 1736 tem
2234 1684 2560 1750 triumphus.
2600 1683 2881 1749 Quomodo
2905 1682 3121 1736 enimin
3155 1681 3323 1749 ﬁgura
3362 1683 3433 1733 rei
3462 1696 3488 1731 a
3528 1680 3670 1731 malo

2093 1774 2352 1829 confecta:
2393 1772 2630 1843 Spiritus
2666 1774 2757 1826 Dei
2788 1773 3120 1837 declaratur,
3183 1781 3234 1824 ct
3266 1772 3545 1824 descendit
3602 1770 3669 1822 'ex

2090 1866 2344 1933 operibus
2376 1866 2580 1919 inimici
2610 1903 2626 1928 ,
2664 1875 2718 1918 et
2751 1865 2896 1919 venit
2949 1877 3114 1933 super
3139 1864 3371 1919 Jesnm?
3433 1862 3673 1927 Quartus

2091 1957 2347 2009 adversus
2379 1956 2709 2024 impietatem
2745 1956 3072 2022 triumphus,
3098 1968 3199 2006 vox
3227 1968 3258 2007 e
3298 1951 3434 2005 coelo
3464 1951 3667 2005 editur:

2098 2048 2196 2101 Hic
2224 2055 2303 2100 est
2334 2044 2505 2099 Filius
2542 2062 2684 2100 meus
2719 2045 2961 2107 dilectus,
2998 2046 3051 2097 in
3080 2060 3181 2113 quo
3211 2043 3339 2097 mihi
3370 2044 3492 2095 bene
3533 2057 3678 2094 com-

2092 2139 2266 2208 placui
2302 2140 2346 2193 ⁸.
2382 2137 2701 2202 Considera,
2735 2150 2941 2205 quwso,
2965 2136 3157 2200 amice,
3188 2134 3462 2205 quomodo
3493 2134 3678 2200 singu-

2095 2233 2144 2285 la
2182 2239 2496 2301 argumenta
2530 2240 2825 2298 coarguunt
2860 2228 3189 2295 impietatem
3227 2236 3388 2293 atque
3442 2225 3667 2278 convin-

2096 2336 2227 2381 cunt
2260 2342 2274 2378 :
2311 2324 2413 2378 Hic
2443 2336 2539 2390 est,
2574 2325 2777 2393 inquit,
2812 2320 2991 2375 Filius
3022 2337 3167 2374 meus
3223 2320 3466 2383 dilectus,
3504 2318 3560 2370 in
3578 2330 3680 2384 quo

2097 2417 2224 2470 mihi
2301 2417 2425 2469 bene
2478 2415 2770 2483 complacui
2802 2414 2841 2466 ⁸.
2901 2411 3075 2478 Quis?
3131 2409 3230 2465 llic
3283 2408 3468 2479 quiin
3523 2406 3681 2477 aquis

2099 2512 2397 2580 baptizatus
2423 2519 2525 2572 est,
2552 2510 2635 2562 cui
2668 2508 2835 2575 aperti
2864 2515 2988 2559 sunt
3015 2504 3156 2569 coeli,
3186 2518 3350 2572 super
3372 2517 3530 2573 quem
3559 2501 3681 2567 Spi-

2102 2605 2236 2657 ritus
2269 2603 2498 2656 meusin
2534 2598 2799 2655 columba:
2853 2597 3023 2649 forma
3085 2594 3362 2649 desvendit
3418 2608 3447 2646 e
3498 2592 3675 2654 caelis,

2103 2705 2436 2763 testaturque
2500 2693 2647 2745 illum
2669 2706 2787 2745 esse
2830 2704 3014 2743 verum
3042 2687 3240 2741 Filium
3271 2702 3451 2741 suum.
3486 2683 3678 2738 Omnia

2107 2804 2220 2843 mea
2256 2802 2349 2854 per
2376 2800 2462 2839 res
2493 2800 2520 2837 a
2553 2799 2637 2837 me
2672 2790 3005 2852 procreatas.
3044 2778 3211 2832 Filius
3247 2791 3396 2831 meus
3426 2777 3674 2829 volunta-

2105 2894 2214 2935 tem
2253 2895 2424 2933 meam
2456 2892 2763 2945 exsequens
2798 2874 2979 2929 mundi
3014 2871 3242 2927 salutem
3274 2870 3505 2939 peragit,
3569 2867 3680 2922 sola

2109 2971 2344 3042 Spiritus
2379 2978 2645 3039 potestate
2670 2965 2833 3021 simul
2872 2980 2992 3019 cum
3020 2964 3135 3026 illo,
3168 2963 3257 3032 qui
3313 2971 3396 3016 est
3435 2963 3680 3030 ejusdem

2108 3075 2335 3128 naturae,
2364 3061 2678 3122 exsisteute,
2722 3068 2777 3113 et
2805 3057 2978 3125 reipsa
3009 3069 3322 3126 germanum
3364 3055 3535 3117 ipsum
3566 3066 3689 3106 esse

424 3158 521 3211 καὶ
564 3160 1051 3233 ἀνακηρυττούσης
1094 3164 1171 3234 τῷ
1209 3166 1497 3235 πράγματι
1540 3168 1602 3220 τὸ
1642 3169 1864 3239 γνήσιον
1902 3169 2001 3239 τῆς
2034 3196 2075 3251 c
2112 3154 2304 3209 Fllim“
2342 3152 2668 3207 ἀθυίειΐίυιω·

427 3252 696 3322 υίότητος.

499 3344 562 3399 El
590 3346 779 3417 θρόνον
803 3348 894 3402 τοῦ
916 3348 1050 3401 Θεοῦ
1078 3349 1169 3402 τὸν
1193 3350 1419 3420 οὐρανὸν
1446 3352 1605 3405 καλεῖ
1629 3354 1657 3404 ὁ
1677 3353 1877 3422 μᾶλλον
1899 3352 2005 3405 τῶν

426 3436 603 3490 ἄλλων
633 3440 724 3491 τὸν
757 3440 976 3510 Πατέρα
1004 3442 1098 3493 καὶ
1122 3444 1189 3494 τά
1226 3441 1319 3494 τοῦ
1351 3443 1565 3513 Πατρός
1595 3443 1771 3509 είδὼς,
1803 3444 2007 3497 ὑποπό-

427 3531 537 3585 διον
569 3533 628 3585 δὲ
669 3533 769 3604 τὴν
806 3534 942 3603 γῆν,
982 3535 1075 3586 καὶ
1112 3534 1269 3587 πόλιν
1309 3534 1474 3587 αὐτοῦ
1507 3536 1576 3588 τὰ
1618 3537 1968 3605 Ἰεροσόλυμα
1991 3553 2003 3567 ·

429 3623 548 3687 πῶς
568 3625 667 3677 οὐκ
693 3625 929 3695 ἐσχάτης
956 3625 1235 3691 ἀσεϐείας,
1262 3619 1335 3681 ὧν
1363 3628 1571 3696 μάρτυς
1599 3629 1626 3679 ὁ
1652 3627 1801 3692 Υἱὸς,
1836 3626 2009 3680 ταῦτά

430 3734 587 3784 τινας
617 3718 968 3786 περικόπτειν
993 3717 1178 3781 αὑτοῦ,
1204 3721 1302 3770 καὶ
1324 3718 1510 3787 ἕτερον
1539 3718 1645 3771 τῷν
1683 3719 2011 3787 περικοπέν-

431 3827 539 3865 των
573 3814 745 3864 ποιεῖν
784 3813 1016 3881 ποιητήν
1047 3827 1062 3877 ;
1113 3811 1171 3863 Ὀ
1203 3811 1313 3881 γὰρ
1348 3810 1527 3863 πάντα
1562 3810 1698 3879 πρὸς
1734 3812 2011 3881 σωτηρίαν

433 3906 591 3975 ἡμῶν
608 3907 702 3961 καὶ
722 3903 999 3973 πράττων,
1022 3904 1118 3957 καὶ
1143 3903 1334 3970 ποιῶν,
1357 3904 1449 3957 καὶ
1472 3904 1755 3973 παραινῶν
1780 3906 2010 3975 Χριστὸς

435 4000 462 4049 ὁ
491 3997 623 4061 Θεὸς
654 3998 744 4049 τὸν
781 3998 942 4065 ὅρκον
966 3995 1039 4059 ὡς
1081 3996 1212 4048 ὅντα
1240 3996 1340 4066 τῆς
1382 3995 1666 4066 ἐπιορκίας
1705 3996 1883 4065 πύλην
1914 3998 2013 4066 τῆς

438 4089 788 4160 ἀνθρωπίνης
833 4087 1139 4141 ἀποκλείων
1185 4089 1462 4149 πολιτείας
1506 4090 1702 4159 φησίν·
1763 4088 1911 4159 Ἐγὼ
1951 4089 2019 4143 δὲ

438 4186 591 4255 λέγω
628 4186 772 4253 ὑμῖν
801 4185 886 4252 μὴ
921 4186 1136 4251 ὀμόσαι
1167 4184 1314 4246 ὅλως
1340 4184 1493 4252 μήτε
1522 4185 1591 4237 ἐν
1630 4185 1707 4248 τῷ
1746 4182 1980 4251 οὐρανῷ
2004 4226 2017 4245 ,

440 4274 529 4327 ὅτι
558 4274 770 4341 θρόνος
791 4272 921 4326 ἐστὶ
944 4272 1050 4325 τοῦ
1080 4272 1252 4332 Θεοῦ,
1272 4274 1424 4340 μήτε
1446 4274 1514 4327 ἐν
1541 4272 1614 4340 τῆ
1635 4274 1734 4342 γῇ,
1759 4274 1847 4326 ὅτι
1876 4276 2022 4327 ὐπο-

440 4367 655 4421 πεητδιον
684 4367 804 4419 τῶν
832 4363 1036 4418 ποδῶν
1058 4364 1248 4417 αὐτοῦ
1280 4364 1430 4427 ἐστι,
1463 4365 1615 4433 μήτε
1641 4368 1728 4430 εὶς
1769 4366 2023 4432 Ἰεροσό-

441 4466 624 4529 λυμα,
653 4460 740 4512 ὅτι
770 4459 944 4521 πόλις
976 4456 1105 4509 ἐστὶ
1128 4456 1235 4508 τοῦ
1246 4455 1555 4521 βασιλέως
1582 4456 1688 4509 τοῦ
1714 4456 1983 4525 μεγάλου
2007 4472 2017 4487 ·

2184 3336 2241 3391 Si
2278 3334 2324 3388 is
2349 3329 2438 3402 qui
2468 3330 2704 3385 maxime
2740 3328 2985 3383 omnium
3004 3326 3243 3388 Patrem,
3278 3333 3333 3380 et
3359 3339 3477 3395 qua:
3507 3323 3688 3380 Patris

2112 3438 2257 3492 sunt,
2291 3427 2464 3486 novit.
2500 3424 2593 3479 Dei
2625 3426 2880 3477 thronum
2911 3421 3107 3476 ctelum
3168 3420 3425 3491 appellat,
3485 3431 3686 3475 terram

2114 3532 2294 3578 autem
2326 3518 2643 3581 scabellum,
2684 3528 2739 3569 et
2767 3515 3047 3569 civitatem
3080 3514 3254 3582 ipsius
3288 3511 3690 3583 Hierosolyma,

2113 3627 2292 3668 nonne
2316 3627 2541 3667 summa:
2590 3610 2874 3663 dementiae
2936 3614 3042 3669 est,
3103 3618 3334 3675 quorum
3385 3605 3541 3658 testis
3603 3615 3691 3659 est

2111 3707 2306 3775 Filius,
2331 3720 2391 3759 ea
2424 3703 2686 3773 quosdam
2722 3700 2796 3755 illi
2834 3701 3094 3766 adimere,
3130 3711 3385 3753 eteorum
3416 3706 3695 3752 auctorem

2115 3801 2276 3855 alium
2307 3792 2679 3851 constituere?
2714 3792 2963 3847 Christus
2987 3789 3130 3845 enim
3171 3789 3327 3853 Deus,
3358 3786 3516 3855 cujus
3577 3802 3697 3841 om-

2114 3894 2202 3946 nia
2258 3892 2399 3943 facta
2441 3888 2693 3956 dictaque
2724 3884 2997 3953 pertinent
3029 3882 3095 3936 ad
3148 3881 3375 3935 salutem
3429 3888 3697 3939 nostram,

2116 3999 2235 4037 eum
2266 3982 2332 4035 ab
2363 3982 2594 4033 humana
2632 3973 3135 4042 vitajusjuraudum
3166 4011 3181 4034 ,
3211 3981 3467 4039 tanquam
3497 3971 3699 4023 aditum

2120 4076 2183 4128 ad
2211 4070 2530 4140 periurium,
2571 4078 2871 4122 removeret
2910 4084 2923 4118 :
2955 4063 3067 4134 Ego
3101 4073 3301 4133 autem,
3328 4062 3526 4131 inquit,
3586 4062 3703 4112 dico

2119 4165 2283 4230 vobis,
2323 4180 2385 4216 ne
2410 4161 2601 4231 juretis
2638 4159 2877 4222 omnino,
2901 4173 3066 4226 neque
3094 4171 3183 4221 per
3206 4155 3390 4208 caelum
3420 4155 3509 4222 qui
3557 4154 3706 4205 thro-

2124 4274 2219 4311 nus
2259 4267 2335 4310 est
2363 4255 2664 4322 Dei,neque
2717 4266 2807 4318 per
2852 4258 3070 4313 terram,
3107 4249 3235 4316 quia
3284 4245 3571 4300 scabellum
3621 4254 3699 4295 ut

2125 4349 2313 4418 pedum
2343 4348 2481 4415 ejus,
2519 4359 2683 4415 neque
2708 4359 2799 4412 per
2827 4340 3223 4410 Hierosolyma,
3254 4340 3378 4408 quia
3404 4339 3588 4390 civitas
3639 4345 3715 4388 est

2130 4442 2270 4511 regis
2301 4439 2519 4508 magni;
2548 4452 2708 4505 neque
2730 4450 2823 4503 per
2847 4443 3003 4501 caput
3034 4442 3205 4493 tuum,
3237 4433 3364 4498 quia
3416 4445 3517 4482 non
3570 4438 3714 4496 potes

442 4517 773 4619 cil'la'undé
803 4551 871 4603 ἐν
899 4517 972 4616 τῇ
992 4547 1231 4616 κεφαλῇ
1251 4517 1397 4610 Ῠσου,
1421 4517 1605 4616 φησίν,
1630 4517 1814 4601 ὅτι-ού
1839 4547 1993 4601 δύνα

2127 4548 2287 4586 unum
2310 4529 2561 4598 capillum
2588 4527 2766 4579 album
2818 4524 2990 4593 facere
3013 4532 3102 4575 aut
3139 4524 3368 4591 nigrant.
3422 4517 3618 4587 Caput,
3667 4526 3716 4569 et

443 4660 547 4699 σαι
570 4609 716 4713 μίαν
739 4642 912 4710 τρίχα
940 4609 1269 4706 ἆευκὴνίίί)
1299 4609 1598 4706 μέλαιναν.
1622 4635 1895 4705 ποιῆσαι,
1929 4655 1988 4690 κε

2123 4619 2510 4687 Hierosolyma,
2536 4625 2587 4670 et
2623 4624 2841 4679 terram,
2874 4624 2921 4666 et
2953 4612 3139 4666 caelum
3171 4612 3420 4667 sensibus
3446 4624 3568 4663 esse
3616 4609 3713 4661 ob.

445 4700 643 4806 φαλην,
680 4700 784 4787 καὶ.
821 4700 1191 4800 ’,1,εροσόλυμα,
1234 4700 1329 4783 καὶ
1375 4731 1503 4798 γῆν,
1549 4732 1646 4784 καὶ
1679 4700 1906 4800 οὐρανὸν
1955 4750 1993 4784 τι

2122 4714 2281 4768 noxia
2331 4713 2505 4779 reipsa
2542 4709 2836 4771 cernimus,
2870 4719 2991 4774 quas
3047 4702 3219 4757 Judaei
3272 4702 3521 4768 iurantes
3578 4700 3721 4753 sole-

446 4794 678 4895 αἰσθητὰ
711 4825 780 4878 τά
808 4794 929 4892 ὄψει
967 4794 1266 4892 κρινόμενα
1298 4794 1494 4886 λέγων,
1526 4818 1562 4872 ἃ
1594 4820 1705 4878 τοῖς
1747 4794 1990 4873 Ἶουδαῖοι

2120 4803 2565 4861 bautnominare.
2600 4800 2677 4853 Ac
2707 4812 2772 4852 ne
2803 4811 3015 4851 rursum
3035 4798 3101 4850 ad
3125 4794 3337 4849 fabulas
3361 4806 3414 4847 et
3436 4809 3608 4862 nugas
3631 4808 3723 4845 ca-

446 4920 514 4990 ἦν
542 4884 661 4982 ἔθος
686 4884 1234 4988 ὅρκον-ποιῆσαι..Μὴ
1265 4914 1328 4983 δὴ
1366 4884 1529 4966 πάλιν
1559 4914 1639 4975 είς
1665 4911 1891 4982 μύθους,
1929 4929 1993 4964 κα

2120 4906 2212 4959 put
2236 4907 2282 4949 et
2309 4892 2694 4960 Hierosolyma,
2713 4899 2763 4944 et
2780 4902 2975 4942 terram
2994 4897 3041 4941 et
3060 4888 3245 4941 coelum
3264 4887 3470 4940 insania
3496 4884 3715 4943 referat,

448 4977 657 5084 λήρους.
689 4977 788 5083 την
834 4977 1098 5077 κεφαλὴν,
1133 4977 1233 5059 καὶ,
1259 4977 1328 5057 τά
1377 4977 1750 5073 Ἰεροσόλυμα,
1793 5005 1888 5057 καὶ
1927 5004 1992 5073 τὴ

2126 5000 2185 5043 ιιι
2212 5002 2354 5057 saepe
2389 4986 2437 5039 in
2480 4984 2642 5038 rebus
2684 4982 2861 5037 dubiis
2913 4980 3094 5034 facere
3156 4980 3461 5040 consuevit,
3521 4977 3717 5031 emtum

452 5072 556 5173 γέγν
578 5147 591 5167 ,
629 5072 851 5155 καὶυτδν
888 5072 1114 5169 ούρανδν
1142 5099 1175 5166 ἧ
1207 5097 1372 5166 μανία
1410 5072 1831 5158 παρπρεὴέτω¹
1861 5094 1936 5153 ὡς

2129 5085 2253 5146 hoc,
2279 5079 2424 5149 quod
2455 5078 2627 5133 oculis
2660 5074 2955 5137 cernimus,
2992 5082 3046 5127 et
3077 5082 3278 5125 terram
3341 5072 3502 5134 hanc,
3558 5085 3721 5136 quam

454 5164 669 5256 πολλοῖς
694 5191 883 5245 εἴωθεν
920 5164 979 5253 ἐξ
1007 5164 1240 5255 ἀπορία-ς
1270 5185 1462 5237 ποιεῖν.
1491 5183 1595 5234 Τὸν
1620 5183 1727 5251 γὰρ
1758 5183 1993 5252 ὀρώμενο

2131 5175 2421 5232 calcamus,
2464 5181 2521 5225 et
2561 5169 2952 5237 Hierosolyma,
2999 5183 3119 5236 quae
3142 5167 3359 5235 quidem
3412 5164 3540 5214 urbs
3600 5177 3721 5212 cum

456 5252 709 5356 οὐρακδν,
745 5282 840 5337 καὶ
865 5282 961 5351 τὴν
995 5252 1258 5348 αἰσθητὴν
1296 5276 1400 5345 γ’ἡν
1428 5276 1521 5327 καὶ
1554 5277 1621 5326 τὰ
1662 5273 1993 5343 Ἰεροσόλυμε

2135 5268 2261 5322 olim
2293 5274 2439 5320 esset
2464 5263 2749 5325 :edilicata,
2785 5260 2964 5313 multis
2994 5269 3177 5328 postea
3223 5255 3435 5311 saeculis
3461 5269 3487 5305 a
3522 5252 3724 5303 Davide

460 5380 496 5432 at
527 5342 707 5429 ἱπάλαι
726 5377 824 5444 μὲν
853 5342 1193 5443 ᾠκοδόμητο,
1216 5342 1443 5436 ’γενεαῖς
1475 5363 1530 5417 δὲ
1566 5363 1790 5433 ὕστερον
1821 5364 1849 5414 ό
1874 5363 1993 5414 Δαϐ¹

2146 5360 2447 5413 instaurata
2472 5362 2555 5410 est
2582 5362 2636 5408 et
2670 5352 2934 5414 habitata,
2965 5351 3080 5404 haec
3111 5351 3388 5405 thronum,
3418 5353 3474 5397 et
3514 5342 3727 5395 διοικι-

462 5468 800 5535 ἁνοικοδομεῖ
820 5506 834 5528 ,
868 5464 963 5516 καὶ
991 5460 1197 5521 πολίζει
1230 5457 1431 5521 ταῦτα,
1464 5455 1555 5507 τὸν
1593 5453 1693 5522 μὲν
1724 5454 1912 5522 θρόνον
1938 5469 1993 5504 κο

2145 5448 2277 5510 Ιιιιιι,
2319 5456 2373 5501 et
2406 5445 2679 5499 civitatem
2707 5441 2888 5510 magni
2921 5441 3062 5507 regis
3093 5438 3371 5507 appellat;
3410 5434 3567 5504 cujus
3630 5449 3732 5483 au-

461 5560 561 5624 λεῖ,
592 5562 690 5624 τὴν
713 5522 773 5611 δὲ
803 5522 1112 5617 ύποπόδιον,
1148 5551 1215 5603 τὰ
1243 5551 1298 5602 δὲ
1324 5548 1477 5601 πόλιν
1496 5545 1589 5599 τοῦ
1618 5545 1853 5615 μεγάλου
1886 5544 1990 5613 βασ

2150 5551 2254 5593 tem
2303 5538 2464 5606 regis,
2510 5537 2627 5605 ipse
2655 5534 2857 5588 clarius
2886 5532 3013 5587 alibi
3067 5530 3450 5586 demonstrat:
3522 5522 3727 5587 Nolite,

466 5617 619 5717 λέως,
649 5617 810 5705 ποίου
836 5649 892 5701 δὲ
917 5647 1179 5718 βασιλέως
1206 5687 1219 5710 ,
1260 5643 1419 5703 αὐτος
1447 5639 1675 5708 ἑτέρωθι
1710 5638 1993 5705 σαφέστερι

2148 5632 2423 5702 inquiens,
2457 5628 2628 5696 facere
2657 5626 2872 5681 domum
2904 5624 3085 5679 Patris
3118 5625 3218 5677 mei
3253 5623 3466 5675 domum
3496 5617 3732 5688 negotia-

541 5822 558 5852 ί
590 5817 781 5874 Matth.
809 5830 919 5877 XVI,
968 5812 1046 5870 19,
1126 5809 1144 5837 ¹
1185 5804 1376 5859 Matth.
1424 5816 1504 5865 ιιι,
1556 5799 1639 5853 lt}.
1719 5798 1737 5827 ³
1767 5797 1895 5851 ibid.
1936 5796 1993 5848 Π

2099 5792 2119 5823 δ
2164 5793 2317 5846 Joan.
2354 5806 2391 5851 ι,
2420 5787 2506 5842 92.
2586 5784 2605 5817 ⁸
2637 5785 2824 5838 Matth.
2858 5800 2938 5847 ιιι,
2974 5784 3056 5837 l7.
