4132 6404
473 436 613 504 1203

1715 439 2098 502 EU'l‘llYMll
2148 439 2509 499 ZlGABENI

3612 434 3751 500 1204

462 556 623 607 tionis
668 553 708 620 ',
770 553 863 611 ubi
935 554 1191 622 templum
1248 554 1749 626 Hierosolymorum
1825 556 2033 610 domum

2151 554 2482 617 ἐκδιδάσκει,
2639 548 2874 618 ποιῆτε,
2908 549 3101 618 λέγων,
3140 548 3247 603 τὸν
3275 545 3448 603 οἷκον
3479 550 3587 605 τοῦ
3625 556 3742 605 Πα-

468 646 557 699 Dei
600 656 783 710 vocat,
825 657 1045 716 propter
1076 648 1216 716 quod
1246 656 1301 701 et
1332 648 1708 720 Hierosolyma
1743 650 1885 717 regis
1922 649 2055 705 civi-

470 748 632 791 tatem
670 738 823 793 dicit.
858 738 1027 802 Quem
1060 740 1205 792 enim
1263 740 1388 793 dum
1419 749 1628 795 vetaret
1655 741 1870 809 jurare,
1937 756 2057 794 ma-

466 844 629 897 guum
665 830 952 896 appellavit
982 845 1187 897 regem,
1222 831 1306 885 hic
1337 831 1554 885 Patrem
1612 833 1889 901 proprium
1948 848 2044 886 no.

467 919 656 973 minat.
685 918 1049 984 Quamobrem
1081 931 1133 973 et
1167 935 1280 986 eos,
1306 924 1396 990 qui
1431 922 1593 977 boves
1618 934 1669 977 et
1693 937 1844 985 oves,
1876 932 1931 977 et
1964 938 2056 977 co-

463 1011 674 1065 lumbas
711 1011 1034 1075 vendebant,
1072 1011 1255 1079 ejecit,
1284 1025 1340 1067 ut
1371 1014 1439 1066 ab
1461 1029 1523 1067 ea
1557 1026 1879 1069 mercaturae
1933 1016 2053 1071 col-

462 1100 675 1154 luvione
699 1099 919 1156 domum
952 1114 1233 1170 paternam
1295 1104 1559 1173 expiaret,
1611 1104 1800 1173 eisque
1847 1107 2046 1172 justam

463 1193 883 1260 indignationem
904 1196 1270 1251 comminatus
1300 1205 1406 1259 est,
1436 1204 1494 1249 ut
1517 1197 1613 1264 qui
1641 1208 1921 1266 paternam
1955 1203 2051 1253 do-

464 1300 607 1338 mum
637 1298 691 1340 et
723 1288 1036 1342 mandatum
1070 1299 1350 1349 paternum
1376 1290 1732 1356 despicerent.

532 1556 767 1627 Diligile,
805 1559 981 1629 inquit
1041 1558 1319 1627 Servator,
1353 1562 1591 1617 inimicos
1629 1574 1849 1630 vestros,
1891 1567 2047 1620 bene.

460 1647 617 1716 {urite
656 1649 718 1701 iis
744 1650 834 1719 qui
873 1650 1090 1703 oderunt
1118 1667 1229 1716 vos,
1255 1661 1313 1706 ut
1334 1655 1452 1707 sitis
1487 1654 1588 1722 ﬁlii
1626 1654 1808 1711 Patris
1849 1661 2035 1725 uestri,

456 1740 550 1808 qui
575 1741 727 1793 estin
760 1742 927 1805 etB/is,
968 1744 1058 1811 qui
1115 1742 1247 1812 facit
1299 1747 1429 1799 oriri
1470 1747 1630 1801 solens
1672 1764 1824 1802 suum
1883 1767 2040 1818 super

459 1830 620 1885 bonos
671 1843 719 1885 et
751 1830 941 1898 malas,
973 1843 1026 1887 et
1068 1834 1205 1904 pluit
1255 1851 1413 1906 super
1455 1838 1635 1908 justas
1680 1852 1729 1893 et
1782 1840 2032 1909 injustas.

2161 645 2300 712 πρός
2322 663 2441 713 μου
2465 641 2633 698 οἷκον
2652 644 2962 711 ἐμπορίου,
2987 643 3078 695 τὸν
3103 645 3163 695 ὲν
3200 643 3463 713 Ἱεροσολύ
3472 661 3593 713 μοις
3618 646 3748 699 ναὶν

2157 735 2253 787 τοῦ
2296 735 2507 804 Harp)»;
2539 732 2688 788 οἶκον
2723 734 3026 804 ὀνομάζων,
3066 734 3136 788 δι’
3171 734 3230 787 ὃν
3265 736 3360 788 καὶ
3393 736 3463 789 τὰ
3511 738 3747 807 Ἰεροσό-

2159 826 2306 896 λυμα
2338 827 2431 879 τοῦ
2464 826 2731 896 βασιλέως
2767 827 2921 878 πόλιν
2957 827 3133 879 καλεῖ.
3174 828 3273 879 Ὃν
3303 829 3415 896 γὰρ
3447 828 3507 880 ὲν
3534 832 3600 899 τῇ
3632 830 3744 883 τῶν

2156 919 2339 987 ὅρκων
2370 915 2745 985 ἀπαγορεύσει
2784 916 2960 985 μέγαν
2990 918 3181 969 ἀνεῖπε
3210 916 3471 986 βασιλέα,
3503 919 3744 975 ἐνταῦθα

2157 1008 2378 1078 Πατέρα
2436 1009 2566 1063 ἴδιον
2610 1007 2901 1077 summa.
2960 1006 3054 1060 Διὸ
3106 1007 3200 1061 καὶ
3248 1009 3378 1071 τοὺς
3426 1010 3742 1074 πωλοῦντας

2155 1105 2282 1165 τοὺς
2313 1102 2465 1172 βόας,
2497 1101 2594 1154 καὶ
2626 1102 2695 1155 τὰ
2725 1102 3000 1173 πρόϐατα,
3028 1102 3246 1165 καὶτὰς
3275 1106 3609 1173 περιστερὰς
3638 1107 3737 1175 τὴν

2154 1196 2428 1266 πατρικὴν
2457 1195 2636 1250 οἰκίαν
2664 1199 2765 1265 τῆς
2792 1195 3103 1265 ὲμπορικῆς
3133 1195 3414 1267 καθαίρων
3447 1199 3742 1267 παροινίας

2150 1288 2468 1353 ἀπελαύνει,
2496 1290 2589 1342 καὶ
2612 1289 2709 1359 τὴν
2735 1288 2953 1342 δικαίαν
2974 1288 3158 1350 αὐτοῖς
3187 1288 3355 1358 ὀργὴν
3380 1289 3617 1349 ἀπειλεῖ.
3645 1287 3738 1345 οἷα

2149 1382 2213 1454 δὴ
2246 1384 2667 1453 καταφρονητάς
2701 1381 2877 1451 εὑρὼν
2907 1384 3003 1435 καὶ
3027 1379 3124 1434 τοῦ
3155 1382 3427 1453 πατρικοῦ
3459 1383 3609 1437 οίκου
3638 1384 3759 1468 καὶ⁴

2146 1474 2241 1542 τῆς
2268 1472 2547 1541 πατρικῆς
2576 1471 2824 1540 ἐντολῆς.
3741 1481 3758 1543 ι.

2216 1568 2384 1635 Φησὶν
2422 1568 2449 1618 ὁ
2480 1566 2691 1635 Σωτήρ·
2740 1566 3025 1633 Ἀταπᾱτσ
3053 1563 3197 1631 τοὺς
3238 1562 3492 1633 ἐχθροὺς
3528 1560 3732 1630 ὑμῶν,

2146 1657 2346 1723 καλῶς
2366 1656 2586 1710 ποιεῖτε
2604 1656 2729 1722 τοῖς
2739 1656 3035 1724 μισοῦσιν
3058 1656 3236 1725 ὑμᾶς,
3267 1656 3430 1720 ὅπως
3474 1655 3736 1724 γένησθε

2142 1752 2259 1804 υἱοὶ
2307 1750 2413 1804 τοῦ
2455 1750 2685 1816 Πατρός
2724 1748 2895 1816 ὑμῶν
2917 1749 3025 1802 τοῦ
3053 1749 3122 1802 ἐν
3166 1748 3293 1815 τοῖς
3321 1747 3622 1815 οὐρανοῖς,
3663 1747 3735 1812 ὃς

2141 1841 2461 1896 ἀνατέλλει
2476 1842 2586 1895 τὸν
2610 1840 2788 1907 ἣλιον
2810 1840 2999 1894 αὑτοῦ
3013 1841 3112 1894 ἐπὶ
3138 1840 3444 1907 πονηροὺς
3469 1840 3567 1893 καὶ
3591 1838 3738 1907 ἀγα-

467 1917 648 1971 Estote
696 1920 861 1989 igitur
902 1921 1142 1991 perfecti,
1188 1926 1325 1979 sicut
1356 1936 1402 1981 et
1443 1925 1606 1983 Pater
1637 1942 1799 1984 uester
1823 1933 2033 1987 caelestia

2148 1937 2329 2001 θοὺς,
2384 1933 2483 1990 καὶ
2545 1933 2755 2001 βρέχει
2815 1932 2915 1986 ἐπὶ
2974 1932 3251 1999 δικαίους
3304 1932 3405 1985 καὶ
3456 1932 3733 1995 ἀδίκους.

462 2009 727 2078 perfectus
749 2021 827 2067 est
853 2015 895 2067 '.
911 2013 1071 2069 Pater
1098 2031 1228 2085 ergo
1250 2017 1546 2083 perfer-tus,
1567 2035 1729 2090 quem
1777 2024 2039 2079 naturalis

457 2101 575 2166 ipse
598 2100 763 2156 Filius
796 2112 854 2158 ut
880 2104 1155 2159 imitemur
1198 2122 1296 2163 nos
1326 2111 1667 2174 cohortatur,
1722 2114 1812 2167 illc
1847 2126 1953 2183 est,
1984 2125 2040 2173 et

460 2204 566 2245 non
594 2190 751 2255 alius,
786 2194 875 2262 qui
927 2195 1096 2251 solem
1132 2197 1295 2263 hunc,
1340 2215 1501 2269 quem
1551 2205 1844 2272 cernimus,
1906 2208 2039 2262 oriri

456 2280 612 2342 facit,
670 2293 726 2335 et
780 2284 959 2340 lucem
1011 2290 1323 2345 sensibilem
1374 2294 1526 2349 nobis
1583 2311 1741 2351 sensu
1776 2303 2035 2367 praeditis

459 2370 935 2442 subrninistrat,et
957 2379 1096 2449 pluit
1125 2396 1289 2453 super
1322 2383 1503 2455 justos
1534 2397 1589 2441 et
1659 2389 1909 2457 injustas,
1977 2401 2037 2447 ut

463 2475 621 2518 terrae
653 2466 859 2525 fructus
890 2474 1096 2544 percipi
1130 2487 1355 2545 queant,
1392 2489 1446 2533 et
1484 2480 1528 2533 si
1580 2495 1689 2550 quo
1723 2485 1884 2538 modo
1937 2499 2034 2540 aer

458 2570 565 2644 quo
594 2559 925 2626 respirantes
953 2567 1181 2633 utimur,
1215 2581 1439 2638 propter
1457 2574 1757 2629 siccitatem
1814 2577 2037 2644 gravior

461 2640 571 2707 ﬁat,
601 2659 664 2697 ex
697 2648 889 2716 pluvia:
925 2651 1244 2712 bumiditate
1298 2658 1364 2711 ad
1398 2640 1883 2730 temperamentum
1943 2683 2035 2721 re-

460 2730 678 2827 digatur
736 2736 837 2792 Ubi
869 2750 996 2796 sunt
1026 2742 1187 2813 igitur
1215 2745 1365 2817 impii
1402 2750 1515 2817 isti,
1551 2755 1698 2821 regni
1731 2753 1848 2821 Dei,
1888 2758 2034 2827 quod

457 2823 622 2885 dividi
663 2843 765 2883 non
798 2842 994 2899 pmest,
1027 2835 1313 2904 divisores,
1356 2842 1447 2909 qui
1508 2853 1686 2910 teme,
1761 2854 1813 2900 et
1866 2823 2032 2916 aeris,

456 2926 509 2968 et
540 2913 814 2981 imbrium,
852 2930 906 2976 et
938 2924 1066 2980 801:5
1094 2939 1146 2981 et
1177 2928 1403 2985 aliarum
1427 2948 1607 2988 rerum
1645 2936 1884 3005 ejusdem
1937 2913 2033 3010 ge;

459 3009 605 3071 neris
633 3009 950 3071 eil‘ectorem
1012 3031 1199 3083 untnn,
1252 3034 1432 3077 rerum
1484 3035 1665 3080 autem
1724 3009 2032 3099 iutelligibi-

458 3100 588 3154 lium
624 3102 788 3158 alium
823 3110 1194 3165 constituunt?

529 3298 584 3354 Si
616 3301 781 3358 David
813 3303 1066 3372 primum,
1096 3308 1267 3365 sancti
1291 3312 1525 3381 Spiritus
1555 3319 1777 3374 numine
1801 3320 2031 3390 alllatus,

454 3402 510 3446 et
555 3396 712 3452 divus
751 3398 951 3456 Paulus
982 3406 1173 3461 deinde
1201 3408 1344 3462 clara
1373 3426 1503 3465 voce
1526 3414 1655 3467 dicit
1687 3414 1853 3469 Deum
1885 3418 2030 3471 illum

458 3504 489 3538 ει
523 3486 670 3545 Mose
705 3494 1063 3559 pradicatum
1097 3501 1175 3553 sic
1200 3502 1398 3570 alloqui
1454 3503 1743 3561 Dominum
1785 3523 2030 3565 nostrum

450 3575 639 3633 Jesum
667 3581 943 3639 Christum
979 3605 992 3640 :
1028 3586 1212 3644 Filius
1241 3608 1386 3646 meus
1411 3611 1463 3649 es
1487 3604 1562 3662 tu,
1589 3614 1680 3667 ego
1702 3601 1854 3653 hodie
1877 3603 2032 3670 genui

453 3679 501 3726 te
529 3671 572 3736 ³,
607 3670 805 3732 Paulus
853 3679 995 3732 cnim
1044 3682 1111 3735 ad
1157 3684 1411 3743 Hebraeus
1462 3691 1705 3747 scribens
1755 3693 2029 3752 Servatori

452 3769 643 3816 rostro
677 3776 964 3833 paternum
997 3772 1097 3827 huc
1122 3776 1311 3829 tribuit
1359 3782 1751 3848 testimonium,
1808 3793 1951 3854 quod
1999 3805 2026 3841 ιι

451 3849 673 3918 Davide,
701 3867 755 3909 ut
788 3859 1048 3928 diximus,
1077 3875 1203 3919 ante
1225 3867 1326 3922 fuit
1363 3876 1792 3938 pronuntiatum,
1823 3849 1878 3930 et
1913 3894 2030 3930 rur-

450 3956 572 3997 sum
607 3961 621 3997 :
652 3944 723 4000 Et
755 3952 973 4006 adorent
1002 3971 1119 4009 eum
1147 3972 1326 4022 omnes
1356 3963 1531 4032 angeli
1567 3965 1682 4029 Dei,
1746 3968 1981 4036 itemque
2007 3987 2022 4023 :

453 4034 524 4100 Et
555 4045 618 4092 ab
659 4042 834 4109 initia,
888 4045 1130 4112 Domine,
1196 4063 1390 4106 terram
1450 4055 1711 4122 fundasti,
1766 4070 1814 4113 et
1870 4034 2027 4128 opera

453 4148 703 4187 manuum
728 4150 939 4193 tuarum
968 4150 1088 4195 sunt
1118 4144 1235 4197 caeli
1260 4146 1304 4211 ⁸,
1334 4159 1389 4201 et
1447 4159 1641 4204 caatera
1672 4168 1686 4216 ;
1746 4154 1788 4206 si
1825 4154 1938 4207 hac
1972 4157 2026 4208 in

450 4220 657 4291 Spiritu
705 4229 922 4285 divinus
949 4232 1111 4288 Pater
1182 4235 1351 4292 David
1418 4244 1808 4307 pronuntiavit,
1855 4260 2028 4313 eaque

452 4329 780 4372 arcanorum
838 4326 1220 4392 mysteriorum
1250 4331 1502 4386 conscius
1531 4337 1822 4400 doctorque
1876 4353 2027 4392 com—

449 4411 720 4477 probavit,
748 4412 1025 4471 aﬂirtnans
1059 4418 1276 4476 Veteris
1306 4421 1635 4480 Testamenti
1667 4427 1831 4482 Deum
1873 4446 2026 4483 eum-

449 4502 573 4560 dem
601 4518 745 4572 esse,
775 4507 864 4575 qui
893 4518 947 4563 et
979 4512 1295 4583 angelorum
1331 4520 1576 4572 omnium
1634 4522 1856 4577 ordines
1901 4522 2022 4578 Filii

2154 2028 2418 2080 Ἐσεσθε
2444 2021 2558 2080 οὖν
2585 2024 2756 2093 ὑμεῖς
2780 2023 3022 2089 τέλειοι,
3045 2022 3249 2091 ὥσπερ
3275 2025 3309 2077 ό
3340 2022 3542 2090 Πατὴρ
3561 2021 3736 2091 ὑμῶν

2149 2123 2182 2174 ό
2205 2119 2274 2173 ἐν
2293 2117 2573 2186 οὐρανοῖς
2595 2115 2819 2181 τέλειός
2840 2115 3032 2170 ἐστιν.
3063 2117 3124 2169 '0
3141 2115 3271 2184 γοῦν
3288 2114 3495 2178 τέλειος
3514 2115 3732 2183 Πατὴρ,

2147 2212 2205 2265 ὃν
2235 2212 2384 2280 ἡμᾶς
2414 2208 2703 2280 μιμεῖσθαι
2733 2211 2762 2262 6
2788 2208 2949 2278 φύσει
2984 2212 3239 2280 παραινεί
3266 2208 3416 2272 Υἱὸς,
3449 2208 3612 2271 αὐτὸς
3638 2199 3735 2260 οὗ·

2148 2306 2240 2367 τός
2273 2306 2407 2367 ἐστι,
2448 2303 2542 2355 καὶ
2567 2303 2665 2355 οὐκ
2701 2302 2883 2366 ἄλλος,
2916 2303 2945 2355 6
2988 2302 3080 2354 τὸν
3112 2301 3394 2371 ὁρώμενον
3422 2300 3732 2355 ἀνατέλλων

2147 2395 2323 2467 ἥλιον,
2356 2396 2452 2448 καὶ
2475 2394 2541 2448 τὸ
2561 2397 2676 2461 φῶς
2696 2396 2728 2463 ἡ
2737 2396 2827 2464 μίν
2849 2396 2964 2458 τοῖς
2986 2393 3264 2462 αἰσθητοῖς
3281 2393 3343 2444 τὸ
3359 2392 3613 2460 αἰσθητὸν
3638 2408 3733 2463 χο-

2151 2487 2359 2558 ρηγῶν.
2405 2487 2498 2540 καὶ
2542 2486 2752 2557 βρέχων
2793 2485 2889 2539 ἐπὶ
2933 2486 3176 2549 δικαίους
3223 2486 3318 2539 καὶ
3363 2485 3582 2547 ἀδίκους
3631 2484 3730 2538 ἰπὶ

2149 2579 2499 2652 καρποφορίᾳ
2526 2579 2625 2649 τῆς
2652 2578 2776 2647 γῆς,
2810 2578 2907 2631 καὶ
2931 2578 3007 2640 ὼς
3036 2578 3101 2632 ἂν
3130 2578 3211 2630 ἔτι
3237 2577 3372 2648 πρὸς
3402 2575 3675 2647 ἀκρασίαν
3697 2577 3728 2629 6

2147 2672 2277 2745 ἀὴρ,
2307 2666 2352 2741 ᾧ
2375 2671 2642 2743 χρώμεθα
2668 2672 2803 2740 πρὸς
2828 2670 3125 2739 ἀναπνοὴν,
3160 2668 3540 2723 summ-stu
3563 2668 3728 2736 ξηρά⁴

2144 2782 2306 2836 τητα,
2332 2764 2421 2818 διὰ
2448 2764 2546 2832 τῆς
2575 2764 2683 2817 ἀπὸ
2707 2763 2815 2816 τῶν
2838 2762 3008 2815 ὑετῶν
3030 2762 3235 2825 νοτίδος
3265 2760 3400 2831 πρὸς
3422 2760 3725 2830 εὐκρασίαν

2143 2859 2451 2929 ἐπαναχθῇ.
2496 2856 2606 2911 Ποῦ
2649 2858 2830 2910 τοίνυν
2871 2855 3012 2909 εἰσὶν
3048 2857 3096 2908 oi
3139 2856 3237 2925 τῆς
3272 2853 3575 2925 ἀμερίστου
3621 2852 3721 2905 τοῦ

2145 2952 2282 3005 Θεοῦ
2316 2949 2595 3020 βασιλείας
2621 2948 2884 3018 ἐκθεσμοι
2918 2947 3172 3017 μερισταὶ
3192 2986 3208 3011 ,
3238 2946 3291 2999 οί
3320 2945 3422 3015 τῆς
3449 2945 3551 3012 γῆς
3584 2944 3684 3011 μὲν
3703 2983 3720 3005 .

2145 3042 2353 3096 καὶτοῦ
2382 3042 2566 3112 ἀέρος,
2597 3040 2692 3095 καὶ
2715 3040 2824 3093 τῶν
2848 3040 3043 3102 ὑετῶν,
3069 3038 3268 3092 καὶτοῦ
3293 3036 3467 3108 ἡλίου,
3490 3035 3588 3088 καὶ
3611 3034 3721 3086 τῶν

2138 3135 2477 3203 ὁμοστοίχων
2510 3132 2699 3201 ἕτερον
2725 3130 3158 3193 ἀναπλάττοντες
3177 3126 3533 3199 δημιουργὸν,
3555 3123 3719 3182 ἄλλον

2058 3252 2103 3315 C
2137 3227 2194 3281 δὲ
2221 3226 2331 3280 τῶν
2370 3228 2614 3291 νοητῶν;

2207 3322 2273 3375 Εἰ
2301 3319 2568 3390 πρότερον
2598 3320 2697 3389 μὲν
2727 3318 2831 3373 ὖπδ
2854 3318 2949 3373 τοῦ
2983 3319 3252 3388 παναγίου
3272 3317 3592 3387 Πνεῦματος
3616 3316 3717 3386 ιμ-

2136 3414 2434 3483 πνεὸμενος
2482 3414 2509 3466 6
2543 3411 2733 3478 Δαόὶδ,
2769 3410 2998 3482 ὕστερον
3036 3410 3095 3464 δὲ
3134 3410 3231 3465 καὶ
3261 3414 3290 3465 6
3320 3411 3462 3473 θεῖος
3502 3407 3715 3471 Παῦλος

2133 3504 2365 3574 λαμπρᾷ
2393 3502 2729 3573 διακέκραγε
2743 3504 2809 3572 τῇ
2838 3504 3011 3571 φωνῇ,
3039 3501 3115 3564 ὡς
3139 3502 3167 3553 6
3184 3500 3583 3569 κηρυττόμενος
3606 3497 3715 3550 ὑπὸ

2132 3596 2374 3656 Μωσέως
2397 3595 2532 3657 Θεὸς
2561 3594 2693 3663 πρὸς
2712 3593 2804 3646 τὸν
2828 3594 3033 3664 Κύριον
3054 3592 3211 3662 ἡμῶν
3245 3590 3454 3663 Ἰησοῦν
3475 3588 3716 3662 Χριστὸν

2130 3687 2298 3755 λέγει,
2321 3687 2451 3749 Υἱός
2469 3702 2588 3755 μου
2620 3682 2679 3739 εἴ
2695 3684 2799 3750 σὺ,
2821 3685 2935 3754 ἐγὼ
2954 3684 3222 3753 σήμερον
3236 3676 3578 3752 ’γεγέννηκά
3599 3696 3675 3735 σε
3694 3695 3711 3712 ⁸

2130 3779 2208 3848 τῷ
2236 3779 2452 3849 Σωτῆρι
2491 3778 2598 3849 γὰρ
2624 3780 2656 3848 ἡ
2666 3777 2783 3846 μῶν
2806 3778 2835 3829 6
2860 3777 3069 3839 Παῦλος
3089 3777 3227 3846 πρὸς
3272 3774 3558 3845 Ἐϐραίους
3573 3773 3716 3844 γρά-

2131 3887 2276 3939 φων,
2308 3869 2407 3940 τὴν
2437 3870 2712 3941 πατρικὴν
2739 3868 2941 3940 ταύτην
2972 3868 3200 3940 ἁρμόζει
3233 3866 3418 3939 φωνὴν
3438 3908 3453 3931 ,
3486 3866 3585 3936 τὴν
3618 3865 3712 3919 διὰ

2128 3962 2222 4014 τοῦ
2258 3962 2422 4015 Δαὸὶδ
2452 3963 2956 4034 προφητευθεῖσαν,
2987 3962 3061 4025 ὡς
3102 3963 3318 4031 εἴρηται
3339 3976 3354 3988 ·
3384 3959 3482 4014 καὶ
3507 3960 3706 4024 πάλιν,

2126 4054 2241 4107 Kal
2297 4054 2902 4123 προσκυνησάτωσαν
2960 4052 3121 4119 αὑτῷ
3177 4052 3403 4118 πάντες
3461 4050 3709 4120 ἄγγελοι

2130 4146 2299 4209 Θεοῦ,
2343 4148 2435 4199 καὶ
2472 4145 2626 4208 αὖθις
2649 4187 2663 4210 ,
2698 4146 2806 4200 Καὶ
2835 4145 2915 4199 σὺ
2945 4147 3075 4199 κατ’
3109 4145 3317 4214 ἀρχὰς,
3354 4146 3553 4209 Κύριε.
3589 4144 3707 4211 τὴν

2126 4238 2243 4307 γῆν
2270 4240 2686 4309 ἐθεμελίωσας,
2712 4242 2807 4292 καὶ
2834 4239 2976 4309 ἔργα
3006 4238 3125 4292 τῶν
3154 4238 3370 4307 χειρῶν
3402 4238 3517 4290 σού
3544 4238 3707 4288 εἰσιν

2127 4335 2181 4386 οἱ
2213 4332 2474 4400 οὐρανοὶ,
2515 4334 2703 4386 καὶτὰ
2737 4332 2867 4401 ἑξῆς
2890 4348 2903 4361 ’
2940 4333 2988 4385 εἰ
3022 4332 3195 4384 ταῦτα
3229 4334 3329 4400 μὲν
3360 4332 3621 4400 προεῖπεν
3646 4331 3706 4381 ὲν

2129 4424 2406 4494 Πνεύματι
2446 4425 2473 4475 6
2505 4424 2789 4493 θεοπάτωρ
2824 4423 3007 4487 Δαὸὶδ,
3051 4422 3424 4491 ὲπεσερράγισε
3454 4420 3510 4474 δὲ
3533 4423 3561 4474 6
3595 4421 3706 4474 τῶν

2128 4515 2380 4587 ἀρρήτων
2442 4515 2653 4587 μύστης
2717 4519 2810 4570 καὶ
2869 4518 3233 4585 μυσταγωγὸς
3289 4514 3572 4586 βεϐαιῶν,
3628 4516 3706 4576 ὠς

447 4597 766 4654 adoratores
787 4614 1083 4672 servosque
1112 4608 1416 4675 constituit,
1452 4610 1811 4681 eumdemque
1832 4623 1887 4668 et
1912 4631 2018 4671 non

2139 4609 2153 4659 5
2178 4609 2276 4676 τῆς
2306 4607 2542 4669 παλαιᾶς
2574 4608 2892 4677 νομοθεσίας
2919 4607 3050 4669 Θεὸς
3080 4609 3241 4667 αὑτός
3273 4606 3444 4666 ἐστιν.
3467 4608 3495 4658 6
3520 4604 3615 4656 καὶ
3635 4604 3706 4656 τὰ

446 4686 633 4752 alium,
668 4689 761 4758 qui
795 4698 992 4746 terram
1015 4692 1274 4758 fundavit,
1306 4707 1356 4751 ct
1373 4700 1527 4766 cujus
1573 4715 1735 4764 opera
1765 4717 2023 4757 manuum

448 4787 578 4832 sunt
612 4781 756 4848 casti,
792 4797 967 4839 nonne
999 4788 1144 4838 onmi
1171 4804 1292 4843 sese
1319 4791 1668 4861 obstringunt
1722 4794 2023 4861 impietate,

450 4868 540 4931 qui
575 4868 738 4923 alium
768 4874 1326 4932 essedicuutPatrem
1381 4879 1592 4935 Domini
1656 4883 1831 4936 nostri
1892 4882 2022 4937 Jesu

448 4958 675 5021 Christi,
708 4973 765 5015 et
785 4964 952 5018 alium
996 4966 1167 5032 illutn,
1192 4969 1283 5038 qui
1314 4972 1511 5026 ctelum
1537 4981 1593 5027 et
1624 4985 1823 5028 terram
1890 4990 2024 5031 οοιιφ

447 5050 685 5110 ditlerit?

519 5323 808 5392 Explicatis
833 5325 1087 5380 Servatur
1120 5329 1426 5393 parabolatn
1475 5331 1794 5387 seminantis
1824 5334 2021 5390 bonum

449 5431 633 5471 semen
659 5420 709 5474 in
732 5437 863 5487 agro
885 5437 985 5477 suo
1024 5439 1038 5476 :
1085 5421 1187 5485 Qui
1214 5422 1455 5497 sentiunt,
1486 5424 1679 5493 inquit,
1714 5426 1904 5479 bonum
1943 5444 2023 5480 se-

448 5524 588 5575 men,
614 5524 690 5565 est
746 5513 924 5568 Filius
980 5515 1228 5580 hominis,
1274 5529 1399 5582 ager
1431 5523 1603 5567 autem
1650 5527 1723 5570 est
1774 5520 2020 5584 piandus;

446 5615 620 5663 sane"
686 5617 861 5660 autem
923 5609 1109 5662 bonum
1163 5609 1217 5660 Ιιὶ
1276 5618 1397 5661 sunt
1441 5609 1540 5675 filii
1593 5612 1760 5678 regni;
1814 5610 2025 5665 zizauia

449 5701 626 5751 autem
647 5709 767 5751 sunt
791 5700 891 5764 ﬁlii
919 5703 1064 5763 mali,
1101 5700 1352 5757 Inimicus
1378 5720 1514 5767 vero,
1546 5705 1636 5773 qui
1657 5704 1749 5756 ilia
1781 5706 2025 5771 seminat,

558 5857 573 5891 ⁸
606 5859 759 5921 JOJII.
797 5876 855 5925 tt,
885 5862 965 5916 l6.
1081 5867 1099 5894 '
1123 5863 1230 5917 Mal.
1257 5865 1306 5917 lt.
1343 5881 1391 5927 v,
1433 5866 1524 5938 Η,
1558 5867 1642 5921 45.

1760 5872 1779 5902 ³
1806 5871 1946 5926 i‘sa’.
1994 5887 2051 5936 tt,
2110 5874 2170 5937 7;
2228 5874 2389 5930 Hebr.
2423 5894 2457 5940 ι,
2489 5875 2537 5934 5,

2124 4699 2232 4749 τῶν
2258 4697 2507 4764 ἀγγέλων
2534 4698 2752 4750 πάντων
2781 4700 3135 4767 προσκυνητά
3164 4698 3257 4750 καὶ
3285 4695 3444 4749 δοῦλα
3474 4710 3703 4764 πεποιη.

2124 4787 2236 4849 κὼς
2279 4788 2538 4855 τάγματα
2575 4789 2671 4841 τοῦ
2706 4792 3070 4859 γεννήματος.
3110 4791 3138 4842 6
3179 4790 3341 4851 αὐτὸς
3363 4788 3442 4852 δὲ,
3477 4789 3569 4842 καὶ
3602 4789 3707 4842 οὐκ

2123 4877 2281 4940 ἄλλος
2311 4880 2339 4931 6
2371 4883 2473 4948 τήν
2498 4895 2556 4930 τε
2591 4880 2693 4949 γῆν
2734 4881 3102 4950 θεμελιώσας,
3134 4881 3227 4934 καὶ
3251 4876 3311 4935 οὗ
3338 4881 3474 4951 ἔργα
3501 4880 3702 4950 χειρῶν

2125 4971 2263 5034 εἰσιν
2282 4970 2329 5022 oi
2352 4970 2574 5039 οὐρανοί
2594 4987 2607 5001 ·
2635 4972 2754 5036 πῶς
2774 4974 2835 5026 οὐ
2861 4975 3041 5026 πᾶσαν
3064 4972 3323 5026 ἀσέϐειαν
3348 4970 3705 5025 ἀποκόπτου-

2126 5078 2210 5113 σιν
2246 5063 2295 5112 οἱ
2336 5060 2495 5116 ἄλλον
2527 5062 2626 5131 μὲν
2679 5063 2770 5116 τὸν
2816 5065 3035 5135 Πατέρα
3075 5064 3326 5132 λέγοντες
3356 5062 3451 5116 τοῦ
3494 5062 3705 5132 Κυρίου

2124 5153 2279 5222 ἡμῶν
2318 5153 2496 5223 Ἰησοῦ
2525 5157 2783 5226 Χριστοῦ,
2816 5157 2976 5211 ἄλλον
3004 5158 3060 5214 δὲ
3091 5158 3184 5213 τὸν
3213 5159 3703 5230 δημιουργήσαντα

2131 5246 2217 5298 τὸν
2246 5248 2475 5321 οὐρανὸν
2498 5251 2592 5302 καὶ
2621 5248 2716 5319 τὴν
2747 5251 2848 5317 γῆν
2878 5266 2895 5316 ;

2209 5338 2601 5392 Ἀναπτύσσων
2649 5341 2676 5393 6
2714 5340 2907 5411 Σωτὴρ
2944 5341 3040 5395 τοῦ
3073 5343 3390 5413 σπείροντος
3430 5344 3490 5396 τὸ
3534 5344 3702 5397 καλὸν

2131 5430 2351 5500 σπέρμα
2402 5431 2458 5481 ὲν
2508 5430 2587 5501 τῷ
2635 5431 2791 5502 ἀγρῷ
2834 5433 2996 5486 αὐτοῦ
3046 5451 3253 5501 φησιν’
3320 5437 3383 5489 ’0
3439 5437 3702 5503 σπείρων

2131 5520 2198 5573 τὸ
2228 5522 2420 5575 καλὸν
2444 5521 2681 5589 σπέρμα
2710 5523 2880 5578 ἐστὶν
2909 5527 2941 5576 ό
2973 5526 3104 5590 Υἱὸς
3133 5527 3238 5580 τοῦ
3261 5528 3594 5596 ἀνθρώπου.
3637 5528 3704 5581 '0

2133 5611 2202 5664 δὲ
2246 5614 2426 5681 ἀγρός
2461 5615 2633 5668 ἐστιν
2664 5618 2696 5669 ό
2729 5618 2994 5683 κόσμος,
3030 5620 3096 5671 r6
3129 5620 3197 5673 δὲ
3242 5621 3432 5674 καλὸν
3468 5622 3707 5688 σπέρμα

2132 5704 2300 5761 οὗτοί
2332 5710 2488 5761 εἰσιν
2524 5712 2579 5762 oi
2613 5710 2727 5763 υἱοὶ
2764 5707 2873 5777 τῆς
2900 5711 3242 5779 βασιλείας.
3289 5716 3368 5771 Τὰ
3396 5718 3463 5770 δὲ
3490 5716 3707 5780 ᾰζὶὶνιά

2654 5880 2673 5909 ⁸
2712 5880 2848 5934 Ρέιῑ.
2890 5895 3005 5936 xcvr
3040 5921 3052 5945 ,
3091 5880 3167 5942 8;
3207 5878 3370 5933 llebr.
3405 5896 3440 5947 ι,
3472 5882 3525 5935 6.
