4132 6456
427 475 562 542 1205

1333 474 1732 551 εΡΑΝΟΡΙΛΑ
1778 475 2238 534 DOGMATICA.
2262 498 2328 508 -
2365 475 2518 537 'l‘lT.
2559 476 2771 538 XXIV.

3562 472 3702 540 1206

418 589 575 638 εἰσιν
599 587 653 637 οί
677 577 792 639 viai
817 583 922 639 τοῦ
945 582 1241 653 πονηροῦ.
1279 584 1343 638 '0
1368 583 1436 636 δὲ
1455 585 1670 651 ἐχθρὸς
1691 586 1723 637 ὀ
1745 582 2001 648 σπείρας

2117 590 2181 633 νει
2207 582 2447 635 diabolus
2487 585 2530 637 ⁸.
2589 585 2756 637 Audis
2826 585 3101 654 quomodo
3153 584 3414 638 mundum
3467 589 3702 657 appellet

418 677 570 729 αὑτά
601 679 776 730 ἐστιν
809 681 841 730 ό
872 676 1176 744 διάϐολος.
1225 677 1468 738 Ἀκούεις
1511 675 1629 738 πῶς
1668 677 1759 728 τὸν
1798 677 2000 742 κόσμον

423 771 522 839 μὲν
551 769 748 822 ἑαυτοῦ
778 769 948 836 λέγει,
982 770 1077 822 καὶ
1109 770 1329 840 σπέρμα
1363 769 1524 823 πάλιν
1557 768 1752 820 ἑαυτοῦ
1787 771 1911 829 τοὺς
1943 769 2000 820 ἐν

423 862 572 930 αὐτῷ
597 905 610 928 ,
652 863 746 924 οὓς
777 863 870 914 καὶ
904 863 1051 919 υἱοὺς
1081 865 1181 930 τῆς
1212 861 1494 932 βασιλείας
1524 860 1674 926 λέγει
1698 901 1711 924 ,
1752 862 1911 927 μόνον
1943 859 2002 910 δὲ

419 957 519 1026 τὴν
564 957 674 1008 τῶν
724 955 979 1019 ζιζανίων
1025 956 1330 1026 ἐπισπορὰν
1370 955 1448 1016 είς
1496 953 1588 1005 τὸν
1637 954 1829 1022 ἐχθρῆν
1865 953 2004 1003 ἁπο-

425 1053 655 1119 πέμπει,
703 1051 791 1103 Ἐν
820 1050 875 1101 δέ
900 1051 1012 1111 τοῖς
1046 1049 1242 1116 ἐφεξῆς
1274 1047 1592 1118 περιφανῶς
1619 1045 1815 1098 ἑαυτοῦ
1849 1045 2005 1114 βασι-

423 1139 574 1194 λείαν
607 1139 978 1210 ἀνακηρύττει
1012 1139 1102 1191 τὸν
1137 1139 1362 1208 κόσμον.
1401 1139 1562 1201 Πῶς;
1610 1137 1714 1189 Ἐν
1749 1135 1822 1203 τῇ
1851 1153 2004 1216 συν-

424 1235 650 1301 τελείᾳ,
694 1235 851 1302 φησὶ,
892 1234 1000 1286 τοῦ
1055 1233 1273 1297 αἰῶνος
1322 1233 1560 1295 τούτου,
1601 1231 1715 1283 ἀλλ’
1751 1231 1871 1300 οὐχὶ
1909 1227 2006 1281 τοῦ

428 1325 736 1392 μέλλοντος,
781 1322 1113 1377 ἀποστελεῖ
1137 1325 1169 1373 ό
1210 1321 1344 1383 Υἱὸς
1389 1320 1496 1373 τοῦ
1521 1319 1836 1386 ἀνθρώπου
1867 1319 2006 1381 τοὺς

398 1414 722 1482 ’ἀγγέλους
751 1413 938 1466 αὐτοῦ
957 1455 969 1475 ,
1004 1413 1103 1465 καί
1136 1411 1557 1473 συλλέξουσιν
1585 1411 1656 1463 ἐκ
1686 1409 1796 1474 τῆς
1823 1408 2006 1472 ,ϐασιο

442 1507 595 1571 Isim;
634 1504 845 1568 αὐτοῦ,
902 1504 1142 1572 δηλονότι
1198 1505 1290 1555 τοῦ
1345 1504 1613 1572 παρόντος
1649 1505 1878 1569 κόσμου,
1935 1501 2007 1553 τὰ

427 1597 766 1651 σκάνδαλα.
815 1598 890 1650 Οὐ
932 1596 1040 1666 γὰρ
1087 1597 1143 1648 ἐν
1187 1598 1253 1665 τῇ
1306 1595 1593 1664 μελλούσῃ,
1649 1595 1742 1648 καὶ
1780 1595 2006 1648 ἀτελευ-

423 1694 588 1759 τήτῳ,
644 1688 894 1758 σύμενον,
949 1687 1073 1739 οὔτε
1110 1686 1342 1750 ζζιζάνια
1398 1688 1701 1758 σπείρεται,
1734 1689 1829 1738 καὶ
1877 1685 2007 1754 φύε-

424 1799 538 1843 ται,
575 1780 700 1833 οὗτε
756 1780 1073 1833 συνίσταται
1127 1780 1421 1842 σκάνδαλα,
1457 1779 1543 1831 ἵνα
1593 1779 1657 1830 ἐκ
1701 1778 1904 1846 ταύτης
1956 1779 2006 1830 οἱ

422 1874 646 1940 ἄγγελοι
691 1874 784 1926 τοῦ
835 1873 964 1926 Υἱοῦ
1001 1873 1094 1925 τοῦ
1141 1871 1432 1941 ἀνθρώπου
1468 1871 1796 1935 συλλέξωσιν
1845 1871 2002 1924 αὑτά.

2109 687 2288 736 suum,
2333 685 2388 727 et
2430 689 2617 727 semen
2659 677 2788 729 item
2824 689 3004 736 suum,
3046 689 3143 730 eos
3177 677 3266 744 qui
3323 679 3374 728 iu
3424 677 3517 731 illo
3554 689 3700 743 sunt,

2107 778 2243 830 quos
2269 774 2323 816 et
2348 767 2496 833 regni
2531 767 2667 820 tilios
2695 775 2877 831 vocat,
2905 775 2957 820 et
2995 769 3164 820 solam
3208 767 3430 823 inimico
3467 769 3704 824 zizanio-

2110 870 2225 906 rum
2255 858 2517 910 sationem
2573 859 2817 912 tribuat?
2848 861 3017 913 Porro
3052 860 3103 913 in
3137 860 3202 914 iis
3231 876 3349 928 quae
3373 872 3700 931 sequuntur,

2110 961 2327 1016 regnum
2358 963 2513 1001 seum
2547 961 2731 1018 aperte
2766 953 3024 1004 mundmn
3084 968 3205 1007 esse
3257 954 3524 1008 declarat.
3554 953 3704 1019 Quo-

2112 1037 2309 1090 modo?
2343 1037 2408 1091 In
2433 1043 2904 1107 consummatione,
2945 1043 3140 1112 inquit.
3168 1046 3354 1099 saeculi
3383 1046 3565 1114 hujus,
3593 1063 3700 1102 non

2109 1140 2288 1185 autem
2315 1131 2498 1196 futuri,
2515 1136 2684 1187 mittet
2702 1134 2876 1190 Filius
2893 1139 3122 1191 hominis
3137 1137 3349 1206 angelos
3362 1156 3508 1202 suos,
3528 1149 3577 1192 et
3595 1142 3706 1194 rot-

2109 1223 2265 1292 ligent
2289 1240 2314 1276 e
2338 1240 2493 1294 regno
2513 1242 2628 1291 suo,
2654 1243 2849 1297 nempe
2876 1242 2942 1283 ex
2979 1231 3083 1284 hoc
3113 1231 3333 1297 mundo,
3373 1233 3627 1285 scandala
3657 1235 3701 1297 ',

2111 1330 2283 1382 neque
2310 1319 2451 1369 enim
2487 1319 2539 1371 in
2568 1320 2748 1374 futuro
2797 1333 3052 1376 st~runtur
3081 1335 3445 1378 nascunturve
3467 1326 3701 1390 zizania,

2111 1422 2287 1475 neque
2307 1412 2606 1462 consistunt
2637 1413 2910 1475 seandalo,
2948 1425 3006 1466 ut
3028 1415 3200 1480 angeli
3231 1414 3352 1468 Filii
3375 1416 3612 1469 hominis
3640 1431 3704 1470 ea

2108 1499 2386 1552 collectnri
2439 1500 2582 1566 sint;
2644 1505 2736 1556 sed
2781 1517 3130 1572 posteaquam
3199 1507 3427 1561 collecta
3476 1506 3704 1574 iuerint,

2107 1593 2397 1664 conjicieut
2439 1593 2526 1648 illa
2556 1597 2606 1648 in
2637 1598 2910 1650 caminum
2965 1600 3126 1668 ignis,
3186 1610 3240 1654 et
3283 1609 3410 1654 tunc
3451 1601 3581 1670 justi
3636 1602 3695 1654 in

2110 1701 2271 1755 regno
2296 1685 2478 1739 Patris
2509 1690 2589 1741 sui
2617 1687 2915 1756 fulgebunt,
2960 1700 3015 1744 ut
3047 1692 3148 1746 sol.
3181 1690 3322 1757 Quid
3359 1692 3445 1746 his
3488 1691 3699 1747 Domini

2108 1775 2286 1830 verbis
2316 1776 2539 1841 clarius,
2590 1786 2683 1830 aut
2735 1781 2976 1848 gravius,
3011 1782 3209 1851 quibus
3239 1790 3294 1836 et
3353 1781 3608 1845 mundus,
3647 1789 3702 1835 et

2107 1883 2228 1938 qua:
2262 1869 2312 1922 in
2375 1867 2574 1922 mundo
2611 1879 2739 1923 sunt
2773 1871 2974 1936 omnia,
3035 1871 3239 1927 Christi
3289 1881 3344 1928 et
3393 1872 3704 1928 Servatoris

438 1965 590 2016 Ἐπεὶ
653 1965 748 2017 καὶ⁴
830 1963 970 2034 μετὰ
1017 1962 1113 2031 τὴν
1183 1961 1248 2013 ἐκ
1318 1958 1412 2012 τοῦ
1471 1958 1678 2026 κόσμου
1743 1958 2005 2027 συλλογὴν

2117 1961 2278 2015 nostri
2331 1976 2451 2016 esse
2485 1963 2859 2030 declarantur,
2932 1973 2985 2018 et
3024 1964 3140 2034 ipse
3191 1967 3452 2020 Dominus
3491 1976 3548 2022 et
3609 1979 3703 2020 rex

423 2057 605 2112 αὐτῶν
650 2056 824 2112 ταῦτα
857 2057 955 2126 μὲν
989 2058 1068 2119 είς
1116 2054 1215 2124 τὴν
1259 2053 1492 2122 κάμινον
1521 2051 1614 2103 τοῦ
1657 2051 1826 2120 πυρὸς
1872 2050 2004 2120 βάλ-

2119 2061 2224 2108 tam
2278 2053 2442 2108 futuri
2478 2070 2639 2125 quam
2667 2057 2950 2126 praesentis
2978 2059 3128 2128 regni
3167 2059 3532 2128 praedicatur?

423 2151 633 2213 λονται,
667 2149 790 2202 τότε
828 2147 884 2201 δέ
937 2147 1033 2201 καλ¹
1063 2150 1111 2200 οἱ
1143 2145 1340 2199 δίκαιοι
1369 2147 1426 2198 ἐν
1475 2147 1541 2213 τῇ
1579 2143 1828 2213 βασιλείᾳ
1887 2143 1982 2196 τοῦ
2025 2144 2236 2214 Πατρὸς
2303 2145 2481 2199 αὐτῶν
2540 2147 2910 2217 ἐκλάμψουσιν
2947 2148 3022 2211 ὡς
3052 2150 3100 2219 ὁ,
3125 2149 3297 2220 ἣλιος.
3363 2149 3429 2202 Τί
3490 2146 3708 2231 τούτων

420 2245 532 2299 τῶν
572 2244 869 2314 Κυριακῶν
931 2242 1127 2310 φωνῶν
1160 2237 1543 2309 λαμπρότερον
1580 2235 1613 2307 ἦ
1680 2235 2088 2305 δυνατώτερον,
2123 2237 2190 2290 δι’
2219 2231 2292 2292 ὧν
2323 2240 2350 2291 6
2376 2239 2584 2310 κόσμος
2631 2259 2688 2295 τε
2751 2243 2847 2296 καὶ
2888 2242 2959 2295 τὰ
2991 2244 3049 2296 ἐν
3113 2243 3263 2314 αὐτῷ
3319 2241 3416 2296 τοῦ
3468 2235 3711 2312 Χριστου

422 2345 517 2397 καὶ
571 2342 828 2412 Σωτῆρος
885 2339 1042 2410 ἡμῶν
1088 2337 1566 2417 ἀνακηρύττεται,
1599 2335 1877 2405 Δεσπότης
1926 2335 1984 2387 δὲ
2051 2338 2144 2391 καὶ
2201 2335 2456 2407 βασιλεὺς
2506 2339 2699 2410 ὥσπερ
2760 2340 2857 2410 τῆς
2924 2340 3256 2413 μελλούσης,
3307 2337 3450 2395 οὕτω
3487 2337 3712 2408 καὶτῆς

420 2435 710 2507 παρούσης
739 2432 1138 2503 ἀναγορεύεται
1169 2430 1464 2500 βασιλείας.

506 2530 711 2596 Ἐδόθη
738 2546 860 2598 μοι,
891 2530 1046 2597 φησὶ,
1075 2524 1244 2582 πᾶσα
1273 2523 1530 2587 ἐξουσία
1555 2523 1624 2576 ἐν
1646 2522 1884 2590 οὐρανῷ
1913 2521 2012 2575 καὶ

423 2622 525 2678 ἐπὶ
547 2621 681 2692 τῆς.
717 2619 842 2682 Πῶς
871 2616 963 2672 οὖν
997 2618 1150 2688 παρὰ
1180 2615 1272 2670 τοῦ
1307 2615 1520 2685 [ἰατρὸς
1546 2613 1739 2666 ἐλαϐεν
1768 2613 2015 2678 ἐξουσίαν

422 2717 518 2769 τοῦ
557 2713 790 2786 οὐρανοῦ
831 2712 923 2765 καὶ
956 2710 1057 2780 τῆς
1095 2712 1224 2779 γῆς,
1269 2702 1345 2763 ὧν
1379 2709 1479 2760 οὐκ
1512 2703 1579 2776 ἦν
1623 2705 1815 2777 κύριος
1855 2709 1882 2758 ὁ
1937 2707 2016 2758 δι-

422 2808 571 2872 δοὺς,
606 2806 682 2868 ὡς
718 2805 873 2860 adeo!
905 2802 1166 2874 ληροῦσις
1201 2802 1311 2854 Καὶ
1342 2803 1392 2854 ει
1424 2803 1474 2852 oi
1508 2801 1690 2870 ἀγροὶ,
1729 2799 1823 2852 nati.
1850 2801 1907 2852 ai
1939 2801 2017 2852 οί-

427 2900 546 2952 κίαι
577 2901 674 2967 τῆς
699 2897 881 2968 χειρός
906 2897 1013 2950 εἰσι
1040 2894 1136 2947 τοῦ
1165 2893 1430 2963 πονηροῦ,
1461 2893 1577 2955 πῶς
1600 2894 1628 2945 6
1654 2892 1856 2961 ἀγαθὸς
1880 2892 2011 2956 Θεὸς

427 2993 541 3054 τοῖς
581 2990 883 3061 προθύμως
916 2987 1350 3058 ἡκολουθηκόσιν
1385 2986 1534 3054 αὐτῷ
1570 2985 1708 3056 μετὰ
1737 2985 1845 3038 τῶν
1876 2986 2010 3037 αἰω-

428 3085 556 3138 νίων
585 3083 810 3152 ἀγαθῶν
837 3085 930 3135 καὶ
959 3083 1166 3152 ἀγροὺς
1187 3080 1282 3132 καὶ
1305 3079 1486 3140 οἰκίας
1515 3078 1882 3147 ἐπηγγείλατο
1915 3095 2014 3131 πα-

2187 2520 2326 2575 Data
2352 2531 2427 2576 est
2456 2523 2606 2588 mihi,
2644 2524 2836 2594 inquit,
2863 2525 3030 2580 ontnis
3059 2534 3286 2592 potestas
3308 2525 3362 2578 in
3385 2523 3514 2579 coelo
3559 2534 3610 2578 et
3647 2525 3708 2579 in

2113 2623 2253 2667 terra
2279 2613 2324 2666 ³.
2351 2613 2630 2682 Quomodo
2655 2616 2860 2686 accepit
2913 2632 2942 2671 a
2999 2615 3164 2671 Patre
3210 2625 3532 2686 potestatem
3581 2616 3706 2672 coeli

2115 2714 2170 2758 et
2197 2714 2376 2770 terrm,
2405 2722 2630 2773 quorum
2654 2706 2790 2774 ipse,
2819 2709 2910 2778 qui
2938 2709 3102 2775 dedit,
3137 2725 3241 2762 non
3267 2717 3384 2763 erat
3415 2708 3703 2771 Dominus,

2117 2808 2173 2851 ut
2201 2798 2286 2851 isti
2321 2799 2624 2866 negantur?
2653 2800 2712 2853 Et
2747 2799 2791 2854 si
2829 2803 2940 2870 agri
2977 2811 3030 2857 et
3057 2803 3253 2858 domus
3293 2813 3417 2856 sunt
3447 2817 3478 2858 e
3538 2815 3705 2856 manu

2122 2892 2268 2957 mali,
2300 2896 2573 2962 quomodo
2630 2895 2809 2948 bonus
2871 2894 3010 2949 Deus
3054 2897 3120 2951 iis
3169 2895 3261 2967 qui
3312 2897 3475 2950 alacri
3521 2895 3706 2949 animo

2120 2987 2295 3055 ipsum
2331 2989 2499 3041 secuti
2539 2988 2762 3055 fuerint,
2795 2998 2989 3058 praeter
3009 2999 3208 3044 mterna
3251 2990 3413 3057 bona,
3447 2999 3500 3042 et
3551 3005 3711 3061 agros

2127 3089 2180 3133 et
2209 3081 2395 3134 domos
2422 3095 2480 3135 se
2525 3081 2850 3136 tributurum
2906 3083 3174 3149 promisit,
3208 3084 3252 3138 si
3300 3083 3438 3137 mala
3475 3093 3622 3148 sunt,
3654 3092 3710 3136 et

434 3177 682 3246 ρασχεῖν,
723 3173 760 3229 ἃ
790 3173 971 3243 φαῦλὰ
1000 3173 1060 3226 τέ
1095 3174 1237 3237 ἐστι,
1267 3171 1363 3224 καὶ
1394 3170 1601 3240 φαύλου
1632 3171 1881 3240 ποιητοῦ,
1924 3176 2014 3228 καὶ

2124 3174 2330 3241 opilicis
2361 3174 2505 3239 mali,
2541 3183 2594 3228 et
2617 3191 2840 3242 quormn
2881 3189 2977 3230 nec
3007 3177 3123 3247 ipse
3162 3187 3339 3246 pelest
3369 3191 3491 3242 esse
3534 3175 3711 3239 domis

428 3261 505 3320 ὧν
555 3267 680 3319 οὔτε
725 3268 913 3337 κύριος
973 3265 1134 3332 αὐτὸς
1180 3265 1346 3336 ἔχειν,
1399 3262 1521 3314 οὗτε
1570 3262 1748 3326 ἄλλοις
1830 3281 2008 3334 παρα-

432 3365 578 3433 σχεῖν
606 3379 622 3418 :

507 3456 572 3507 Ὀ
596 3455 764 3518 αὐτὸς
809 3455 1160 3515 Ἀπόστολος,
1205 3452 1500 3524 κηρύσσων
1535 3453 1760 3520 κτίστην
1800 3451 2018 3504 πάντων

428 3553 524 3608 τόν
546 3569 605 3604 τε
635 3553 856 3621 Πατέρα
886 3550 979 3603 τοῦ
1009 3551 1217 3620 Κυρίου
1243 3550 1401 3619 ἡμῶν
1445 3549 1621 3620 Ἰησοῦ
1654 3548 1892 3618 Χριστοῦ
1923 3548 2018 3600 καὶ

347 3690 354 3696 .
430 3648 594 3701 αύτδν
642 3645 735 3700 τὸν
781 3645 1036 3714 ἀληθινὸν
1081 3644 1233 3708 Υἱὸν,
1279 3643 1432 3695 οὐδὲν
1455 3637 1618 3713 ἦττον
1654 3640 2016 3708 καταγγέλλει

431 3739 592 3792 τοῦτο
616 3740 710 3791 καὶ
738 3739 794 3791 ἐν
826 3732 905 3799 οἷς
935 3737 1094 3805 ὑμνεῖ
1125 3735 1222 3805 τὴν
1253 3736 1412 3804 χάριν
1445 3737 1546 3804 τὴν
1574 3734 1824 3787 δοθεῖσαν
1845 3731 2013 3801 αὐτῷ,

431 3829 633 3884 καὶτοῦ
651 3828 1180 3890 καταπιστευθὲντος
1207 3826 1515 3896 μυστηρίου
1539 3825 1635 3895 τὴν
1653 3826 1905 3893 δύναμιν.
1927 3826 2017 3876 Ei-

431 3924 552 3978 πὼν
569 3925 677 3993 γὰρ
692 3925 788 3989 ὡς,
807 3922 972 3990 Ἐμοί
1005 3921 1086 3986 τῷ
1109 3921 1558 3988 ἐλαχιστοτέρῳ
1573 3922 1817 3972 πάντων
1838 3918 2016 3983 ἐδόθη

431 4019 467 4084 ἠ
497 4015 673 4085 χάρις
697 4015 849 4081 αὕτη
871 4015 939 4067 ἐν
963 4013 1090 4078 τοῖς
1112 4013 1354 4066 ἔθνεσιν
1373 4011 1888 4080 εὐαγγελίσασθαι
1915 4010 2020 4062 τὸν

430 4109 905 4176 ἀνεξιχνίαστον
921 4106 1193 4160 πλοῦτον
1211 4103 1318 4159 τοῦ
1343 4102 1625 4172 Χριστοῦ,
1642 4101 1738 4155 καὶ
1761 4102 2019 4169 φωτίσαι

430 4200 682 4265 πάντας,
701 4198 841 4265 τίςή
861 4199 1173 4265 οἰκονομία
1190 4195 1647 4265 τοῦμυστηρίου
1672 4193 1777 4247 τοῦ
1800 4194 2018 4246 ἀποκε-

429 4290 776 4360 κρυμμένου
836 4291 956 4344 ἀπὸ
998 4289 1114 4342 τῶν
1143 4291 1373 4341 αἰώνων
1407 4289 1475 4340 ἐν
1516 4285 1594 4351 τῷ
1636 4287 1778 4350 Θεῷ,
1819 4287 2021 4340 αὐτίκα

433 4385 716 4447 συνάπτει,
749 4383 830 4447 τῷ
862 4386 933 4434 τὰ
961 4381 1161 4434 πάντα
1192 4382 1469 4433 κτίσαντι
1502 4380 1600 4432 διὰ
1637 4380 1844 4446 Ἰησοῦ
1879 4381 2018 4446 Χρι·

396 4518 485 4635 ias
520 4569 748 4635 κτίστης
778 4568 804 4618 6
832 4564 981 4625 Υἱός.
1013 4518 1208 4616 Κοινὸν
1236 4561 1345 4628 γὰρ
1377 4518 1470 4613 καὶ
1500 4518 1793 4627 ἀδιάφορον
1825 4559 2017 4630 ὥσπερ

397 4625 469 4728 Ῐὴ
500 4659 685 4728 φύσις,
704 4625 817 4712 ’καὶ
845 4661 878 4728 ἡ
911 4657 1154 4724 ἐξουσία,
1189 4625 1284 4707 καὶ
1377 4653 1648 4724 βασιλεία,
1677 4625 1769 4704 καὶ
1799 4655 1830 4722 ὴ
1865 4625 2022 4706 δύνα-

584 4749 726 4804 οὕτω
756 4723 921 4819 καινὴ
952 4723 1286 4818 δημιουργία
1457 4746 1668 4816 ὁρατῶν
1701 4762 1760 4797 τε
1787 4747 1883 4797 καὶ
1929 4747 2024 4798 ἀο-

407 4831 617 4918 ξράτων
644 4847 884 4910 πάντων,
919 4847 1015 4898 καὶ
1044 4846 1104 4910 ἐξ
1130 4845 1230 4896 οὐκ
1262 4843 1433 4896 ὅντων
1464 4843 1544 4905 είς
1579 4842 1639 4896 τὸ
1673 4839 1813 4895 εἶναι
1846 4858 2020 4912 προα-

435 4937 592 5006 γωγὴ
621 4939 715 4989 καὶ
746 4936 1028 5000 οὐσίωσις.

522 5029 611 5081 Ἐν
651 5028 831 5091 ἄλλοις
864 5027 1134 5094 θεολογῶν
1168 5029 1194 5080 ὁ
1228 5026 1440 5089 nasia;
1483 5044 1652 5098 φησιν
1679 5043 1692 5058 °
1731 5023 1836 5094 Εἷς
1873 5026 2015 5093 Θεὸς

438 5121 535 5173 καί
556 5119 757 5189 Πατὴρ
775 5119 1039 5185 πάντων,
1063 5118 1208 5174 deni
1230 5118 1494 5187 πάντων,
1518 5120 1616 5172 καὶ
1632 5119 1729 5174 διὰ
1752 5120 2014 5188 πάντων,

438 5213 536 5264 καί
569 5212 637 5265 ἐν
671 5209 864 5267 πᾶσιν
892 5211 1057 5280 ἡμῖν.
1105 5212 1450 5266 Ἀδιάστατον
1479 5211 1534 5265 δὲ
1587 5214 1682 5266 καὶ
1717 5213 2020 5283 ἀμέριστον

437 5300 627 5369 ὣσπερ
658 5299 754 5371 τὴν
785 5301 949 5370 φύσιν
983 5301 1077 5356 καὶ
1114 5301 1175 5353 τὸ
1205 5302 1440 5372 θέλημα,
1492 5301 1636 5356 οὕτω
1665 5305 1761 5357 καὶ
1790 5304 1887 5374 τὴν
1917 5305 2016 5375 δη-

441 5393 733 5463 μιουργίαν
760 5396 854 5447 καὶ
888 5395 947 5448 τὸ
986 5395 1187 5465 κράτος
1215 5395 1371 5458 εἰδὼς
1401 5394 1496 5449 τοῦ
1529 5396 1744 5466 Πατρὺς
1799 5398 1894 5450 καὶ
1921 5397 2016 5451 τοῦ

441 5486 592 5551 Υίοῦ,
652 5485 724 5539 τὰ
770 5487 914 5539 αὐτὰ
967 5490 1064 5541 καὶ
1112 5489 1240 5558 περὶ
1292 5489 1388 5541 τοῦ
1437 5488 1695 5558 Σωτῆρος
1735 5492 2022 5562 πεπαρρη-

436 5580 713 5649 σιασμένῃ
761 5581 956 5650 κράζει
1012 5585 1163 5651 φωνῇ
1204 5596 1218 5610 ·
1263 5581 1366 5635 Ἐν
1413 5579 1575 5646 αὐτῷ
1630 5580 1770 5650 γὰρ,
1825 5584 2021 5652 φησὶν,

432 5671 687 5737 ἐκτίσθη
726 5671 799 5724 τὰ
844 5671 1063 5733 πάντα,
1108 5673 1177 5723 τὰ
1217 5673 1273 5724 ἐν
1312 5674 1424 5735 τοῖς
1455 5672 1706 5742 οὐρανοῖς
1749 5672 2013 5742 δηλονότι,

435 5763 529 5811 καὶ
562 5763 630 5813 τὰ
658 5764 749 5811 ἐπὶ
783 5762 880 5831 τῆς
912 5762 1037 5830 γῆς.
1067 5762 1186 5816 Ἵνα
1221 5763 1296 5832 μὴ
1328 5763 1360 5832 ἡ
1395 5763 1562 5831 μανία
1592 5764 1788 5834 λήρου,
1821 5763 2018 5827 ἄλλους

497 5945 516 5975 ⁸
561 5945 754 6003 Matth.
775 5961 893 6012 xm,
922 5947 1008 6013 37,
1031 5947 1117 6006 39.
1166 5948 1184 5978 ³
1213 5947 1562 6015 Ibid/10,“.

400 4475 607 4558 ἱστοῦ.
638 4473 802 4526 ’Ὠστε
829 4473 1043 4524 πάντων
1073 4471 1173 4538 μὲν
1207 4468 1430 4538 κτίστης
1467 4470 1494 4520 6
1531 4469 1718 4536 Πατὴρ
1739 4507 1752 4529 ,
1795 4469 2016 4522 πάντων
2044 4500 2097 4558 D

2121 3279 2240 3329 nus,
2278 3282 2372 3322 nec
2407 3266 2540 3320 alius
2567 3266 2932 3321 constituere?

2192 3442 2336 3497 Idem
2370 3442 2683 3510 Apostolus,
2719 3456 2840 3496 cum
2873 3457 3054 3496 rerum
3107 3442 3355 3496 omnium
3402 3451 3716 3511 procreato-

2120 3549 2234 3586 rem
2285 3535 2606 3603 praedicaret
2662 3533 2880 3590 Patrem
2915 3533 3129 3588 Domini
3189 3535 3356 3588 nostri
3398 3533 3526 3590 Jesu
3557 3534 3715 3588 Chri-

2122 3626 2212 3690 sti,
2243 3636 2294 3679 et
2328 3626 2502 3694 ipsum
2535 3641 2718 3680 verum
2755 3624 2972 3690 Filium,
3003 3637 3183 3680 tamen
3206 3628 3307 3682 hoc
3337 3627 3504 3680 etiam
3531 3637 3714 3682 osten-

2122 3717 2200 3769 dit
2235 3717 2286 3770 in
2316 3718 2383 3770 iis
2414 3717 2468 3772 iu
2501 3717 2700 3786 quibus
2731 3718 2956 3788 gratiam
2993 3719 3254 3784 celebrat,
3298 3720 3398 3774 sibi
3433 3720 3621 3773 datam
3657 3730 3714 3772 et

2122 3810 2384 3863 creditam
2430 3811 2671 3880 mysterii
2703 3820 3052 3880 potestatem.
3087 3811 3222 3866 Cum
3258 3814 3402 3866 enim
3429 3812 3655 3866 dixisset
3697 3831 3710 3866 :

2125 3900 2259 3954 Mihi
2295 3912 2471 3955 autem
2507 3904 2736 3956 omnium
2769 3905 2985 3957 minimo
3018 3905 3146 3956 data
3169 3913 3245 3957 est
3269 3905 3444 3974 gratia
3491 3909 3623 3965 lucc,
3657 3905 3714 3956 in

2122 3995 2360 4064 gentibus
2387 3997 2749 4064 euangelizare
2780 3996 3276 4068 impervestigabiles
3307 3999 3519 4050 divitias
3551 3997 3712 4051 Chri-

2123 4090 2213 4152 sti,
2256 4103 2302 4142 et
2338 4089 2644 4143 illuminare
2689 4107 2888 4155 omnes,
2914 4108 3032 4159 qua:
3078 4092 3148 4146 sit
3177 4093 3498 4161 dispensatio
3535 4107 3719 4145 sacra.

2123 4181 2594 4236 mentiabsconditi
2635 4199 2666 4235 a
2723 4184 2932 4237 swculis
2965 4183 3020 4235 in
3070 4183 3412 4248 Deo,'statim
3443 4183 3667 4251 subjicit
3699 4200 3712 4235 :

2123 4278 2212 4346 qui
2254 4277 2431 4331 omnia
2480 4277 2672 4331 creavit
2733 4295 2824 4345 per
2877 4277 3054 4332 Jesum
3117 4278 3389 4331 Christum
3425 4275 3468 4330 ⁸.
3526 4274 3713 4343 Itaque

2125 4385 2305 4423 rerum
2363 4371 2606 4424 omnium
2660 4380 2974 4440 procreatur
3027 4380 3112 4423 est
3155 4367 3334 4433 Pater,
3392 4378 3448 4421 et
3530 4382 3713 4422 rerum

2125 4463 2252 4517 item
2304 4463 2546 4516 omnium
2602 4471 2915 4532 procreatur
2974 4473 3058 4516 est
3139 4461 3331 4516 Filius.
3387 4462 3718 4515 Communes

2123 4554 2265 4606 enim
2317 4563 2371 4606 et
2432 4552 2802 4608 indiﬂ‘erentes
2855 4562 2963 4604 lum
3000 4564 3212 4618 natura,
3249 4561 3305 4606 et
3358 4561 3620 4620 potestas,
3661 4563 3718 4606 et

2123 4658 2374 4714 regnum,
2406 4651 2460 4698 et
2487 4644 2680 4709 virtus,
2718 4653 2828 4697 tum
2877 4643 3036 4698 etiam
3064 4658 3246 4696 rerum
3296 4643 3564 4708 omnium,
3598 4659 3718 4712 quae

2123 4737 2393 4802 videntur,
2421 4747 2476 4791 et
2504 4750 2626 4806 quae
2665 4751 2771 4790 non
2797 4736 3075 4800 videntur,
3095 4736 3425 4804 procreatio,
3449 4745 3504 4788 et
3527 4750 3718 4791 earum

2122 4842 2186 4882 ex
2217 4827 2388 4882 nihilo
2444 4827 2695 4883 deductio
2722 4836 2776 4883 et
2809 4827 3188 4883 conformatio.

2192 5027 2333 5082 Alibi
2395 5027 2593 5082 Paulus
2636 5026 2705 5084 de
2767 5027 2932 5083 rebus
2974 5027 3171 5086 divinis
3220 5029 3388 5085 verba
3455 5029 3661 5087 faciens
3701 5071 3717 5096 ,

2120 5116 2292 5185 Unus,
2326 5119 2518 5192 inquit,
2552 5118 2690 5174 Deus
2718 5130 2766 5174 et
2795 5119 2954 5174 Pater
2984 5123 3241 5186 omnium,
3273 5123 3362 5192 qui
3421 5140 3578 5193 super
3607 5141 3724 5178 om-

2119 5213 2228 5277 nia,
2251 5221 2299 5265 et
2331 5227 2422 5280 per
2445 5212 2640 5278 omnia,
2675 5214 2792 5269 etin
2806 5214 3044 5270 omnibus
3079 5215 3226 5270 nobis
3251 5215 3294 5270 ⁸.
3335 5213 3528 5270 Verum
3593 5233 3718 5271 eum

2117 5305 2303 5371 sciret,
2341 5313 2402 5359 ut
2452 5315 2702 5360 naturam
2748 5316 2802 5360 et
2838 5306 3193 5372 voluntatem,
3241 5309 3320 5364 sic
3379 5311 3547 5364 etiam
3594 5325 3723 5377 pro-

2119 5399 2452 5454 creationem
2515 5408 2572 5454 et
2624 5398 2912 5468 imperium
2976 5401 3154 5456 Patris
3199 5410 3251 5454 et
3282 5399 3404 5459 Filii
3459 5415 3564 5455 non
3594 5417 3720 5456 esse

2120 5489 2367 5558 seiuncta
2423 5502 2516 5544 aut
2582 5501 2852 5560 separata,
2918 5492 3059 5546 idem
3094 5492 3254 5545 etiam
3291 5489 3361 5546 de
3425 5491 3719 5550 Servatore

2127 5584 2386 5636 audacter
2419 5583 2736 5651 pronuntiat
2782 5600 2795 5637 :
2831 5583 2896 5636 In
2941 5585 3053 5653 ipso
3092 5583 3252 5649 enim,
3302 5584 3500 5653 inquit,
3537 5594 3721 5639 creata

2129 5681 2250 5726 sunt
2286 5673 2462 5726 omnia
2493 5673 2536 5737 ⁸,
2565 5687 2759 5740 nempe
2792 5688 2912 5746 qua:
2935 5674 2990 5726 in
3022 5672 3196 5738 caelis,
3227 5685 3282 5729 et
3313 5689 3433 5744 qua
3478 5676 3533 5730 in
3575 5687 3722 5729 terra

2127 5775 2272 5820 sunt.
2305 5767 2381 5818 Ac
2414 5781 2481 5819 ne
2521 5765 2749 5819 istorum
2775 5767 2985 5818 insania
3021 5765 3105 5820 his
3129 5767 3308 5822 verbis
3356 5769 3492 5823 alias
3543 5782 3720 5831 nugas

1643 5950 1662 5980 ³
1689 5949 1877 6004 Matth.
1897 5965 2084 6018 xxvm,
2108 5951 2192 6006 18.
2250 5951 2266 5980 ³
2301 5949 2497 6020 Ephes.
2517 5952 2666 6018 "1,8,
2686 5951 2737 6008 9.
2795 5951 2814 5981 ⁵
2837 5949 3036 6020 Ephes.
3061 5963 3134 6015 Iv,
3153 5951 3207 6007 6.
3288 5953 3309 5984 '
3333 5953 3536 6011 Coloss.
3565 5972 3604 6023 ι,
3628 5957 3711 6014 l6.
