4132 6400
448 392 602 502 ’1207

1692 405 2072 471 EUTl-lYMll
2116 415 2474 482 ZlGABE-Nl

3599 437 3734 500 1203

458 511 699 582 amngat,
758 515 1010 582 sequitur
1034 518 1310 587 explicans
1340 518 1429 573 illa
1454 533 1573 588 quae
1609 521 1661 575 in
1689 524 1841 578 caelis
1866 533 2042 579 terra-

2149 535 2270 594 ταῖς
2321 535 2495 605 ίεραῖς
2545 541 2751 605 φωναῖς
2785 541 3084 616 ὑποϐάλλῃ,
3116 546 3218 611 ,ἔτι
3260 548 3404 602 κατὰ
3454 552 3738 621 συνέχειαν

459 623 566 669 que
594 617 742 661 sunt:
772 609 990 677 Ethwc,
1018 610 1210 678 inquit,
1234 615 1410 666 omnia
1441 615 1494 668 in
1523 616 1637 681 ipso
1671 630 1850 692 creata
1895 631 2037 684 sunt,

459 709 503 747 el
530 713 623 766 per
660 699 851 764 ipsum,
879 711 929 754 et
980 701 1034 755 in
1091 705 1263 771 ipsum
1296 707 1334 759 '.
1375 705 1655 771 Quomodo
1705 711 1865 779 igitur
1897 712 2042 764 dele-

460 800 672 842 ctorum
693 790 918 844 istorum
945 793 1122 847 rabies
1147 795 1312 850 alium
1339 814 1516 852 rerum
1539 802 1849 866 visibilium,
1878 804 2041 858 alimn

459 879 808 934 invisibilium
869 894 1146 938 auctorem
1208 890 1672 945 comminiscitur?

521 1057 813 1113 Inrisibilia
857 1061 975 1126 Dei,
1008 1064 1178 1132 inquit
1211 1069 1366 1121 divus
1427 1069 1643 1138 Paulus,
1704 1091 1736 1126 α
1804 1089 2045 1129 creatura

454 1151 636 1204 mundi
649 1171 741 1221 per
755 1171 814 1207 ea
831 1172 948 1225 qua:
966 1158 1107 1218 facta
1121 1169 1266 1225 sunt,
1290 1161 1547 1215 intellecta
1567 1166 1957 1232 conspiciuntur
1981 1168 2000 1197 '
2029 1185 2042 1232 ;

452 1258 512 1292 ea
539 1258 656 1303 qua!
675 1243 820 1298 facta
863 1257 1009 1308 sunt,
1057 1249 1244 1303 orbem
1276 1251 1588 1320 signiﬁcant
1619 1255 1948 1320 universum,
1991 1269 2047 1311 et

398 1346 412 1357 ·
451 1344 786 1399 quau-linque
818 1335 917 1386 sub
942 1351 1162 1389 sensum
1183 1339 1400 1391 cadunt.
1428 1336 1703 1393 lltecenim
1737 1343 1840 1394 nisi
1865 1352 2048 1397 essent

452 1422 602 1483 liuni,
633 1424 726 1476 sed
781 1427 930 1489 mali,
985 1431 1256 1497 quomodo
1317 1430 1430 1484 ﬁeri
1473 1443 1675 1499 posset,
1735 1443 1795 1486 ut
1825 1450 1918 1501 per
1960 1436 2043 1488 illa

452 1524 805 1567 cernerentur
845 1518 1136 1573 invisibilia
1171 1522 1282 1587 Dei,
1317 1531 1370 1575 et
1407 1533 1734 1592 sempiterna
1773 1526 1893 1592 ejus
1932 1529 2047 1580 vir—

459 1614 544 1656 tus
573 1619 636 1658 ac
685 1605 988 1661 divinitas?

523 1779 577 1835 Si
606 1796 690 1836 res
722 1793 966 1850 terrente,
1009 1798 1064 1839 ιιι
1118 1787 1374 1842 maledica
1424 1803 1584 1860 atque
1638 1793 1799 1860 impia
1865 1795 2042 1862 lingua

452 1872 611 1924 audet
660 1875 864 1937 dicere,
923 1885 1065 1937 sunt,
1109 1878 1258 1941 mali,
1313 1883 1584 1947 quomodo
1625 1883 1875 1937 dicuntur
1925 1901 2046 1940 esse
2079 1893 2119 1948 Β

451 1967 753 2018 t‘OIIlltltllliS
790 1967 999 2021 Domini
1035 1986 1097 2022 ac
1135 1969 1439 2026 Servatnris
1470 1975 1674 2028 nostri?
1709 1974 1774 2028 In
1807 1978 2025 2046 propria

448 2056 608 2118 enim,
649 2058 842 2127 inquit,
903 2063 1058 2124 venit,
1102 2071 1150 2114 et
1212 2065 1296 2116 sui
1344 2082 1463 2118 eum
1522 2083 1625 2120 non
1669 2081 1968 2135 receperunt
2001 2070 2042 2124 ⁸.

449 2147 675 2212 Quodsi
709 2150 1014 2205 desertores
1036 2153 1288 2219 dixerint,
1344 2171 1439 2225 per
1494 2160 1708 2225 propria
1766 2176 2047 2217 sermones

449 2241 794 2316 propheticos
835 2242 1080 2312 intelligi,
1121 2247 1182 2299 ad
1229 2261 1427 2315 eosque
1455 2249 1728 2304 Christum
1756 2254 1961 2317 venire,
1993 2262 2048 2306 et

450 2317 518 2384 ab
550 2332 654 2386 illis
679 2349 782 2387 non
814 2337 997 2405 l'et‘ipi,
1025 2339 1442 2395 animadvertite
1463 2344 2043 2414 singularcmipsorum

449 2427 736 2480 stultitiam
806 2440 862 2482 et
937 2430 1352 2500 impudentiam.
1453 2436 1695 2492 Primum
1773 2442 2046 2509 quomodo

449 2532 730 2572 sermones
779 2523 1121 2589 propheticos
1151 2525 1340 2580 dicunt
1386 2543 1508 2584 esse
1536 2531 1736 2585 Christi
1771 2535 2040 2602 praprios,

449 2620 572 2658 cuin
627 2609 918 2678 proiihetas
951 2613 1096 2678 ipsos
1127 2614 1310 2668 dicant
1366 2632 1488 2672 esse
1521 2619 1648 2673 mali
1684 2620 1957 2688 ﬁgmenta,
1989 2635 2044 2678 et

449 2701 516 2751 ab
547 2701 662 2769 ipso
687 2702 1100 2772 inspirationem
1127 2709 1440 2778 accepisse?
1468 2711 1667 2766 Deinde
1688 2719 1961 2782 quomodo
1990 2719 2042 2772 in

449 2807 729 2850 sermones
777 2798 1125 2865 propheticus
1183 2803 1330 2855 venit
1381 2802 1668 2859 Christus?
1700 2806 1779 2860 Ad
1839 2809 2044 2864 alienos

447 2888 614 2951 enim,
647 2897 704 2942 ut
748 2889 848 2959 ipsi
878 2892 1142 2958 sentiunt,
1176 2894 1437 2960 venisset,
1491 2911 1614 2950 cum
1681 2899 1891 2954 alienos
1923 2918 2044 2958 esse

447 2979 631 3033 dicant
658 2995 941 3037 sermones
976 2985 1347 3053 propheticos,
1381 2997 1435 3041 et
1474 2989 1542 3043 ab
1597 2989 1775 3044 alieno
1810 2992 2046 3062 inSpira-

448 3080 554 3137 tus,
580 3086 687 3126 non
727 3084 904 3128 autem
941 3090 970 3128 a
1001 3075 1144 3130 bono
1193 3076 1322 3132 Deo.
1369 3077 1636 3134 Praeterea
1670 3083 1864 3151 quibus
1898 3095 2045 3153 pote-

451 3171 649 3216 statem
679 3165 826 3219 dedit
857 3165 1020 3232 Deus,
1052 3180 1112 3222 ut
1137 3169 1230 3222 ﬁlii
1266 3170 1354 3224 Dei
1388 3171 1606 3225 ﬁerint?
1628 3171 2041 3243 Propheticisne

447 3257 832 3312 sermonibus?
860 3256 993 3323 Qua:
1020 3275 1172 3328 nugt'e
1201 3273 1327 3316 sunt
1358 3263 1510 3317 istae?
1551 3262 1845 3320 Sermones
1892 3267 2035 3320 enim
2068 3238 2113 3298 Ο

445 3348 488 3399 si
519 3363 584 3401 ex
617 3347 727 3404 Deo
761 3357 913 3416 sunt,
946 3350 1014 3404 ab
1044 3350 1138 3405 illo
1183 3353 1403 3419 habent,
1441 3365 1498 3407 ut
1546 3356 1656 3410 sint
1688 3357 1857 3426 ipsius
1912 3372 2039 3426 pro-

445 3442 548 3511 prii
579 3458 594 3508 ;
623 3441 706 3496 sin
739 3458 804 3497 ex
835 3443 996 3509 malo,
1027 3447 1294 3513 quomodo
1331 3447 1444 3502 ﬁeri
1500 3458 1728 3517 possunt
1767 3449 1860 3504 ﬁlii
1911 3450 2040 3505 Dei?

447 3537 713 3591 Praeterea
743 3537 865 3608 quis
889 3553 1069 3593 sermo
1102 3541 1448 3608 propheticus
1493 3554 1558 3595 ex
1585 3542 1958 3612 sanguinibus,
1987 3553 2041 3596 et

445 3646 510 3685 ex
548 3632 826 3686 voluntate
854 3631 980 3698 viri,
1016 3641 1069 3686 et
1097 3648 1160 3687 ex
1197 3632 1481 3688 voluntate
1519 3636 1702 3690 carnis
1730 3645 1888 3691 natus
1920 3636 2040 3690 est?

448 3722 680 3793 Subjicit
729 3724 920 3778 enim:
971 3723 1076 3789 Qui
1128 3740 1231 3778 non
1282 3741 1348 3779 ex
1408 3724 1778 3795 sanguinibus,
1837 3741 1928 3779 nec
1974 3741 2038 3778 ex

445 3818 711 3873 uoluntate
733 3819 850 3880 uiri,
882 3834 974 3871 nec
1011 3833 1077 3872 ea:
1129 3819 1398 3873 uoluntate
1433 3820 1628 3884 carnis,
1683 3820 1772 3872 sed
1817 3836 1882 3874 ea:
1930 3819 2037 3873 Deo

447 3912 558 3964 nati
580 3919 700 3962 sunt
733 3910 778 3964 ⁸.
812 3909 1046 3976 Quinam
1083 3909 1245 3980 igitur
1277 3925 1341 3964 ex
1378 3911 1731 3980 sanguinihus
1767 3913 1876 3965 nati
1920 3926 2037 3968 ser-

447 4015 660 4067 mones,
695 4009 749 4054 et
778 4001 866 4068 qui
905 4000 1050 4055 non?
1107 3999 1295 4055 Restat
1347 4015 1500 4069 ergo,
1565 4011 1626 4054 ut
1671 4016 1765 4071 per
1819 4003 2040 4071 propria

447 4094 677 4148 mundus
711 4093 1069 4162 intelligatur;
1104 4093 1560 4164 quemadmodum
1618 4103 1673 4147 et
1720 4095 1845 4149 alibi
1873 4096 2040 4151 disci-

445 4185 601 4254 pulos
634 4184 970 4253 alloquitur:
1003 4183 1162 4250 Ecce,
1206 4185 1398 4254 inquit,
1443 4185 1762 4251 venit-hora,
1819 4196 1877 4239 ut
1931 4187 2042 4240 dis-

445 4275 767 4345 pergamini,
799 4277 1160 4345 unusquisque
1207 4277 1278 4328 ad
1327 4277 1543 4344 propria
1576 4275 1618 4329 '.
1654 4276 1910 4342 Qumnam
1952 4278 2040 4332 hic

447 4366 682 4438 appellat
755 4367 1010 4436 propria?
1081 4368 1513 4438 Pmpheticosne
1591 4370 1909 4426 sermones?
1970 4387 2038 4425 an

446 4462 822 4530 possessiones
847 4471 900 4517 et
927 4464 1115 4534 domos
1163 4461 1541 4532 singulorum?
1572 4462 2037 4528 Quemadmodum

446 4552 610 4622 igitur
638 4553 726 4608 hic
756 4568 884 4617 non,
910 4563 966 4607 ut
998 4555 1278 4607 dementes
1311 4553 1396 4606 isti
1428 4563 1719 4622 nugantur,
1747 4569 2026 4610 sermones

2148 4577 2271 4629 [Ῑοῖα
2302 4571 2393 4629 οὖν
2429 4576 2536 4628 ίδια
2571 4552 2719 4644 λέγει
2774 4577 3047 4644 ὲνταῦθα;

447 4645 795 4714 propheticus
817 4646 1078 4716 appellat,
1107 4648 1201 4702 sed
1237 4647 1510 4715 propriam
1552 4647 1817 4718 cujusque
1839 4663 2053 4713 posses-

447 4739 655 4792 sionem
690 4749 742 4793 et
767 4739 1008 4806 domum,
1059 4741 1140 4794 sic
1170 4740 1330 4794 etiam
1362 4739 1579 4808 quando
1606 4740 1742 4795 dixit
1783 4758 1797 4793 :
1834 4739 1899 4792 In
1924 4757 2050 4807 pro-

447 4829 567 4892 pria
605 4831 764 4893 venit,
800 4838 848 4883 et
897 4832 981 4884 sui
1023 4847 1141 4884 eum
1172 4847 1276 4884 non
1324 4841 1650 4900 receperunt,
1709 4844 1804 4898 per
1837 4831 2050 4900 propria

450 4919 707 4972 mundum
737 4924 1046 4978 sensibilcm
1076 4924 1355 4990 intellexit,
1385 4925 1474 4994 qui
1511 4924 1726 4993 prOpria
1757 4931 1841 4977 est
1881 4923 2049 4990 ipsius

451 5009 726 5078 possessio
775 5021 936 5079 atque
960 5028 1115 5080 opus.
1148 5014 1410 5070 Similiter
1445 5024 1500 5069 et
1521 5016 1611 5083 qui
1635 5015 1687 5069 in
1739 5016 1855 5085 ipso
1887 5025 2035 5080 sunt,

453 5115 684 5172 quorutn
713 5099 799 5154 alii
849 5103 1070 5171 quidem
1122 5107 1422 5159 doctrinam
1483 5107 1598 5176 ejus
1656 5115 2037 5175 susceperunt,

451 5193 540 5248 alii
596 5209 723 5247 non.
785 5192 851 5247 Et
915 5193 1095 5250 alibi:
1159 5195 1280 5250 Non
1318 5197 1489 5264 habet,
1544 5199 1740 5268 inquit,
1794 5201 2041 5253 honorem

448 5286 699 5355 propheta
726 5288 780 5341 in
816 5287 1028 5355 propria
1062 5289 1242 5357 patria
1275 5291 1316 5342 °.
1357 5289 1511 5354 Quod
1571 5301 1747 5346 autem
1785 5306 1879 5359 per
1923 5307 2046 5356 pro-

446 5379 566 5446 pria
602 5380 860 5433 mundum
891 5379 1182 5446 signiﬁcet,
1239 5395 1301 5432 ex
1335 5381 1416 5433 his
1472 5382 1650 5434 verbis
1693 5381 1855 5451 plane
1905 5381 2035 5434 licet

448 5471 771 5542 intelligere.
807 5473 942 5528 Erat
975 5474 1133 5538 enim,
1190 5471 1384 5542 inquit,
1433 5472 1524 5526 lux
1552 5489 1691 5538 vera,
1747 5490 1861 5542 qua:
1911 5473 2040 5525 illu-

449 5565 618 5614 minat
643 5580 845 5618 omnem
870 5567 1132 5622 hominem
1157 5567 1440 5620 venientem
1469 5569 1517 5618 in
1553 5565 1690 5618 hunc
1723 5565 1973 5618 mundum
1999 5566 2041 5640 ⁷,

453 5654 619 5721 hunc,
655 5656 901 5728 inquam,
936 5661 1183 5716 sensibus
1221 5661 1549 5731 expositum.
1582 5657 1806 5723 Quando
1860 5670 2041 5712 autem

526 5818 540 5891 ξ
578 5817 858 5891 (Συτοεεηι.
899 5820 984 5877 16.
1062 5824 1081 5851 ²
1114 5820 1274 5874 Rom.
1318 5837 1357 5884 ι,
1408 5819 1497 5878 20.
1578 5821 1598 5853 ⁸
1652 5819 1808 5876 Joan.
1856 5839 1891 5891 ι,
1937 5822 2020 5877 10.

2171 5818 2325 5872 Joan.
2361 5835 2398 5886 ι,
2431 5820 2515 5873 15.

441 5889 474 5962 γ’
507 5887 662 5944 Joan.
708 5905 745 5954 ι,
783 5888 836 5943 9.

2157 626 2506 696 ὲπεξηγείται
2525 631 2647 683 τίνα
2675 635 2782 686 εἰσὶ
2812 636 2880 688 τά
2909 638 2966 688 ὲν
2988 641 3099 701 τοῖς
3126 639 3400 708 οὐρανοῖς,
3426 643 3524 694 καὶ
3547 645 3612 696 τὰ.
3643 647 3738 698 ἐπὶ

2155 715 2253 782 τῆς
2300 719 2422 785 γῆς.
2466 719 2546 771 ὅτι
2584 720 2653 773 τὰ
2674 723 2845 793 όρατά
2885 727 2979 778 καὶ
3025 728 3094 780 τὰ
3128 729 3360 798 ἀόρατα.
3405 731 3517 785 Καὶ
3558 734 3738 786 ταῦτα

2155 805 2334 858 πάντα
2359 808 2415 858 ἐν
2442 809 2592 877 αὐτῷ
2616 828 2782 880 φησιν
2810 815 3080 878 ἐκτίσθαι,
3103 819 3196 869 καὶ
3220 819 3288 871 δι’
3313 820 3502 886 αὑτοῦ,
3537 826 3631 875 καὶ
3656 825 3739 882 εἰς

2157 895 2344 951 αὐτόν.
2385 899 2506 960 Πῶς
2547 900 2640 952 οῦν
2675 904 2702 969 ἡ
2734 903 3077 974 ἀποστατικὴ
3112 909 3286 962 λύσσα
3318 911 3427 964 τῶν
3472 915 3572 982 μὲν
3603 917 3736 984 ὁρα-

2155 987 2264 1040 τῶν
2289 990 2448 1044 ἄλλον
2478 994 2707 1047 πλάττει
2754 1001 3005 1068 ποιητὴν,
3042 1001 3203 1054 ἄλλον
3229 1002 3283 1056 δὲ
3314 1004 3423 1056 τῶν
3453 1006 3735 1074 ἀοράτωνς

2225 1082 2393 1151 Φησὶν
2419 1085 2446 1135 6
2470 1087 2611 1147 θεῖος
2634 1087 2864 1152 Παῦλος,
2884 1092 2964 1142 ὅτι
2992 1092 3066 1144 Τὰ
3095 1092 3320 1159 ἀόρατα
3345 1096 3557 1160 αὑτοῦ,
3582 1114 3739 1149 τουτ-

2157 1173 2271 1225 έστι
2296 1174 2387 1227 τοῦ
2437 1177 2642 1244 ἀγαθοῦ
2689 1179 2862 1244 Θεοῦ,
2904 1185 3023 1237 ἀπὸ
3058 1188 3313 1252 κτίσεως
3353 1191 3587 1256 κόσμου
3611 1191 3741 1256 τοῖς

2154 1266 2446 1334 ποιήμασι
2462 1270 2762 1338 νοούμενα
2784 1275 3126 1341 καθορᾶται,
3147 1280 3433 1346 ποιήματα
3455 1281 3630 1348 λέγων
3644 1282 3738 1332 τὸν

2162 1360 2399 1428 παρόντα
2432 1361 2635 1426 κόσμον
2656 1403 2670 1426 ,
2713 1365 2810 1415 καὶ
2835 1364 2936 1418 ὅσα
2966 1368 3072 1419 ὑπὸ
3102 1369 3199 1436 τὴν
3234 1370 3510 1441 αἴσθησιν.
3545 1372 3732 1428 Ταῦτα

2155 1451 2261 1518 γὰρ
2292 1455 2338 1503 εί
2369 1453 2444 1523 μὴ
2471 1453 2563 1506 τοῦ
2599 1457 2802 1523 ἀγαθοῦ
2833 1453 2994 1528 ἦσαν,
3027 1460 3164 1515 ἀλλά
3194 1461 3290 1514 τοῦ
3323 1464 3566 1534 πονηροῦ
3589 1505 3603 1528 ,
3632 1466 3733 1516 οὐκ

2157 1545 2221 1596 ἂν
2253 1547 2311 1595 ὲν
2365 1549 2477 1610 τοῖς
2520 1550 2613 1601 τοῦ
2670 1554 2908 1621 πονηροῦ
2945 1555 3216 1623 ποιήμασι
3257 1556 3326 1608 τὰ
3373 1557 3586 1626 ἀόρατα
3639 1559 3736 1610 τοῦ

2157 1636 2362 1701 ἀγαθοῦ
2409 1638 2795 1708 καθεωρῶντο,
2822 1643 2856 1712 ἥ
2892 1660 2951 1694 τε
2987 1645 3156 1708 ἀΐδιος
3181 1645 3346 1699 αὐτοῦ
3372 1647 3602 1717 δύναμις
3641 1649 3739 1700 καὶ

2155 1724 2310 1796 θεότη
2320 1745 2364 1789 ς.

2226 1819 2398 1889 Εἴπερ
2420 1859 2434 1883 ,
2464 1820 2540 1883 ὠς
2565 1823 2596 1892 ή
2635 1823 2958 1896 βλάσφημος
2989 1831 3082 1882 καὶ
3110 1830 3376 1904 δυσσεϐὴς
3406 1833 3739 1903 θρασύνεται

2149 1912 2388 1978 γλῶσσα,
2418 1915 2486 1968 τά
2520 1917 2738 1982 ἐπίγεια
2766 1919 2861 1972 τοῦ
2891 1923 3129 1992 πονηροῦ
3149 1964 3163 1986 ,
3201 1925 3319 1988 πῶς
3360 1923 3606 1993 λέγονται
3638 1927 3736 1978 τοῦ

2150 2005 2329 2057 κοινοῦ
2364 2006 2522 2076 ἡμῶν
2567 2009 2840 2063 Δεσπότου
2884 2014 2976 2064 καὶ
3024 2015 3317 2086 Σωτῆρο;;
3355 2016 3459 2083 Είς
3505 2020 3576 2071 τὰ
3612 2017 3739 2070 ἴδια

2148 2097 2258 2166 γὰρ
2279 2095 2444 2168 ἦλθε,
2481 2102 2636 2171 φησὶ,
2670 2103 2768 2154 καί
2801 2107 2855 2157 οἱ
2888 2104 3027 2160 ἴδιοι
3051 2109 3241 2160 αὐτὸν
3268 2111 3339 2161 οὺ
3370 2110 3736 2176 παρέλαϐον.

2148 2188 2210 2240 Ei
2236 2188 2292 2240 δὲ
2327 2189 2538 2256 λέγοιεν
2564 2192 2613 2242 οἱ
2646 2193 2954 2247 ἀποστάται
2986 2195 3108 2248 ἴδια
3136 2199 3235 2266 μὲν
3261 2195 3401 2251 εἶναι
3437 2202 3564 2262 τοὺς
3595 2219 3741 2270 προ-

2148 2280 2413 2348 φητικοὺς
2448 2279 2662 2348 λόγους,
2701 2282 2879 2338 ἐλθεῖν
2903 2285 2957 2338 δὲ
2991 2289 3070 2350 εἰς
3101 2290 3300 2349 αὐτοὺς
3333 2292 3425 2342 τὸν
3454 2294 3696 2359 Χριστὸν
3719 2336 3735 2358 ,

2147 2369 2395 2432 ἐκείνους
2429 2370 2486 2422 δὲ
2533 2373 2723 2426 τοῦτον
2766 2378 2903 2445 μήτε
2949 2379 3398 2446 παραδέξασθαι*
3438 2383 3604 2452 ὁρᾶτε
3640 2383 3739 2453 τὴν

2147 2461 2595 2530 ὑπερϐάλλουσαν
2643 2465 2823 2518 αὐτῶν
2890 2467 3074 2522 ἄνοιαν
3137 2472 3231 2523 καὶ
3299 2473 3734 2544 ἀναισχυντίαν;

2147 2553 2372 2621 Πρῶτον
2405 2556 2506 2624 μὲν
2542 2557 2658 2620 πῶς
2701 2557 2918 2626 λέγουσι
2957 2563 3084 2625 τοὺς
3131 2567 3502 2634 προφητικοὺς
3541 2565 3735 2634 λόγους

2149 2645 2254 2697 ἴδια
2303 2643 2445 2700 εἶναι
2493 2647 2588 2701 τοῦ
2627 2650 2867 2720 Χριστοῦ
2892 2691 2906 2717 ,
2943 2653 3141 2717 αὐτοὺς
3169 2657 3291 2719 τοὺς
3330 2661 3616 2728 προφήτας
3648 2659 3738 2711 λέ-

2146 2755 2336 2806 γοντες
2384 2740 2680 2810 πλάσματα
2729 2738 2869 2796 εἶναι
2911 2744 3005 2798 τοῦ
3063 2747 3326 2817 πονηροῦ,
3386 2750 3563 2802 καίτοι
3614 2749 3738 2802 ἐπί-

2149 2846 2340 2882 πνοιαν
2370 2831 2500 2900 παρ’
2536 2831 2698 2884 αὐτοῦ
2733 2833 3026 2901 δέξασθαι;
3089 2836 3355 2906 Δεύτερον
3403 2838 3458 2890 δὲ
3505 2838 3624 2901 πῶς
3653 2842 3737 2900 εἰς

2146 2923 2273 2984 τοὺς
2307 2924 2680 2992 προφητικοὺς
2714 2925 2904 2993 λόγους
2941 2924 3103 2999 ἦλθεν
3132 2929 3160 2980 6
3193 2929 3468 2997 Χριστός;
3509 2929 3736 2998 Πρῶτον

2150 3013 2249 3078 μὲν
2302 3015 2408 3084 γὰρ
2457 3016 2536 3078 είς
2585 3017 2896 3088 ἀλλοτρίους
2967 3015 3126 3089 ἦλθε,
3182 3021 3326 3072 κατά
3378 3021 3467 3073 τὸν
3505 3022 3735 3074 ἐκείνων

2145 3107 2341 3175 λόγον’
2397 3108 2671 3178 ἀλλότριοι
2709 3111 2819 3178 γὰρ
2869 3113 2921 3163 oi
2972 3115 3307 3182 προφητικοὶ
3352 3114 3530 3183 λόγοι,
3566 3115 3643 3178 ὡς
3674 3115 3737 3182 ἐξ

2147 3199 2431 3270 ἀλλοτρίου
2487 3203 2892 3271 ὲμπνεόμενοι,
2946 3205 3042 3258 καὶ
3091 3206 3190 3258 οὐκ
3249 3207 3313 3259 ὲκ
3371 3206 3462 3260 τοῦ
3521 3206 3735 3276 ἀγαθοῦ

2144 3289 2301 3342 Θεοῦ·
2354 3290 2549 3345 ἔπειτα
2595 3293 2650 3344 δὲ
2685 3292 2827 3345 τίσιν
2877 3294 3079 3348 ἔδωκεν
3125 3299 3152 3349 ό
3194 3297 3430 3365 Χριστὸς
3475 3297 3731 3362 ἐξουσίαν

2142 3384 2320 3437 τέκνα
2346 3383 2483 3436 Θεοῦ
2517 3385 2805 3452 γενέσθαι;
2833 3382 2942 3458 ἆρα
2976 3390 3088 3450 τοῖς
3122 3393 3484 3458 προφητικοῖς
3513 3391 3731 3459 λόγοις;

2143 3475 2254 3529 Καὶ
2297 3476 2414 3539 πῶς
2455 3477 2515 3530 ού
2552 3477 2764 3548 μακρὸς
2802 3479 2967 3549 λῆρος
3007 3479 3208 3546 τοῦτο;
3253 3483 3316 3534 Ol
3359 3482 3508 3550 λόγοι
3542 3483 3652 3554 γάρ
3684 3486 3734 3537 εί

2145 3568 2244 3637 μὲν
2295 3569 2358 3621 ὲκ
2409 3568 2502 3620 τοῦ
2557 3569 2692 3622 Θεοῦ
2751 3571 2909 3636 εἰσιν,
2963 3572 3192 3626 αὐτόθεν
3243 3573 3428 3643 ἔχουσι
3477 3575 3539 3627 τὸ
3591 3571 3735 3629 εἶναι

2141 3660 2330 3712 οἰκεῖοι
2365 3659 2500 3712 Θεοῦ
2521 3677 2535 3693 ο
2567 3661 2617 3712 εἰ
2647 3661 2704 3714 δὲ
2749 3662 2814 3716 ἐκ
2852 3662 2946 3715 τοῦ
2984 3663 3245 3733 πονηροῦ,
3279 3664 3396 3728 πῶς
3438 3665 3506 3718 ἂν
3538 3682 3734 3720 τεκνω·

2143 3751 2286 3804 θεῖεν
2341 3751 2500 3822 Θεῷ;
2562 3752 2682 3804 Ἔτι
2739 3752 2795 3805 δὲ
2853 3755 3005 3816 ποῖος
3059 3753 3216 3822 λόγος
3279 3756 3621 3826 προφητικὸς
3676 3756 3737 3820 ἐξ

2142 3844 2392 3913 αἱμάτων
2437 3845 2533 3896 καὶ
2572 3845 2635 3896 ὲκ
2684 3843 2987 3915 θελήματος
3037 3847 3267 3916 ἀνδρὸς,
3332 3848 3429 3900 καὶ
3479 3850 3543 3900 ὲκ
3577 3847 3737 3916 θελή-

2145 3951 2314 4004 ματος
2361 3935 2566 4005 σαρκδς
2604 3936 2903 4006 ὲγεννήθη;
2948 3938 3172 4005 Ἑπάγει
3204 3937 3311 4009 γὰρ
3339 3978 3353 4000 ,
3389 3938 3458 3991 Οἳ
3502 3940 3614 3993 οὐκ
3664 3940 3738 4005 ἐξ

2142 4023 2446 4093 αἱμάτων,
2497 4024 2642 4080 οὐδὲ
2693 4028 2762 4080 ἐκ
2805 4027 3143 4096 θελήματος
3175 4029 3427 4096 σαρκός,
3479 4029 3619 4084 ἀλλ’
3664 4031 3735 4083 ἐκ

2145 4117 2293 4174 Θεοῦ
2317 4118 2759 4187 ἐγεννήθησαν.
2783 4119 2938 4184 Τίνες
2963 4119 3055 4173 οῦν
3081 4123 3129 4172 οἱ
3151 4119 3211 4185 ἐξ
3227 4123 3478 4191 αἱμάτων
3501 4138 3737 4192 γεγενηο

2148 4205 2298 4275 μένοι
2346 4207 2540 4275 λόγοι,
2581 4210 2674 4260 καὶ
2718 4208 2863 4272 τίνες
2921 4211 2969 4262 οἱ
3039 4211 3150 4281 μή;
3204 4213 3408 4265 Λοιπδιν
3457 4211 3551 4266 οῦν
3607 4213 3735 4267 τόια

2145 4298 2301 4351 καλεί
2342 4299 2433 4351 τὸν
2464 4299 2669 4369 κόσμον
2697 4339 2712 4366 ,
2751 4299 2827 4363 ὥς
2873 4319 2978 4354 που
3021 4303 3115 4357 καὶ⁵
3149 4303 3384 4374 ἁλλαχδῦ
3418 4323 3552 4374 φησι
3597 4306 3738 4375 πρὸς

2143 4392 2269 4454 τοὺς
2305 4391 2590 4464 μαθητὰς,
2642 4392 2795 4447 Ἰδοὺ
2829 4393 3063 4463 ἔρχεται
3093 4395 3214 4464 ὥρα
3239 4436 3254 4464 ,
3294 4398 3394 4450 καὶ
3434 4397 3552 4450 νῦν
3590 4397 3737 4466 ἐλήο

2143 4486 2370 4550 λυθεν,
2410 4485 2511 4538 ἵνα
2557 4485 2970 4553 σκορπισθῆτε
3017 4486 3274 4553 ἕκαστος
3325 4491 3410 4553 εὶς
3461 4488 3534 4542 τὰ
3587 4488 3733 4543 ἴδια.

3123 4579 3162 4630 Α
3175 4595 3245 4648 ρα
3292 4579 3418 4642 τοὺς
3462 4588 3745 4650 προφητι-’

2151 4667 2282 4728 κοὺς
2309 4666 2501 4736 λόγους
2531 4666 2702 4734 λέγει,
2749 4667 2781 4736 ἦ
2830 4667 3069 4735 δηλονότι
3114 4669 3208 4738 τὴν
3239 4671 3523 4724 κατοικίαν
3554 4672 3646 4723 καὶ
3673 4671 3737 4725 τὸ

2151 4761 2338 4827 κτῆμα
2395 4756 2664 4821 ἐκάστου;
2731 4757 2943 4830 Ὥσπερ
2999 4754 3094 4812 οῦν
3151 4759 3386 4812 ἐνταῦθα
3443 4761 3550 4814 ἴδια
3611 4763 3738 4833 οὐχὶ

2151 4849 2291 4902 κατὰ
2317 4849 2406 4902 τὸν
2441 4850 2724 4919 μεμηνότα
2753 4850 2920 4920 λῆρον
2958 4852 3084 4913 τοὺς
3127 4853 3502 4922 προφητικοὺς
3539 4853 3736 4923 λόγους

2149 4943 2318 5007 λέγει,
2341 4941 2478 4993 ἀλλὰ
2511 4942 2569 4993 τὺ
2612 4944 2844 4996 ἑκάστου
2880 4943 3064 5012 κτῆμα
3094 4947 3186 4996 καὶ
3217 4947 3314 5014 τὴν
3357 4947 3493 4997 ἰδίαν
3530 4947 3735 5001 οἰκίανο

2145 5033 2286 5088 οὕτω
2313 5035 2406 5086 καὶ
2431 5034 2648 5086 ἐπειδὰν
2687 5034 2844 5106 λέγῃ,
2878 5034 2991 5087 Kal
3019 5037 3106 5101 είς
3143 5039 3214 5089 τὰ
3241 5037 3365 5090 ἴδια
3402 5034 3549 5108 ἦλθε
3569 5079 3584 5101 ,
3631 5042 3734 5092 καί

2138 5129 2192 5180 οί
2221 5125 2563 5180 ἵδιοιαὺτόν
2586 5129 2658 5181 οὺ
2681 5129 3044 5195 παρέλαϐον,
3073 5128 3194 5181 ῐὸια
3227 5129 3326 5199 μὲν
3355 5131 3446 5183 τὸν
3476 5131 3735 5201 αἰσθητὸν

2141 5217 2345 5286 κόσμον
2368 5218 2535 5285 λέγει’
2567 5221 2753 5288 κτῆμα
2786 5217 2891 5287 γὰρ
2923 5216 3088 5270 αὐτοῦ
3136 5221 3230 5272 καὶ
3288 5220 3501 5292 ποίημα
3548 5216 3727 5286 οὗτος·

2142 5311 2407 5374 ὡσαύτως
2435 5311 2492 5364 δὲ
2526 5311 2576 5363 οἱ
2602 5313 2662 5362 ὲν
2692 5309 2862 5381 αὐτῷ,
2899 5305 2972 5364 ὧν
3005 5313 3052 5363 οί
3087 5312 3186 5382 μὲν
3223 5315 3534 5383 παρέλαϐον
3566 5316 3731 5370 αὑτοῦ

2147 5403 2246 5472 τὴν
2301 5403 2724 5472 μυσταγωγίαν,
2781 5405 2829 5455 oi
2877 5403 2935 5456 δὲ
2982 5403 3068 5459 οῦ.
3125 5405 3234 5458 Καὶ
3275 5406 3508 5478 ἀλλαχοῦ
3566 5408 3734 5463 πάλιν

2153 5496 2349 5564 φησὶν,
2401 5497 2484 5548 ὅτι
2520 5496 2840 5564 Προφήτης
2886 5497 2954 5550 ἐν
2995 5495 3071 5565 τῇ
3121 5497 3240 5565 ἰδίᾳ
3288 5499 3524 5567 πατρίδι
3552 5501 3735 5570 τιμὴν

2150 5588 2261 5638 οὐκ
2303 5585 2452 5654 ἔχει.
2509 5585 2630 5637 Ὅτι
2684 5583 2741 5638 δὲ
2785 5584 2907 5638 ίδια
2957 5587 3046 5638 τὸν
3089 5587 3291 5656 κόσμον
3338 5589 3506 5656 φησὶ,
3543 5593 3633 5642 καὶ
3663 5592 3731 5644 ἐκ

2150 5677 2354 5729 τούτων
2390 5679 2506 5730 ἐστὶ
2551 5677 2735 5744 σαφῶς
2787 5677 3039 5747 συνορᾷν.
3091 5673 3210 5732 Ἦν
3252 5681 3399 5748 γὰρ,
3439 5683 3608 5751 φησὶ,
3661 5684 3732 5736 τὸ

2622 5820 2642 5850 ⁵
2670 5818 2828 5875 Joan.
2861 5837 2968 5874 xvi.
2997 5822 3089 5877 32.
3164 5826 3182 5855 °
3221 5822 3412 5877 Matth.
3460 5839 3578 5888 xm,
3636 5825 3727 5882 57.
