4132 6466
356 443 497 506 1209

1276 438 1658 499 PANOPLIA
1703 437 2166 499 DOGMATICA.
2208 465 2275 474 -
2310 442 2460 500 Tl'l‘.
2500 443 2710 503 XXIV.

3498 443 3634 510 1210

347 560 475 630 φῶς
511 558 576 612 τὸ
600 557 920 625 ἀληθινὸν,
947 556 977 610 ὃ
1009 554 1239 626 φωτίζει
1261 557 1461 610 πάντα
1495 553 1812 624 ἀνθρωπον
1843 555 1940 623 ἐρ-

2043 555 2404 612 illuminavit?
2431 560 2656 626 Quando
2689 568 2848 617 natus
2878 569 2964 616 est
3005 559 3060 616 in
3098 559 3207 614 illo.
3234 559 3461 627 Quando
3490 566 3631 616 enim

349 652 614 718 χύμενον
663 650 748 712 εις
793 648 901 700 τὸν
932 649 1184 715 κόσμον.
1221 649 1380 700 Ποῖον
1410 647 1648 716 κὸσμονς
1679 647 1932 715 Δηλονότι

345 740 438 791 τὸν
458 737 742 809 αἰσθητόν.
770 738 876 790 Καὶ
905 738 1034 790 ποτε
1066 737 1330 804 ἐφώτισεν
1356 755 1370 803 ;
1404 737 1534 789 Ὀτε
1557 737 1934 807 παραγέγονεν

347 834 405 884 ἐν
435 831 607 895 αὐτῷ.
661 831 795 883 Πότε
826 830 881 882 δὲ
923 830 1271 897 παραγέγονε
1296 871 1310 890 ,
1346 829 1406 881 τὸ
1437 829 1771 896 Εὐαγγέλιον
1812 827 1932 898 βοᾷ.

359 922 463 974 Ἐν
505 919 586 983 τῷ
632 919 838 986 κόσμῳ
864 922 974 986 γὰρ
1006 915 1104 986 ἦν,
1156 917 1309 988 φησι.
1359 918 1585 981 Πάντως
1616 922 1725 989 γὰρ
1752 921 1808 972 ὲν
1852 919 1932 988 τῷ

353 1029 388 1063 α
417 1007 601 1078 σοητῷ
635 1009 825 1077 κόσμῳ
864 1008 960 1073 ὢν,
992 1008 1082 1061 τὸν
1112 1009 1409 1078 ἐρχόμενον
1439 1010 1519 1071 είς
1548 1011 1641 1062 τὸν
1677 1010 1933 1080 αἰσθητὸν

348 1115 556 1171 κοσμον
590 1103 880 1168 ἐφώτιζεν.
927 1098 1060 1157 Εἶτα
1103 1104 1247 1165 τίνος
1286 1099 1354 1172 ἦν
1397 1105 1424 1156 ὁ
1456 1105 1662 1172 κόσμος
1695 1105 1930 1176 ποίημα,

349 1197 406 1246 ὲν
514 1211 574 1246 τε
618 1193 781 1255 αὐτὸς
815 1189 883 1260 ἦν
911 1232 926 1255 ,
987 1196 1081 1246 καὶ
1132 1194 1223 1246 τὸν
1278 1197 1582 1265 ἐρχόμενον
1633 1197 1712 1259 είς
1772 1197 1936 1249 αὑτὸν

349 1285 640 1352 ἐφώτιζεν,
701 1285 803 1336 οὐκ
828 1285 1052 1337 ἄλλοθεν
1081 1287 1197 1337 ἔστι
1237 1288 1430 1353 μαθεῖν
1460 1287 1575 1339 ἀλλ’
1601 1288 1632 1356 ἦ
1670 1285 1728 1349 ἐξ
1757 1287 1937 1342 αὐτῶν

349 1376 457 1431 τῶν
512 1377 887 1444 εὐαγγελικῶν
944 1378 1234 1446 ῥημάτων.
1297 1380 1401 1431 Καὶ
1440 1383 1471 1431 ό
1525 1380 1756 1446 κόσμος
1802 1382 1933 1448 γὰρ,

2045 656 2201 700 natus
2225 650 2316 712 sit,
2345 650 2692 721 Evangelium
2735 653 2970 708 clamat:
3003 650 3070 707 lu
3106 653 3320 716 mundo,
3360 651 3632 721 inquiens.

2043 748 2176 792 erat.
2211 738 2444 794 Omnino
2469 741 2613 796 enim
2643 743 2692 796 iu
2729 743 2832 798 hoc
2859 743 3061 798 mundo
3095 743 3340 798 sensibili
3367 741 3635 798 exsistcns

2043 833 2346 887 venientem
2380 835 2430 888 in
2473 838 2728 890 mundum
2750 836 3059 891 sensibilem
3077 836 3436 890 illuminabat.
3463 836 3632 888 Porro

2041 924 2196 989 cujus
2229 926 2340 993 ipse
2371 927 2604 981 mundus
2629 927 2874 998 sitOpns,
2900 928 2952 982 in
2988 944 3094 996 quo
3112 939 3164 982 et
3197 929 3284 981 ille
3315 937 3520 990 erat,et
3542 943 3631 979 vu-

2040 1017 2275 1070 nientem
2295 1017 2352 1071 in
2405 1033 2525 1072 eum
2569 1018 2931 1085 illuminabat,
2968 1035 3071 1071 non
3120 1020 3357 1082 aliunde,
3422 1019 3512 1070 sed
3565 1033 3626 1067 (ις

2033 1106 2166 1176 ipsis
2197 1108 2671 1179 Evangeliiverbis
2699 1111 3023 1181 percipitur:
3058 1109 3129 1164 Et
3150 1111 3394 1174 mundus,
3434 1110 3625 1172 inquit,

2031 1216 2120 1267 per
2151 1200 2319 1267 ipsum
2344 1201 2516 1270 [actus
2546 1213 2643 1267 est,
2677 1216 2725 1258 et
2753 1203 2980 1256 mundus
3030 1221 3146 1257 euut
3192 1220 3292 1255 non
3321 1200 3560 1269 cognovit
3587 1200 3625 1234 ‘-

2033 1289 2190 1356 Quod
2219 1292 2357 1346 idem
2395 1294 2536 1348 valet
2579 1305 2741 1363 atque
2787 1296 2876 1349 illa
2904 1295 3066 1350 verba
3093 1311 3106 1348 :
3137 1291 3202 1346 In
3228 1292 3442 1362 propria
3468 1291 3626 1363 venit.

2036 1396 2093 1434 at
2129 1385 2214 1435 sui
2249 1400 2370 1438 eum
2399 1402 2504 1441 non
2540 1395 2868 1456 receperunt.
3570 1361 3574 1367 ί

351 1471 508 1541 φησὶ,
540 1471 613 1524 δι’
648 1473 836 1526 αὐτοῦ
857 1472 1130 1541 ἐγένετο,
1170 1471 1269 1524 καί
1295 1475 1328 1525 ό
1354 1474 1584 1540 κόσμος
1629 1475 1816 1526 αὑτὸν
1862 1477 1976 1527 οὐκ
2021 1473 2227 1543 ἔγνω,
2259 1475 2288 1528 ὃ
2333 1477 2448 1531 ἴσον
2503 1479 2620 1532 ἐστὶ
2648 1479 2760 1548 τῷ,
2795 1479 2902 1545 Εἰς
2936 1478 3011 1532 τὰ
3059 1476 3182 1532 ίδια
3217 1471 3367 1545 ἦλθέ
3389 1514 3406 1540 ,
3437 1473 3536 1527 καὶ
3575 1476 3629 1526 οἱ

350 1568 490 1620 ἴδιοι
514 1568 705 1620 αὐτὸν
733 1568 804 1621 οὐ
833 1569 1202 1636 παρέλαϐον.

427 1658 491 1709 Et
525 1659 593 1710 τὰ
635 1658 857 1725 ἐπίγεια
914 1659 1031 1710 ἐστι
1082 1657 1177 1710 τοῦ
1224 1657 1486 1728 πονηροῦ,
1521 1660 1636 1722 πῶς
1682 1661 1938 1728 ἠνέσχετο

2117 1663 2172 1720 Si
2206 1680 2291 1721 res
2348 1674 2578 1722 terrena:
2632 1676 2761 1720 sunt
2817 1666 2962 1732 mali,
2996 1679 3093 1718 cur
3149 1661 3436 1724 fructibus,
3497 1672 3632 1728 quos

349 1749 439 1804 διὰ
471 1750 580 1802 τῶν
611 1751 876 1820 καρπῶν,
932 1749 967 1804 ἃ
1016 1749 1218 1817 ἔφυσεν
1249 1753 1280 1818 ὴ
1315 1752 1384 1820 γῆ
1413 1789 1430 1815 ,
1481 1751 1540 1803 τὺ
1577 1752 1812 1822 «aliqua;
1838 1749 1934 1802 τοῦ

350 1842 595 1914 πονηροῦ
629 1844 791 1896 τοῦτο
825 1843 924 1912 μὲν
972 1843 1066 1896 καὶ
1111 1844 1176 1896 ἐκ
1209 1843 1372 1896 πέντε
1405 1845 1624 1914 ἄρτων,
1677 1845 1834 1898 τοῦτο
1876 1845 1934 1897 δὲ

351 1933 408 1998 ἐξ
451 1933 594 1984 ἑπτὰ
642 1932 843 1995 πολλὰς
888 1932 1158 2002 μυριάδας
1191 1934 1500 2002 χορτάσαις
1537 1935 1692 2004 Πόσῳ
1723 1936 1831 2003 γὰρ
1865 1930 1932 2004 ἧν

351 2022 576 2091 ἄμεινον
616 2024 712 2074 κοιλ⁸
755 2022 1229 2093 θεοπρεπέστερον
1264 2023 1338 2094 μὴ
1371 2024 1429 2088 ἐξ
1469 2025 1766 2094 ἀλλοτρίων
1799 2042 1933 2094 καρ-

351 2114 472 2168 πῶν
493 2157 506 2179 ,
550 2113 669 2167 ἀλλ’
701 2113 758 2180 ἐξ
784 2113 998 2167 οἰκείων
1027 2115 1529 2185 δημιουργημάτων
1557 2117 1779 2184 τρέφειν
1810 2117 1936 2179 τοὺς

353 2208 926 2277 μυσταγωγουμένους
967 2207 1154 2276 abst};
1183 2207 1397 2259 Μᾶλλον
1426 2207 1483 2260 δὲ
1519 2207 1634 2270 πῶς
1661 2208 1780 2260 ὅλον
1812 2225 1936 2277 τρο-

351 2300 460 2368 φὴν
485 2337 500 2361 ,
555 2297 588 2366 ἢ
626 2298 790 2349 ποτὸν
820 2297 983 2360 αὐτὸς
1032 2299 1483 2367 προσηνέγκατο,
1524 2297 1559 2350 ἃ
1594 2300 1808 2367 καρπὸς
1866 2295 1935 2368 ἦν

349 2391 462 2441 τῶν
513 2389 692 2458 ἔργων
727 2387 820 2438 τοῦ
855 2387 1134 2457 πονηροῦ;
1175 2391 1296 2450 Πῶς
1331 2389 1377 2441 δ’
1405 2389 1471 2440 ἂν
1503 2391 1567 2440 ἐκ
1595 2388 1690 2441 τοῦ
1725 2389 1934 2457 ἀγαθοῦ

352 2478 566 2550 ΙΙατρὸς
622 2479 897 2531 αἰτεῖσθαι
957 2480 1049 2530 τὴν
1101 2479 1266 2548 ἄρτον
1318 2480 1408 2533 τὸν
1465 2481 1744 2534 ἐπιούσιον
1803 2485 1935 2553 ἡμῖν

351 2571 698 2635 ὲνετείλατος
735 2572 828 2624 καὶ
870 2572 986 2633 πῶς
1025 2571 1189 2623 πάλιν
1237 2573 1550 2642 ὀφθαλμοὺς
1587 2574 1938 2645 δημιουργῶν

352 2665 429 2734 τῷ
479 2663 666 2731 τυφλῷ
725 2662 826 2714 οὐκ
885 2663 945 2729 ἐξ
993 2662 1159 2732 ἄλλης
1204 2663 1370 2732 ὕλης,
1432 2665 1547 2716 ἀλλ’
1577 2666 1639 2718 ἐκ
1688 2666 1790 2733 γῆς
1844 2667 1939 2718 καὶ

357 2757 576 2821 ὕδατος,
616 2755 760 2828 ἅπερ
788 2752 855 2826 ἦν
885 2757 978 2808 τοῦ
1010 2756 1272 2828 πονηροῦ,
1303 2758 1402 2827 τὴν
1428 2758 1552 2828 ὄψιν
1581 2760 1936 2822 ἐκαινοποίει,

355 2849 645 2921 μονονουχὶ
691 2849 1169 2918 συμμεριζόμενος
1206 2849 1282 2918 τῷ
1325 2851 1505 2920 ἐχθρῷ
1528 2892 1541 2914 ,
1600 2853 1697 2904 καὶ
1729 2851 1804 2921 τῷ
1839 2853 1940 2921 μὲν

354 2952 514 3017 ἀφεὶς
552 2950 611 3001 τὸ
637 2948 800 3000 πλέον
834 2950 1029 3010 ποιεῖν,
1058 2946 1220 3008 αὐτὸς
1248 2945 1304 2998 δὲ.
1326 2946 1386 2998 τὸ
1413 2948 1576 3015 μέρος
1608 2945 1942 3014 ἀναπληρῶν

352 3041 414 3108 ἐξ
460 3041 751 3108 ἀλλοτρίας
809 3039 944 3108 ὕλης
970 3080 985 3102 ,
1027 3038 1218 3109 ὥσπερ
1258 3037 1480 3106 ἀπορῶν
1538 3037 1708 3101 ίδίας;
1747 3036 1940 3089 Καίτοι

353 3135 404 3186 εί
457 3133 532 3203 μή
591 3149 644 3184 τι
675 3131 826 3194 ἄλλο,
862 3129 977 3182 ἀλλ’
1023 3130 1156 3182 αὐτό
1204 3145 1268 3198 γε
1323 3127 1481 3180 τοῦτο
1529 3127 1656 3191 τοὺς
1721 3127 1941 3189 ἀθλίους

2044 1765 2207 1822 terra,
2240 1773 2358 1827 quae
2385 1759 2509 1812 mali
2567 1773 2699 1825 opus
2759 1767 2866 1822 est,
2925 1756 3065 1821 tulit,
3122 1755 3290 1808 multa
3351 1753 3627 1806 hominum

2042 1847 2208 1900 millia
2265 1847 2520 1912 satiavit;
2573 1847 2735 1902 semel
2790 1847 3008 1915 quidem
3084 1846 3314 1913 panibus
3366 1843 3629 1910 quinque,

2035 1937 2231 1990 iterum
2265 1947 2444 1991 autem
2479 1937 2729 2007 septem?
2765 1937 2980 2004 Quanto
3011 1936 3152 1988 enim
3185 1935 3396 1992 melius,
3438 1944 3491 1986 et
3523 1929 3632 1984 Deo

2034 2029 2250 2100 dignius
2297 2037 2440 2096 erat,
2478 2045 2582 2083 non
2629 2029 2820 2083 alienis
2877 2028 3163 2087 fructibus,
3216 2024 3310 2080 sed
3375 2025 3631 2093 propriis.

2033 2134 2128 2174 eos
2156 2135 2295 2189 quos
2354 2119 2692 2181 instituebat,
2745 2115 3028 2171 saturare?
3081 2115 3194 2169 lmo
3241 2129 3370 2169 vero
3422 2129 3519 2168 cur
3578 2113 3631 2166 in

2034 2215 2210 2269 cibum
2257 2223 2311 2269 et
2371 2222 2553 2282 potum
2606 2212 2849 2266 adhibuit
2895 2225 2958 2263 ea
3011 2223 3131 2278 qua;
3195 2207 3405 2261 fructus
3477 2216 3633 2258 erant

2035 2321 2256 2374 cperunt
2291 2306 2452 2360 mali?
2487 2306 2592 2358 Aut
2635 2319 2731 2356 cur
2787 2303 3044 2371 praecepit
3085 2299 3261 2363 nobis,
3315 2310 3372 2351 ut
3408 2313 3438 2351 a
3493 2297 3635 2350 bona

2037 2401 2197 2453 Patre
2242 2415 2436 2469 panem
2505 2398 2883 2467 quotidianum
2947 2393 3302 2463 peteremus?
3358 2389 3635 2443 Prteterea

2040 2509 2134 2546 cur
2166 2492 2292 2547 cazci
2324 2491 2512 2546 oculos
2542 2505 2760 2554 curans,
2791 2503 2896 2542 non
2935 2502 3003 2542 ex
3034 2487 3137 2540 alia
3172 2483 3416 2550 materia,
3444 2483 3536 2537 sed
3567 2497 3632 2536 ex

2041 2597 2176 2638 terra
2213 2595 2268 2639 et
2297 2599 2456 2652 aqua,
2491 2598 2609 2650 qua:
2648 2580 2772 2634 mali
2815 2589 2960 2646 sunt,
3018 2592 3210 2632 novam
3268 2574 3478 2628 videndi
3528 2575 3633 2625 vim

2041 2675 2264 2728 tribuit?
2298 2685 2549 2742 tanquam
2581 2687 2700 2725 cum
2756 2670 2977 2724 inimico
3019 2670 3092 2722 ita
3142 2679 3256 2719 rem
3311 2663 3631 2734 partiretur,

2041 2781 2097 2823 ut
2137 2768 2392 2837 majorem
2453 2765 2499 2819 ei
2560 2774 2763 2832 partem
2824 2762 3170 2831 relinqueret,
3224 2759 3336 2822 ipse
3406 2756 3633 2809 alteram

2039 2861 2285 2928 expleret
2309 2874 2371 2910 ex
2396 2857 2571 2911 aliena
2602 2854 2849 2922 materia,
2905 2863 3160 2920 tanquam
3217 2849 3433 2919 propria
3487 2845 3632 2899 iudi-

2041 2950 2226 3022 geret?
2253 2950 2572 3018 Quanquam
2607 2946 2650 3000 si
2686 2945 2817 3000 nihil
2846 2943 2989 2996 aliud
3022 2941 3264 2995 infelices
3293 2940 3427 2993 istos
3467 2940 3637 2990 luere-

2043 3045 2178 3100 ticos
2217 3051 2481 3105 moveret,
2546 3041 2648 3093 hac
2706 3038 2821 3091 sula
2881 3035 3111 3104 hujusce
3165 3033 3236 3086 rei
3301 3030 3636 3086 admiranda

2043 3134 2475 3192 consideratione
2517 3133 2774 3186 deberent
2826 3127 3164 3196 resipiscere,
3214 3124 3352 3192 quod
3382 3122 3472 3191 qui
3508 3135 3635 3172 vero

353 3225 464 3279 ἔδει
511 3226 944 3298 δυσωπηθῆναι,
993 3226 1092 3279 καὶ
1148 3227 1522 3296 κατανοῆσαι,
1573 3227 1655 3278 ὅτι
1712 3225 1879 3294 ὅντως
1913 3227 1940 3277 ὁ

2045 3227 2200 3281 tinxit
2227 3227 2442 3281 oculum
2472 3239 2536 3278 ex
2567 3223 2700 3286 luto,
2736 3221 2825 3275 ille
2857 3221 2974 3289 ipse
3003 3227 3109 3281 est,
3133 3216 3222 3286 qui
3259 3216 3324 3268 ab
3357 3213 3510 3266 initio
3536 3211 3634 3263 ho-

354 3317 568 3381 πλάσας
620 3320 714 3371 τὸν
766 3319 1046 3388 ὀφθαλμὸν
1108 3321 1173 3373 ὲκ
1233 3319 1426 3389 πηλοῦ.
1462 3319 1603 3382 Οἴας
1638 3320 1749 3390 γὰρ
1809 3318 1942 3386 ὕλης

355 3415 474 3466 ἐστὶ
498 3412 559 3465 τὸ
589 3413 790 3482 μέρος,
821 3412 919 3482 τῆς
949 3411 1117 3481 αὐτῆς
1157 3412 1254 3465 καὶ
1293 3413 1352 3466 τὸ
1382 3412 1501 3464 ὅλον
1525 3452 1540 3478 ,
1590 3413 1684 3465 καὶ
1719 3411 1778 3464 ὃν
1819 3413 1943 3482 ἔσχε

353 3506 416 3559 τὸ
461 3506 582 3559 ὅλον
632 3504 1009 3577 δημιουργὸν,
1052 3504 1144 3558 τὸν
1185 3506 1351 3559 αὐτὸν
1395 3507 1490 3557 καὶ
1525 3506 1584 3556 τὸ
1621 3505 1806 3576 μέρος.

441 3709 501 3762 ’0
546 3707 752 3779 Κύριος
800 3709 958 3778 ἡμῶν
1009 3707 1219 3774 Ἰησοῦς
1267 3707 1503 3778 Χριστὸς
1551 3707 1643 3758 ἐπὶ
1676 3705 1734 3756 τὸ
1776 3704 1946 3766 πάθος

361 3801 802 3872 παραγινόμενος
867 3802 1075 3872 Κύριον
1133 3802 1327 3855 ἑαυτὸν
1367 3800 1464 3870 τῆς
1519 3799 1643 3851 ὄνου
1697 3798 1794 3852 καὶ
1845 3797 1940 3850 τοῦ

360 3890 546 3944 πώλου
598 3892 847 3962 ἀπέφηνε
893 3892 1030 3961 πρὸς
1083 3891 1212 3954 τοὺς
1261 3890 1535 3961 μαθητάς.
1567 3888 1677 3940 Καὶ
1705 3890 1816 3958 γὰρ
1853 3887 1949 3955 δη-

362 3984 776 4053 μιουργήματα,
829 3986 922 4037 καὶ
967 3983 1067 4054 τῆς
1097 3983 1295 4037 ἑαυτοῦ
1345 3981 1671 4052 κυριότητος
1715 3982 1810 4032 καὶ
1869 3980 1954 4032 δε-

361 4076 618 4137 σποτείας
660 4074 852 4144 ὥσπερ
891 4078 918 4128 ὁ
972 4081 1200 4146 κόσμος,
1252 4077 1347 4128 καὶ
1399 4075 1469 4126 τὰ
1501 4076 1558 4125 ἐν
1608 4072 1776 4142 αὐτῷ,
1811 4071 1953 4124 οὕτω

361 4165 458 4218 καὶ
518 4165 718 4220 ταῦτα.
775 4166 867 4218 Διό
921 4185 1114 4237 φησιν,
1156 4167 1302 4221 Ἐάν
1357 4185 1448 4231 τις
1508 4164 1654 4232 ὑμῖν
1688 4164 1828 4232 εἴπῃ
1878 4183 1953 4227 τι,

360 4255 547 4322 ἐρεῖτε
577 4257 667 4309 ὅτι
723 4257 787 4310 '0
833 4257 1053 4325 Κύριος
1099 4258 1296 4313 αὐτῶν
1350 4261 1561 4328 χρείαν
1603 4257 1749 4327 ἔχει.
1785 4259 1853 4311 Ἦ
1894 4259 1951 4311 δὲ

361 4352 672 4405 ἀποστασία
701 4352 802 4405 οὐκ
831 4353 1084 4422 ἀνέχεται
1129 4352 1289 4404 τοῦτο
1308 4392 1322 4415 ,
1359 4352 1496 4404 ἀλλὰ
1524 4352 1623 4420 τῆς
1669 4351 1835 4404 αὑτοῦ
1866 4350 1953 4418 ἑξ-

363 4443 552 4506 ουσίας
585 4442 909 4514 ἁρπάζουσα
941 4443 1048 4496 ὑπὸ
1077 4443 1177 4510 τὴν
1217 4441 1586 4512 δημιουργίαν
1625 4443 1808 4494 τάττει
1855 4442 1949 4493 τοῦ

371 4553 503 4606 πονη
513 4535 606 4604 ροῦ
617 4573 630 4587 .
863 4539 866 4542 ’

437 4629 616 4697 Ὅπερ
672 4627 720 4679 οἱ
774 4625 994 4689 ἀσεϐεῖς
1051 4627 1133 4689 είς
1202 4624 1545 4696 παράστασιν
1593 4624 1687 4677 τοῦ
1738 4625 1941 4676 οἰκείου

368 4720 766 4791 προϐάλλονται
840 4718 1298 4788 δυσσεϐήματος,
1370 4718 1562 4786 ὅτιπερ
1615 4716 1774 4786 ἄρχει
1835 4717 1942 4774 τῶν

363 4811 626 4878 ἐπιγείων
673 4811 702 4862 ὁ
753 4808 1009 4880 πονηρὸς,
1065 4809 1432 4878 πλανηθέντες
1480 4811 1589 4862 ἀπὸ
1618 4809 1711 4862 τοῦ
1765 4811 1941 4862 εἰπεῖν

363 4905 528 4959 αὐτὸν
581 4903 671 4956 ὅτε
722 4901 802 4970 τῷ
853 4900 1076 4973 Χριστῷ
1128 4901 1223 4960 τὰς
1275 4900 1553 4968 ἐπιγείους
1607 4899 1787 4961 πάσας
1847 4901 1944 4960 βα-

366 4995 571 5058 σιλείας
626 4993 928 5060 ὑπέδειξεν,
974 4995 1056 5048 ὅτι
1113 4992 1311 5047 Ταῦτα
1357 4993 1554 5048 πάντα
1600 5009 1701 5048 σοι
1745 4993 1939 5056 δώσω,

367 5089 476 5141 ἐὰν
527 5086 736 5140 πεσὼν
782 5085 1226 5155 προσκυνήσῃς
1253 5103 1356 5154 μοι
1381 5125 1396 5150 ,
1449 5085 1608 5139 τοῦτο
1645 5086 1828 5148 αὐτοῖς
1868 5090 1948 5149 εἰς

369 5178 430 5231 τὸ
457 5178 686 5248 μηδενὸς
711 5178 892 5231 αὐτῶν
912 5179 1104 5247 ἄρχειν
1131 5179 1221 5230 τὸν
1255 5177 1490 5246 πονηρὸν
1516 5177 1944 5246 ἀντέστραπται.

371 5273 630 5342 Ψεύστης
665 5272 774 5341 γὰρ
823 5270 920 5339 ὢν,
969 5272 1064 5324 καὶ
1118 5269 1346 5339 ψεύδους
1382 5270 1662 5339 ἀρχηγὸς,
1720 5271 1816 5322 καὶ
1853 5272 1950 5322 ob-

372 5364 563 5417 ίέποτε
597 5367 656 5416 ὲν
686 5367 752 5433 τῇ
787 5362 1016 5434 ἀληθείᾳ
1045 5362 1328 5433 έστηκὼς,
1371 5361 1446 5424 ὡς
1485 5364 1512 5414 ὁ
1544 5361 1749 5431 Κύριος
1792 5363 1951 5430 ἡμῶν

373 5457 646 5520 ἐδίδαξεν,
695 5460 855 5522 αὐτὸς
903 5459 1098 5510 ἑαυτὸν
1131 5458 1354 5510 ἀνεῖπεν
1386 5455 1626 5525 ἄρχοντα
1670 5456 1779 5507 τῶν
1827 5457 1951 5508 ὲπι-

319 5610 322 5612 ,
374 5567 561 5617 γειων.

1976 4533 2029 4594 D

2047 3323 2246 3374 minem
2275 3334 2340 3373 ex
2373 3317 2485 3372 luto
2525 3313 2796 3369 formavit.
2836 3310 3004 3379 Cujus
3059 3308 3201 3362 enim
3235 3305 3477 3359 materiae
3511 3316 3636 3370 pars

2045 3423 2148 3474 est.
2183 3413 2512 3466 illiustotum
2536 3417 2640 3462 est.
2669 3406 2734 3459 Et
2760 3419 2922 3474 quem
2956 3411 3127 3456 totum
3149 3399 3341 3455 habuit
3364 3397 3637 3466 opiliecm,

2047 3506 2196 3560 illum
2233 3504 2423 3559 habuit
2458 3511 2512 3558 et
2544 3516 2690 3570 pars.

2123 3707 2385 3760 Dominus
2418 3713 2603 3756 noster
2629 3701 2789 3755 Jesus
2836 3699 3104 3759 Christus,
3142 3709 3263 3748 eum
3297 3693 3362 3745 ad
3411 3699 3639 3744 mortem

2051 3799 2526 3870 appropinquaret,
2583 3809 2642 3848 se
2695 3792 2834 3845 asini
2893 3801 2946 3842 et
2996 3786 3126 3857 pulli
3180 3786 3464 3838 υοιιιιιιιιιιι
3519 3796 3641 3834 esse

2050 3891 2328 3959 discipulis
2384 3887 2705 3944 declaravit.
2773 3883 2984 3936 Etenim
3079 3894 3242 3949 opera
3313 3877 3455 3929 illius
3515 3883 3641 3927 sunt

2053 3983 2451 4041 dominationis
2488 3991 2542 4034 et
2565 3978 2843 4050 potentias,
2898 3983 2960 4030 ut
2991 3973 3240 4033 mundus,
3298 3981 3352 4022 et
3407 3983 3528 4036 quze
3587 3965 3639 4018 in

2055 4075 2254 4132 mundo
2283 4080 2433 4138 sunt,
2468 4073 2547 4126 sic
2587 4073 2748 4124 etiam
2803 4069 2937 4122 haec.
3003 4063 3362 4132 Quamobrem
3416 4059 3492 4112 ait
3528 4077 3540 4110 :
3581 4057 3641 4111 Si

2053 4171 2170 4240 quis
2217 4169 2359 4223 rubis
2439 4164 2642 4235 aliquid
2705 4162 2918 4225 dixerit,
2988 4157 3316 4227 respondete,
3381 4153 3642 4206 Dominus

2055 4265 2239 4316 horum
2271 4278 2399 4328 opus
2450 4261 2602 4313 habet
2639 4259 2683 4311 '.
2717 4259 2787 4310 At
2838 4255 3062 4310 ha'resis
3102 4254 3326 4307 istorum
3378 4253 3480 4306 hoc
3536 4247 3641 4316 pati

2054 4371 2161 4410 non
2193 4363 2388 4422 potest,
2421 4352 2513 4406 sed
2566 4353 2680 4404 haec
2739 4349 2904 4418 ipsius
2958 4348 3198 4401 adimens
3250 4343 3526 4411 potestati,
3581 4357 3642 4392 ea

2059 4447 2183 4501 mali
2207 4445 2457 4500 attribuit
2484 4443 2718 4514 Opiﬁcio.

2125 4605 2276 4672 Quod
2309 4603 2458 4672 impii
2486 4602 2579 4656 isti
2606 4602 2671 4654 ad
2708 4615 2859 4654 suam
2911 4597 3342 4653 conﬁrmandam
3408 4594 3644 4648 aﬂ'erunl

2046 4698 2404 4767 impietatem,
2443 4711 2547 4764 qua
2581 4692 2780 4746 malum
2835 4704 3014 4744 rerum
3049 4690 3386 4743 terrestrium
3438 4686 3644 4754 princi-

2045 4807 2161 4858 pem
2186 4803 2306 4842 esse
2332 4787 2679 4847 contendunt,
2713 4800 2776 4837 ea
2826 4798 2883 4836 re
2904 4783 3134 4848 decepti,
3165 4780 3307 4848 quod
3348 4781 3464 4846 ipse
3491 4777 3649 4831 Chri-

2045 4894 2128 4936 sto
2159 4879 2540 4934 demonstratis
2558 4879 2808 4929 omnibus
2839 4875 3024 4928 mundi
3049 4875 3227 4941 regnis
3249 4871 3446 4923 dixerit
3473 4889 3486 4924 :
3518 4869 3645 4923 "th

2045 4974 2220 5027 omnia
2252 4973 2344 5024 tibi
2372 4972 2528 5036 dabo,
2565 4971 2611 5022 si
2641 4977 2936 5037 prostratus
2993 4965 3292 5019 adoraveris
3333 4979 3415 5016 me
3447 4964 3489 5027 ³,
3519 4964 3646 5018 illud

2048 5065 2223 5131 ipsum
2255 5063 2475 5117 deberet
2502 5061 2605 5114 illis
2634 5059 2894 5121 indicare,
2927 5057 3126 5110 malum
3161 5053 3363 5107 nullius
3390 5054 3635 5122 ipsorum

2051 5174 2171 5212 esse
2202 5157 2500 5210 dominum.
2537 5153 2672 5206 Cum
2710 5151 2851 5204 enim
2892 5151 3118 5202 mendax
3165 5149 3254 5209 sit,
3288 5158 3341 5200 et
3369 5146 3639 5198 nnrmlacii

2053 5252 2324 5319 princeps,
2349 5262 2578 5315 cumque
2609 5259 2883 5312 nunquam
2913 5242 3127 5296 steterit
3177 5243 3228 5293 in
3268 5241 3511 5296 veritate,
3575 5246 3631 5286 ιιι

2061 5345 2318 5400 Dominus
2349 5351 2532 5396 noster
2557 5337 2742 5393 docuit
2773 5341 2815 5402 ⁵.
2848 5337 2962 5407 ipse
2991 5348 3049 5391 se
3081 5349 3260 5388 rerum
3294 5329 3634 5385 terrestrimn

2063 5435 2276 5503 negavit
2309 5445 2429 5486 esse
2451 5430 2772 5501 principem.

447 5737 464 5768 ‘
493 5734 650 5791 Joan.
684 5733 832 5800 I,lO.
910 5736 929 5766 ³
958 5734 1145 5789 Matth.
1202 5747 1314 5799 XXI,
1367 5735 1420 5790 5.
1497 5730 1531 5802 '_
1565 5729 1756 5784 Matth.
1809 5745 1882 5794 tv,
1937 5727 1991 5782 9.
2069 5728 2091 5759 ⁵
2125 5726 2280 5786 Joan.
2321 5742 2442 5795 vni,
2475 5727 2562 5782 44.
