4132 6424
518 423 653 489 1211

1175 612 1442 667 videlicet.

592 725 671 792 Si,
697 735 755 778 ut
791 734 1035 779 amentes
1067 725 1154 780 isti
1187 727 1451 789 sentiunt,
1481 728 1654 782 bonus
1686 743 1926 782 animam
1961 728 2110 792 facit,

519 833 714 885 corpus
750 827 930 871 autem
957 818 1154 881 malus,
1189 821 1464 887 quomodo
1514 822 1712 889 patitur
1767 822 1941 874 bonus
1987 836 2109 874 cum

481 912 648 966 :tuali
711 926 877 979 opere
922 927 1058 980 opus
1117 928 1275 967 suum
1339 912 1630 980 coniungi,
1689 923 1782 965 aut
1839 912 2113 978 quomodo

518 1004 753 1058 sustinet
812 1003 988 1056 malus
1051 1005 1191 1058 hanc
1240 1003 1726 1072 conjunctiouem?
1789 1002 2115 1068 Coujuuctio

518 1096 663 1150 enim
699 1107 792 1149 aut
839 1110 1037 1166 corpus
1063 1095 1265 1149 bonum
1294 1095 1510 1160 efficiet,
1557 1109 1679 1148 cum
1734 1110 1948 1163 aequum
2007 1110 2113 1148 non

519 1189 614 1251 sit,
650 1198 708 1240 ut
735 1191 907 1241 bonus
944 1185 1069 1240 mali
1109 1202 1243 1254 opus
1274 1188 1473 1240 bonum
1505 1187 1716 1251 reddat,
1755 1195 1848 1240 aut
1876 1187 2111 1239 animam

520 1281 744 1347 malam,
777 1280 920 1350 quod
957 1281 1132 1347 magis
1162 1279 1329 1334 etiam
1383 1279 1681 1334 absurdum
1732 1289 1835 1344 est,
1886 1291 1946 1332 ut
1988 1279 2111 1333 boui

518 1391 658 1445 opus
684 1376 755 1430 ab
781 1389 943 1442 opere
975 1374 1097 1428 mali
1141 1375 1486 1441 depravelur.
1544 1375 1672 1440 Qum
1697 1388 1857 1443 porro
1884 1373 2117 1427 societas

522 1471 626 1522 luci
655 1484 778 1523 cunt
825 1468 1081 1532 tenebris,
1134 1474 1229 1520 aut
1283 1481 1403 1536 quae
1452 1466 1765 1535 conjunctio
1826 1466 1937 1521 Deo
1992 1483 2116 1522 cum

518 1560 689 1615 Belial
722 1578 843 1616 esse
868 1568 1034 1631 queat
1063 1561 1122 1616 ίῖ

600 1653 649 1710 S;
684 1656 855 1707 malus
885 1664 1062 1724 potest
1094 1656 1252 1710 uobis
1280 1654 1505 1709 insidias
1557 1653 1755 1715 moliri,
1800 1667 1898 1708 nos
1932 1653 2114 1707 autem

518 1763 812 1817 possumus
836 1764 927 1801 eas
957 1758 1009 1802 et
1031 1748 1212 1803 anima
1234 1758 1290 1802 et
1324 1760 1552 1816 corpore
1570 1745 1868 1811 declinare,
1894 1761 2116 1814 corpus,

521 1839 664 1908 quod
692 1851 746 1894 et
796 1840 1023 1896 insidias
1077 1841 1195 1911 ejus
1251 1854 1465 1905 cavere,
1519 1849 1574 1893 et
1637 1854 1896 1910 superare
1950 1839 2112 1894 etiam

520 1944 687 2001 atque
716 1933 950 2002 dejicere
978 1948 1193 1988 omnem
1230 1931 1371 1987 illius
1427 1933 1686 2003 impetum
1720 1942 1922 2001 potest,
1969 1932 2112 1989 illius

518 2038 656 2091 opus
689 2038 795 2077 non
832 2031 937 2087 est,
977 2037 1077 2077 nec
1126 2024 1242 2094 ipse
1273 2022 1470 2089 malus,
1501 2024 1546 2080 si
1580 2038 1779 2095 corpus
1829 2024 1899 2079 ab
1934 2039 1999 2081 eo
2033 2024 2115 2081 fa-

520 2121 668 2168 ctum
724 2123 893 2177 esset,
930 2112 1192 2167 adversus
1252 2114 1426 2182 ipsqu
1474 2123 1850 2183 consurgeret.
1905 2115 2115 2171 Animae

522 2206 691 2274 igitur
718 2215 773 2258 et
820 2207 1068 2274 corporis
1118 2206 1393 2278 Opiﬁcium
1434 2208 1503 2264 ad
1537 2208 1812 2264 contraria
1845 2211 2113 2281 principia

519 2297 715 2354 referri
750 2314 858 2354 non
895 2310 1145 2371 possunt.

596 2562 648 2618 Si
681 2578 881 2634 corpus
902 2580 931 2619 a
968 2566 1110 2621 malo
1142 2565 1451 2623 confectum
1476 2577 1581 2635 est,
1617 2572 1897 2639 quomodo
1930 2573 2109 2627 maxi-

518 2671 604 2708 ma
634 2669 730 2725 per
761 2656 890 2710 illud
920 2657 1056 2711 bona
1083 2658 1413 2729 peragimus,
1444 2662 1860 2731 temperatique,
1893 2674 1948 2718 et
1976 2679 2112 2719 con-

521 2746 780 2811 tinentes,
833 2756 887 2801 et
935 2749 1244 2817 vigilantes,
1289 2757 1341 2804 et
1401 2752 1467 2806 ad
1535 2752 1779 2822 pericula
1832 2754 2112 2811 subeunda

521 2840 881 2909 martyr-iique
915 2840 1131 2897 labores
1147 2843 1502 2912 perferendos
1544 2845 1714 2901 fortes
1735 2847 1960 2902 sumus?
1983 2849 2113 2914 Quae

516 2929 734 2998 quidem
757 2932 940 2985 omnia
992 2948 1114 2987 cum
1169 2934 1417 3003 corporis
1478 2936 1662 3005 potius
1701 2953 1866 3006 quam
1918 2941 2113 2995 animae

517 3023 649 3088 sint,
690 3025 757 3078 ad
794 3024 1168 3081 Procreatoris
1198 3026 1425 3097 gloriam
1459 3025 1795 3083 referuntur.
1828 3030 2112 3097 Quomodo

517 3117 686 3189 igitur
715 3132 850 3188 opus
883 3119 1008 3173 mali
1038 3118 1169 3174 facit
1194 3134 1257 3175 ea
1291 3134 1414 3190 quae
1444 3122 1587 3176 bona
1618 3131 1771 3190 sunt,
1797 3138 1964 3194 seque
1994 3125 2114 3179 ani-

518 3227 621 3265 mae
650 3213 857 3266 socium
915 3212 1121 3281 praebet
1174 3213 1241 3265 ad
1295 3227 1358 3266 ea
1417 3214 1768 3283 perficienda,
1832 3231 1951 3287 qua:
2005 3219 2108 3283 nisi

516 3304 692 3370 ipsum
723 3306 963 3368 adesset,
988 3305 1250 3372 perlicere
1279 3321 1383 3359 non
1408 3306 1726 3375 iudicatur?

588 3395 647 3451 Si
677 3410 875 3466 corpus
907 3395 1220 3466 figmentum
1252 3406 1335 3452 est
1367 3397 1515 3464 mali,
1565 3399 1837 3468 quomodo
1861 3402 1951 3470 qui
1997 3418 2112 3457 ma~

516 3486 627 3541 lum
656 3486 916 3556 praeclare
945 3496 1247 3557 oppugnat,
1280 3486 1482 3542 Paulus
1512 3489 1685 3558 ipsum
1713 3492 1946 3562 appellat
1987 3509 2118 3548 san-

514 3580 698 3634 etum?
735 3578 990 3649 lunuptn,
1023 3580 1215 3649 inquit,
1244 3581 1435 3651 quterit
1461 3597 1580 3646 qua:
1610 3592 1733 3636 sunt
1779 3583 2009 3652 Domini,
2056 3596 2115 3640 ut

514 3676 584 3728 sit
617 3684 797 3728 sancta
824 3686 874 3729 et
915 3686 1197 3744 corporeet
1244 3677 1433 3745 spiritu
1457 3676 1501 3729 ¹¹.
1546 3675 1704 3742 Quod
1753 3676 1801 3732 si
1856 3685 2104 3734 sanctum

513 3778 598 3820 est
627 3781 847 3834 corpus,
874 3767 1145 3834 quomodo
1177 3768 1402 3831 malum,
1430 3777 1520 3821 aut
1551 3783 1580 3821 a
1616 3769 1759 3823 malo
1799 3771 2108 3825 confectum

515 3855 751 3923 culice?
785 3857 1046 3912 Actiones
1077 3857 1222 3910 enim
1258 3857 1410 3911 malae
1469 3858 1784 3925 figmentum
1836 3859 1962 3914 boni
2018 3860 2116 3916 Dei

520 3959 902 4020 depravantes,
939 3951 1233 4021 subjiciunt
1266 3952 1395 4006 illud
1418 3952 1581 4018 «italo,
1625 3963 1685 4006 ut
1715 3955 1788 4008 sit
1835 3956 2115 4024 praprium

513 4043 708 4110 ipsius.
739 4043 810 4098 At
838 4044 882 4097 si
910 4045 962 4098 in
986 4045 1199 4113 opiﬁcis
1227 4044 1310 4098 sui
1341 4044 1551 4111 legibus
1582 4046 1969 4112 permanserit,
2000 4047 2113 4099 vim

517 4136 683 4190 habet
710 4139 907 4205 potius,
930 4148 989 4191 ut
1013 4137 1211 4191 malum
1238 4145 1605 4205 persequatur
1629 4144 1682 4190 et
1709 4145 2119 4206 superet,quam

515 4237 576 4284 ut
599 4230 651 4282 in
679 4230 796 4299 ejus
827 4228 1111 4299 redigatur
1138 4229 1484 4285 servitutem.

594 4407 652 4462 Si
678 4422 879 4477 corpus
899 4423 929 4463 a
963 4409 1105 4463 malo
1133 4408 1419 4464 conﬂatum
1440 4408 1541 4473 esl,
1566 4424 1665 4464 cur
1690 4418 1912 4479 propter
1934 4409 2118 4465 Laza-

514 4498 560 4554 ri
589 4512 805 4569 corpus,
837 4499 979 4568 quod
1027 4500 1329 4564 interierat.
1381 4500 1515 4556 luxit
1546 4500 1837 4558 Christus?
1865 4518 1961 4557 cur
1993 4503 2120 4558 mali

1772 433 2159 495 EUTHYMII
2201 433 2559 494 ZlGVBENl

519 536 693 593 Unum
743 556 855 597 esse
902 541 1140 611 corporis
1176 542 1473 610 animmque
1525 542 1844 612 eﬂ'ectorcm,
1886 543 2109 598 hominis
2144 547 2186 602 Α

2282 542 2404 595 Ὅτι
2454 536 2542 606 εἷς
2597 539 2961 606 δηιιιουργνᾶς
3007 541 3113 593 τοῦ
3162 541 3439 607 σώματος
3490 540 3589 595 καί
3623 538 3733 609 τῆς

2520 609 2769 679 ψυχῆς,
2825 610 2957 677 ἤτοι
3006 611 3112 664 τοῦ
3158 611 3501 680 ἀνθρώπου.

2288 724 2351 776 Εἰ
2410 725 2437 777 6
2493 725 2696 790 ἀγαθός
2746 725 2846 792 μὲν
2901 725 3002 796 τὴν
3056 723 3240 796 ψυχὴν
3296 726 3624 800 δημιουργεῖ
3666 731 3814 784 κατά

2213 817 2341 876 τοὺς
2380 817 2665 884 ἀνοήτους,
2699 817 2725 867 ό
2756 816 2811 868 δὲ
2838 817 3073 886 πονηρὸς
3097 820 3157 870 τὸ
3180 818 3363 886 σῶμα,
3398 820 3515 883 πῶς
3544 821 3815 890 ἠνέσχετο

2214 911 2241 962 ὁ
2289 908 2491 975 ἀγαθὸς
2536 908 2804 977 ἑνωθῆναι
2845 909 2908 961 τὸ
2938 910 3169 978 πλάσμα
3203 910 3373 962 αὐτοῦ
3410 912 3489 977 τῷ
3526 912 3816 982 πλάσματι

2215 1001 2312 1054 τοῦ
2350 1001 2626 1070 πονηροῦ;
2679 1000 2800 1062 Πῶς
2848 1001 2904 1053 δὲ
2948 1006 3043 1054 καὶ
3089 1003 3353 1071 ὑπέμεινε
3396 1003 3495 1074 τὴν
3545 1005 3747 1058 ἕνωσιν
3788 1009 3817 1059 6

2216 1095 2475 1164 πονηρός;
2520 1093 2585 1147 Ἦ
2618 1094 2727 1163 γὰρ
2769 1093 2966 1158 ἓνωσις
2995 1095 3028 1166 ἢ
3057 1096 3458 1166 ἀγαθοποιήσει
3505 1098 3566 1150 τὸ
3604 1099 3770 1168 σῶμα
3796 1138 3813 1163 ,

2215 1187 2276 1238 οὐ
2328 1187 2435 1257 χρὴ
2483 1186 2538 1240 δὲ
2601 1186 2662 1239 τὸ
2717 1188 2924 1252 ἀγαθὸν
2966 1189 3063 1241 τοῦ
3094 1190 3272 1241 κακοῦ
3305 1189 3366 1241 τὸ
3403 1189 3569 1259 ἔργον
3603 1192 3815 1258 ἀγαθὸν

2218 1282 2391 1331 ποιεῖν
2414 1319 2428 1342 ,
2462 1279 2493 1345 ἢ
2524 1281 2883 1349 κακοποιήσει
2910 1280 3010 1351 τὴν
3033 1280 3233 1351 ψυχὴν,
3267 1283 3403 1351 ὅπερ
3436 1283 3812 1352 ἀτοπώτερον,

2220 1369 2550 1439 βλάπτεσθαι
2582 1371 2639 1424 τὸ
2675 1372 2881 1437 ἀγαθὸν
2904 1372 3306 1442 δημιούργημα
3335 1374 3491 1443 παρά
3526 1376 3619 1427 τοῦ
3647 1392 3816 1445 πονη-

2221 1459 2314 1530 ροῦ
2342 1460 2678 1529 πλάσματος.
2704 1463 2914 1527 ’Ἄλλως
2935 1480 2993 1516 τε
3020 1464 3078 1517 δὲ
3106 1465 3189 1527 τίς
3209 1466 3466 1520 κοινωνία
3496 1466 3640 1534 φωτὶ
3678 1469 3816 1536 πρὸς

2223 1551 2452 1618 σκότος;
2495 1551 2579 1605 τίς
2624 1552 2681 1606 δὲ
2730 1554 3087 1624 συμφώνησις
3123 1555 3243 1625 Θεῷ
3280 1556 3417 1628 πρὸς
3455 1555 3691 1628 Βελίαρς

2303 1642 2360 1694 'U
2399 1645 2497 1712 μὲν
2526 1645 2759 1715 πονηρὸς
2786 1645 3014 1701 δύναται
3052 1648 3200 1717 ἡμᾶς
3232 1648 3473 1718 ἐνοχλεῖν
3494 1691 3510 1714 ,
3558 1652 3723 1719 ἡμεῖς
3758 1650 3820 1703 δὲ

2219 1732 2504 1805 δυνάμεθα
2545 1738 2934 1807 διακρούεσθαι
2982 1739 3080 1809 τὴν
3135 1740 3359 1811 ὄχλησιν
3408 1742 3572 1795 αὐτοῦ
3613 1743 3703 1796 διά
3755 1762 3820 1797 τε

2200 1824 2400 1896 ’ψυχῆς
2449 1829 2544 1879 καὶ
2593 1828 2869 1901 σώματος.
2921 1831 2983 1883 Εἰ
3031 1830 3090 1885 δὲ
3123 1832 3184 1884 τὸ
3226 1833 3388 1901 σῶμα
3421 1834 3580 1904 ἡμῶν
3638 1837 3821 1906 ἰσχύει

2220 1920 2518 1975 διώσασθαι
2580 1923 2684 1992 τὴν
2744 1924 3052 1995 προσϐολὴν
3115 1925 3324 1991 αὐτοῦ,
3385 1928 3479 1980 καὶ
3535 1929 3599 1981 οὗ
3656 1931 3821 1983 τοῦτο

2222 2013 2426 2083 μόνον,
2495 2013 2633 2068 ἀλλὰ
2696 2017 2791 2068 καὶ
2842 2019 3274 2087 περιγενέσθαι,
3312 2021 3430 2093 *καὶ
3481 2021 3819 2075 καταϐαλεῖν

2218 2104 2384 2158 αὐτοῦ
2416 2108 2599 2159 πᾶσαν
2630 2108 2884 2179 μηχανήν
2909 2122 2923 2139 ο
2976 2108 3092 2172 πῶς
3124 2111 3272 2163 ἐστιν
3315 2111 3523 2174 ἐκεῖνος
3566 2112 3819 2182 πλάστης

2216 2196 2428 2265 αὐτοῦς
2490 2199 2612 2261 πῶς
2668 2199 2715 2251 δ’
2764 2198 2832 2253 ἂν
2891 2200 2919 2252 6
2974 2201 3212 2273 πονηρὸς
3272 2202 3415 2256 κατὰ
3463 2204 3556 2257 τοῦ
3606 2206 3817 2259 οἰκείου

2217 2291 2541 2355 πλάσματος
2572 2291 2968 2362 πονηρεύοιτος
3017 2294 3302 2348 ’Δδύνατον
3334 2295 3429 2350 οῦν
3457 2299 3537 2361 εἰς
3570 2298 3822 2352 ἀντικει-

2219 2385 2387 2455 μένας
2422 2385 2798 2457 ἀναφέρεσθαι
2829 2386 2930 2456 τὴν
2957 2385 3330 2463 δημιουργίαν
3359 2391 3458 2461 τῆς
3499 2391 3684 2463 ψυχῆς
3716 2393 3819 2446 καὶ

2213 2475 2310 2529 τοῦ
2343 2476 2623 2548 σώματος.

2286 2569 2349 2621 Εἰ
2387 2569 2449 2622 τὸ
2482 2570 2641 2641 σῶμά
2671 2571 2788 2625 ἐστι
2842 2570 2937 2625 τοῦ
2984 2573 3225 2645 πονηροῦ
3283 2575 3514 2647 κτίσμα,
3571 2576 3691 2640 πῶς
3744 2577 3823 2632 δι’

2214 2659 2383 2713 αὐτοῦ
2416 2661 2484 2714 τὰ
2532 2662 2766 2731 μέγιστα
2799 2663 2912 2716 τῶν
2957 2665 3408 2734 κατορθωμάτων
3463 2668 3813 2739 πράττομεν,

2217 2752 2597 2823 σωφροσύνην,
2632 2753 2984 2823 ἐγκράτειαν.
3035 2756 3343 2825 ἀγρυπνίαν
3367 2796 3382 2823 ,
3427 2760 3635 2826 στάσιν,
3674 2761 3815 2831 προς

2214 2845 2284 2896 τὰ
2325 2845 2478 2898 δεινά
2532 2847 2875 2919 καρτερίαν,
2932 2848 3243 2919 μαρτυρίου
3279 2851 3503 2917 πόνους,
3551 2852 3587 2905 δι
3630 2853 3813 2907 πάντα

2216 2939 2470 3005 σώματος
2517 2938 2724 3010 μᾶλλον
2755 2940 2886 2993 ὄντα
2924 2941 2956 3011 ἢ
2987 2940 3191 3011 ψυχῆς,
3223 2944 3305 3005 εἰς
3348 2942 3507 3009 δόξαν
3537 2945 3815 3016 ἀναφέρε-

2215 3042 2306 3078 ται
2333 3026 2424 3079 τοῦ
2447 3028 2813 3099 δημιουργοῦ;
2846 3029 2972 3093 Πῶς
2997 3025 3091 3083 οὖν
3119 3033 3183 3082 τὸ
3201 3030 3416 3100 ποίημα
3441 3032 3533 3085 τοῦ
3567 3034 3815 3105 πονηροῦ

2219 3119 2451 3189 πράττει
2488 3120 2553 3172 τὰ
2604 3120 2809 3189 ἀγαθὰ,
2859 3122 2954 3175 καὶ
3001 3124 3256 3192 συνεργεῖ
3296 3125 3363 3194 τῇ
3404 3124 3549 3195 ψυχῇ
3603 3142 3812 3199 κατορ-

2219 3210 2423 3275 θῶσαι,
2476 3211 2534 3275 ἃ,
2598 3212 2677 3282 μὴ
2746 3212 3055 3283 παρόντος,
3113 3211 3381 3286 οὖμενουν
3437 3217 3500 3269 οὐ
3553 3217 3813 3287 κρίνεται

2219 3302 2623 3374 κατορθώματα
2650 3320 2666 3369 ;

2292 3397 2354 3448 Ei
2400 3396 2461 3449 τὸ
2510 3397 2673 3466 σῶμα
2713 3395 2938 3467 πλάσμα
2989 3396 3085 3451 τοῦ
3144 3400 3428 3470 πονηροῦ,
3469 3402 3585 3465 πῶς
3638 3404 3665 3455 6
3713 3405 3813 3457 τοῦ

2219 3488 2462 3559 πονηροῦ
2526 3488 2798 3559 λαμπρῶς
2844 3493 3317 3562 καταστρατηγῶν
3378 3495 3592 3559 Παῦλος
3652 3496 3812 3565 ἅγιον

2217 3582 2350 3635 αὐτὸ
2376 3582 2536 3635 καλεῖ
2560 3599 2575 3643 ;
2619 3581 2688 3635 Ἢ
2713 3582 2943 3651 ἄγαμος
2966 3585 3101 3653 γὰρ,
3147 3588 3301 3656 φησὶ,
3325 3588 3583 3659 μεριμνᾷ
3608 3590 3681 3643 τὰ
3704 3592 3814 3646 τοῦ

2217 3672 2475 3738 Κυρίου,
2523 3670 2626 3724 ἵνα
2655 3666 2698 3741 ᾖ
2726 3671 2867 3739 ἁγία
2901 3672 2999 3726 καί
3033 3673 3264 3742 σώματι
3322 3676 3420 3729 καί
3488 3680 3808 3746 πνεύματι.

2219 3762 2284 3815 El.
2310 3763 2368 3815 δὲ
2403 3762 2559 3830 ἅγιον
2582 3762 2642 3815 τὸ
2676 3762 2859 3830 σῶμα,
2893 3763 3009 3828 πῶς
3044 3766 3305 3835 πονηρὸν,
3335 3767 3429 3820 καὶ
3458 3766 3624 3821 πόθεν
3648 3768 3814 3838 ἔργον

2217 3858 2583 3927 δημιουργίας
2640 3860 2932 3928 πονηρᾶς;
2994 3861 3229 3930 Πράξεις
3278 3863 3377 3931 μὲν
3428 3864 3540 3933 γὰρ
3573 3866 3815 3935 πονηραὶ

2219 3950 2646 4017 κιϐδηλεύουσαι
2685 3951 2747 4003 τὸ
2770 3951 2999 4021 πλάσμα
3037 3953 3132 4005 τοῦ
3162 3953 3372 4022 ἀγαθοῦ
3403 3954 3537 4008 Θεοῦ
3569 3957 3814 4011 ὑποτάσ-

2222 4058 2408 4096 σουσιν
2441 4041 2596 4107 αὐτὸ,
2653 4042 2747 4095 καὶ⁵
2793 4043 3061 4096 οἰκειοῦσι
3091 4043 3170 4114 τῷ
3211 4046 3467 4117 πονηρῷ⁶
3511 4049 3570 4102 ἐν
3598 4049 3654 4102 δὲ
3698 4054 3817 4115 τοῖς

2221 4135 2413 4202 νόμοις
2487 4134 2585 4185 τοῦ
2654 4134 2903 4188 πλάστου
2976 4133 3407 4206 διατηρούμενον
3478 4139 3632 4208 ἰσχὺν
3699 4142 3818 4211 ἔχει

2226 4227 2428 4294 μᾶλλον
2467 4227 2666 4280 διῶκον
2704 4227 2799 4280 τὸν
2841 4228 3109 4298 πονηρὸν,
3146 4229 3265 4283 ἀλλ’
3299 4230 3401 4284 οὐκ
3429 4231 3594 4297 αὐτὸς
3637 4235 3819 4289 ἐκεῖνο

2222 4317 2584 4387 δουλαγωγεί.
2658 4338 2663 4343 '

2295 4413 2358 4466 Εἰ
2401 4414 2462 4466 τὸ
2501 4413 2663 4483 σῶμά
2692 4413 2843 4467 ἐστιν
2873 4415 2939 4466 ὲκ
2985 4414 3080 4467 τοῦ
3113 4417 3391 4488 πονηροῦ,
3434 4418 3552 4482 πῶς
3588 4421 3682 4472 ἐπὶ
3714 4421 3816 4475 τοῦ

2223 4506 2479 4577 Λαζάρου
2519 4505 2979 4576 διαφθειρομένου
3027 4506 3123 4560 τοῦ
3173 4498 3427 4576 σώματος
3471 4511 3739 4565 ἔκλαυσεν
3787 4515 3819 4566 6

514 4607 651 4661 opus
676 4593 997 4649 dissolutum
1026 4594 1423 4665 constringere,
1450 4604 1504 4650 et
1545 4597 1808 4663 excitare,
1848 4605 2011 4667 atque
2063 4599 2114 4653 in

2223 4599 2493 4670 Χριστόςς
2548 4597 2647 4692 καὶ
2697 4598 2817 4661 πῶς
2845 4598 3091 4692 Ϊιθέλησε
3144 4599 3500 4692 διαλυόμενον
3538 4604 3598 4657 τὸ
3651 4605 3820 4675 ἔργον

513 4692 683 4745 vitam
715 4705 969 4746 revocare
999 4691 1198 4746 voluit?
1236 4691 1398 4760 idque
1430 4691 1590 4746 Patre
1626 4693 1850 4762 proprio
1895 4693 2119 4748 invoca-

517 4793 592 4848 to,
633 4792 692 4837 ut
719 4784 843 4839 mali
872 4787 1182 4854 figmentum
1239 4785 1378 4839 bene
1434 4795 1753 4853 corruptum
1802 4787 1918 4857 ipse
1959 4802 2117 4842 revo-

514 4888 670 4929 caret
695 4876 745 4929 in
780 4875 986 4929 vitam?
1021 4875 1301 4941 Quomodo
1328 4885 1385 4929 et
1415 4875 1550 4931 alios
1598 4887 1841 4932 mortuos
1867 4881 2112 4934 suscita-

517 4970 615 5033 vit,
649 4977 704 5021 et
731 4977 925 5022 caetera
950 4968 1127 5022 divina
1151 4969 1305 5038 signa
1332 4970 1560 5039 peregit,
1584 4971 1783 5039 quibus
1820 4972 2106 5026 hominum

517 5073 743 5127 corpora
774 5059 984 5113 curavit
1018 5061 1422 5129 aegrotandum?
1449 5060 1623 5127 Quid?
1648 5060 1871 5132 Leprosi
1899 5104 1914 5129 ,
1950 5078 2114 5132 para—

515 5151 688 5224 lytici,
722 5150 922 5216 claudi,
954 5152 1131 5217 surdi,
1158 5153 1808 5217 caeci,etinnumerabilia
1834 5154 2116 5224 aagriludi-

516 5263 647 5317 pum
687 5246 1112 5315 morborumque
1132 5262 1354 5316 genera,
1375 5249 1570 5316 quibus
1586 5262 1812 5317 corpora
1843 5247 2115 5311 liberavit,

516 5354 698 5395 nonne
725 5337 1059 5394 convincunt
1081 5339 1310 5393 istorum
1341 5340 1756 5409 impudentiam,
1811 5341 1901 5411 qui
1940 5341 2117 5394 homi-

519 5445 645 5483 num
686 5444 915 5499 corpora
949 5447 979 5485 a
1011 5431 1158 5485 malo
1209 5429 1351 5485 facta
1401 5447 1521 5487 esse
1572 5433 1797 5488 dicunt?
1831 5434 2112 5499 Quomodo

517 5524 662 5578 enim
724 5524 929 5578 inimici
1000 5523 1314 5593 ﬁgmentum
1366 5531 1683 5594 corruptum
1738 5526 1914 5582 bonus
1971 5524 2115 5582 Deus

520 5615 900 5684 iustaurasset,
935 5633 1038 5672 nec
1066 5620 1237 5674 solum
1270 5627 1515 5673 curasset
1573 5618 1893 5675 accedentes
1936 5619 2002 5673 ad
2030 5634 2111 5685 se,

519 5708 614 5762 sed
636 5708 751 5778 ipse
782 5711 846 5766 ad
893 5725 989 5768 eos
1035 5713 1401 5770 accessisset?
1451 5713 1729 5769 Circuibat
1771 5713 1913 5769 enim
1948 5711 2109 5770 Jesus

602 5881 691 5936 'll
720 5883 846 5939 Cor.
887 5901 957 5953 τι,
990 5884 1077 5951 Η,
1123 5886 1203 5941 t5.
1284 5886 1349 5941 'l
1390 5888 1515 5944 Cor.
1569 5903 1603 5951 ι,
1647 5887 1734 5942 Η.

2220 4681 2315 4734 τοῦ
2349 4681 2594 4751 πονηροῦ
2633 4682 2927 4751 συσφίγξαι
2948 4721 2964 4747 ,
3010 4683 3106 4735 καὶ
3137 4683 3517 4755 ζωοποιῆσαι,
3552 4689 3648 4740 καὶ
3682 4689 3830 4776 ἀνα--ἆ

2222 4775 2418 4845 στῆσαι
2439 4814 2453 4838 ,
2495 4775 2591 4827 καὶ
2638 4776 2762 4827 τότε
2805 4776 2898 4829 τὸν
2930 4776 3062 4830 ίδιον
3098 4778 3537 4850 ἐπικαλούμενος
3570 4782 3814 4853 Πατέρα,

2218 4867 2307 4920 ἴνα
2348 4869 2407 4920 τὸ
2444 4867 2674 4938 πλάσμα
2715 4869 2810 4923 τοῦ
2839 4870 3083 4941 πονηροῦ
3126 4871 3311 4937 καλῶς
3357 4873 3815 4945 διαφθειρόμενον

2216 4961 2381 5023 αὐτὸς
2427 4959 2775 5035 ἀναζωώσῃ⁷;
2831 4963 2956 5027 Πῶς
3010 4965 3067 5018 δὲ
3124 4967 3220 5019 καὶ
3259 4965 3458 5030 ἄλλους
3510 4968 3816 5034 τεθνεῶτας

2214 5053 2518 5123 ἀνέστησε;
2556 5054 2683 5119 Πῶς
2720 5055 2778 5107 δὲ
2812 5055 2910 5108 καὶ
2941 5057 3042 5120 τὰς
3071 5057 3242 5120 ἄλλας
3266 5058 3617 5129 θεοσημείας,
3657 5063 3817 5125 ὅσαις

2215 5144 2284 5198 τὰ
2309 5145 2419 5198 τῶν
2441 5145 2748 5217 ἀνθρώπων
2777 5148 3123 5219 εὐηργέτηκε
3155 5147 3409 5219 σώματα,
3441 5149 3811 5222 διεπράξατος

2215 5238 2278 5293 Οἱ
2316 5240 2373 5293 δὲ
2409 5240 2637 5309 λεπροὶ,
2688 5242 2736 5292 οἰ
2784 5242 3124 5309 παράλυτοι,
3160 5242 3211 5295 οί
3248 5243 3438 5313 χωλοὶ,
3479 5245 3576 5296 καὶ
3610 5246 3812 5313 κωφοὶ,

2213 5335 2312 5386 καὶ
2367 5334 2610 5402 τυφλοὶ,
2694 5335 2791 5387 καὶ
2837 5335 2905 5387 τὰ
2947 5335 3120 5405 μυρία
3175 5336 3285 5390 τῶν
3315 5336 3507 5390 παθῶν
3559 5339 3651 5390 καὶ
3698 5337 3814 5392 τῶν

2212 5428 2561 5497 νοσημάτων,
2598 5420 2673 5478 ὧν
2702 5427 2961 5481 ἁπάντων
2991 5428 3235 5500 καθαρὸν
3266 5429 3326 5482 τὸ
3356 5429 3517 5500 σῶμα
3549 5429 3811 5496 ἀπέλυεν,

2221 5520 2322 5589 οὐχ
2367 5519 2532 5574 ἰκανά
2577 5519 2943 5589 καταισχῦναι
2996 5521 3125 5585 τοὺς
3163 5521 3425 5591 λέγοντας
3462 5522 3529 5576 τὰ
3562 5523 3671 5575 τῶν
3714 5523 3814 5575 ἀν-

2221 5606 2461 5685 θρώπων
2491 5614 2725 5686 σώματα
2756 5615 3056 5684 πλάσματα
3084 5613 3222 5670 εἰναι
3248 5616 3341 5669 τοῦ
3364 5615 3606 5686 πονηροῦ
3629 5634 3643 5682 ;
3684 5615 3813 5678 Πῶς

2218 5713 2329 5781 γὰρ
2364 5708 2424 5761 τὸ
2456 5707 2686 5777 πλάσμα
2724 5707 2819 5760 τοῦ
2857 5706 3115 5778 ἐχθροῦὸ
3155 5707 3360 5777 ἀγαθὸς
3394 5708 3528 5771 Θεὸς
3563 5707 3814 5777 διαφθει-
