4132 6448
329 454 464 517 1213

1248 455 1622 514 PANOI’LIA
1668 454 2129 515 DOGMATICA.
2166 479 2236 489 —
2277 455 2426 517 TIT.
2468 457 2677 518 XXIV.

3476 451 3612 512 1‘215

329 573 557 642 ρῆμενον
588 569 925 632 ἀνεκαίνιζε.
959 569 1020 622 οὐ
1054 571 1378 639 προσιόντας
1423 572 1607 641 μόνον,
1645 570 1779 623 ἀλλὰ
1815 571 1905 624 καὶ

2015 573 2262 627 cintates
2307 587 2536 643 .omnes
2595 580 2648 626 et
2704 571 2888 638 vicos,
2956 571 3156 624 docens
3222 567 3277 621 in
3332 567 3617 637 synagogis

326 665 492 726 αὑτ“ς
522 661 755 725 ἐκείνοις
793 663 990 731 φοιτῶν
1040 663 1134 714 καὶ
1162 666 1635 732 παραγενόμενος;
1667 663 1908 733 Περιῆγε

325 755 436 824 γὰρ
487 755 515 804 ὸ
556 753 764 822 Ἰησοῦς
816 754 912 816 τὰς
976 752 1160 816 πόλεις
1195 755 1404 818 πάσαςο
1424 756 1520 806 καὶ
1559 756 1656 817 τὰς
1694 755 1908 824 κώμας,

327 847 421 899 καὶ
449 846 723 898 διῗάσκων
753 846 810 896 ἐν
840 847 961 904 ταῖς
995 848 1339 913 συναγωγαῖς
1377 847 1551 897 αὐτῶν
1571 885 1587 908 ,
1623 848 1717 898 καὶ
1747 847 1910 914 θερα-

324 937 508 990 πεύων
564 939 745 990 πᾶσαν
819 938 972 990 νόσον
1033 939 1125 990 καὶ
1207 940 1390 991 πᾶσαν
1446 939 1741 1007 μαλακίαν.
1799 939 1912 991 Οὐκ

324 1029 638 1097 ἐθεράπευε
683 1027 786 1097 μὲν
819 1027 1082 1091 τούτους,
1130 1029 1289 1096 ἐσίγα
1333 1028 1389 1080 δὲ
1428 1028 1527 1096 τὴν
1569 1028 1868 1098 θεραπείαν
1896 1067 1912 1091 ,

325 1121 466 1175 ἀλλὰ
537 1120 800 1182 πολλάκις
873 1121 968 1172 καὶ
1047 1122 1390 1190 προσέτασσε
1472 1121 1913 1190 διαγγέλλεσθαι.

323 1215 728 1283 Πορευθέντες
764 1215 895 1282 γὰρ,
927 1217 1126 1283 φησὶν,
1166 1213 1576 1283 ἀπαγγείλατε
1624 1213 1873 1280 Ἰωάννῃ
1898 1232 1913 1246 ο

328 1306 550 1374 Τυφλοὶ
585 1305 1020 1368 ἀναϐλέπουσι,
1041 1306 1222 1372 χωλοὶ
1256 1307 1676 1374 περιπατοῦσι,
1702 1307 1914 1374 λεπροὶ

324 1397 762 1462 καθαρίζονται,
793 1399 976 1466 κωφοὶ
1012 1398 1304 1451 ἀκούουσι
1327 1437 1342 1460 ,
1379 1399 1476 1451 καί
1522 1399 1723 1465 νεκροὶ
1761 1399 1916 1467 ἐγεί-

318 1507 547 1558 ρονται.
604 1492 714 1543 Καὶ
756 1495 869 1554 τοῖς
903 1493 1172 1562 μαθηταῖς
1214 1491 1271 1543 δὲ
1330 1494 1554 1561 σημεῖον
1595 1493 1696 1560 τῆς
1743 1491 1909 1544 αὐτοῦ

324 1583 645 1648 δυνάμεως,
680 1585 776 1634 καὶ
813 1584 994 1652 ἰσχύος
1055 1584 1153 1635 καὶ
1208 1585 1428 1653 χάριτος
1479 1584 1539 1635 τὸ
1592 1584 1684 1636 ἐπὶ
1729 1583 1909 1656 ὰρρὡ

326 1690 486 1735 στους
531 1677 718 1744 χεῖρας
749 1675 1049 1739 ἐπιθεῖναι,
1079 1678 1175 1728 καὶ
1203 1676 1387 1728 ἰᾶσθαι
1424 1676 1665 1731 δίδωσιν.
1717 1676 1908 1740 Οὕτως

2013 667 2274 734 ipsorum,
2325 675 2379 720 et
2432 680 2629 720 curans
2682 679 2870 718 omnes
2925 662 3288 724 inﬁrmitates,
3333 669 3617 712 etomnem

2011 757 2352 828 languorem.
2381 756 2571 826 Neque
2598 772 2727 811 vero
2792 757 2890 810 bos
2961 755 3209 816 curabat,
3274 750 3613 804 curationem

2010 861 2189 904 autem
2242 850 2454 915 silebat,
2488 853 2581 904 sed
2607 864 2748 920 sa'pe
2796 848 3040 916 jubebat,
3105 855 3161 898 ιιι
3211 843 3614 898 enuntiarent:

2012 942 2442 1012 Euntes,inquit,
2462 945 2761 997 renuntiate
2784 941 2984 994 Joanni
3009 938 3181 994 :Ca'ci
3210 939 3407 1001 vident,
3436 935 3616 987 claudi

2014 1039 2307 1099 ambulant,
2327 1037 2517 1105 leprosi
2543 1037 3050 1102 mundantur,surdi
3075 1033 3322 1094 audituri,
3341 1043 3385 1084 et
3413 1027 3614 1083 mortui

2014 1144 2323 1185 revocantur
2352 1149 2406 1184 tn
2440 1133 2600 1184 vitam
2634 1134 2673 1184 ί.
2701 1128 2840 1195 Quin
2868 1129 3029 1182 etiam
3061 1126 3338 1194 discipulis
3367 1125 3614 1186 virtutis,

2014 1235 2068 1276 et
2098 1223 2375 1291 potentiae,
2426 1224 2723 1291 gratiaeque
2751 1237 2864 1275 sua:
2916 1219 3130 1287 signum
3169 1215 3296 1270 illud
3358 1214 3524 1274 ded-it,
3556 1223 3617 1267 ut

2017 1327 2180 1380 super
2215 1329 2388 1379 agros
2423 1329 2612 1367 manus
2643 1314 2983 1382 imponerent
3012 1317 3067 1365 et
3109 1317 3456 1363 curarentur.
3509 1305 3618 1360 Cu-

2016 1417 2131 1456 ram
2153 1403 2314 1470 igitur
2339 1405 2556 1471 gerebat
2587 1402 2826 1472 ﬁgmenti
2850 1402 2931 1456 sui
2951 1399 3204 1475 Christus
3241 1398 3381 1452 Deus
3407 1404 3613 1459 noster,

2017 1496 2218 1563 quippe
2247 1496 2339 1563 qui
2376 1507 2599 1550 venerat
2660 1504 2717 1548 ut
2752 1494 2987 1548 animam
3020 1503 3072 1547 et
3104 1506 3302 1560 corpus
3345 1497 3610 1544 servaret.

2016 1585 2200 1654 Neque
2232 1587 2344 1654 ipse
2373 1587 2546 1640 solum
2596 1585 2750 1639 nobis
2792 1583 3187 1646 benefaciebat,
3245 1581 3339 1635 sed
3370 1579 3614 1633 eamdem

2015 1679 2293 1746 discipulis
2323 1692 2542 1747 quoque
2575 1676 2945 1731 benefaciendi
2977 1674 3137 1729 dabat
3169 1672 3501 1728 facultatem.

325 1768 401 1829 ὡς
435 1769 641 1821 οἰκείου
679 1769 998 1838 πλάσματος
1063 1772 1307 1823 ἐποιεῖτο
1335 1771 1435 1838 τὴν
1479 1773 1766 1840 πρόνοιαν,
1829 1775 1857 1824 ὁ
1895 1771 1988 1825 καὶ
2025 1772 2125 1840 τὴν
2165 1771 2344 1842 ψυχὴν
2382 1773 2476 1825 καλ⁸
2512 1770 2571 1823 τὸ
2601 1771 2762 1840 σῶμα
2797 1765 3200 1840 παραγεγονὼς
3250 1765 3422 1816 σῶσαι
3477 1762 3616 1832 Χριέ

327 1860 452 1922 στὺς
483 1863 510 1912 ὁ
553 1863 687 1924 Θεὸς
721 1863 901 1931 ἡμῶν.
954 1863 1064 1916 Καὶ
1100 1865 1160 1916 οὺ
1197 1863 1395 1934 μέχρις
1427 1864 1594 1918 αὐτοῦ
1632 1866 1732 1934 τὴν
1782 1865 2104 1935 εὐεργεσίαν
2143 1867 2529 1936 περιγράφων,
2569 1866 2706 1918 ἁλλὰ
2770 1863 2866 1916 καὶ
2931 1863 3042 1925 τοῖς
3079 1858 3357 1930 μαθηταῖς
3414 1853 3484 1907 τὰ
3518 1853 3613 1905 lad-

328 1951 712 2013 ποιεῖν’διδοὺς
749 1951 1024 2017 ἐξουσίαν.

398 2047 460 2098 Εἰ
492 2045 552 2098 τὸ
593 2045 752 2114 σῶμα
788 2040 856 2114 ἦν
891 2045 984 2096 τοῦ
1016 2045 1255 2116 πονηροῦ
1278 2085 1294 2106 ,
1339 2063 1455 2109 πως
1484 2045 1514 2098 ὀ
1551 2045 1759 2110 Παῦλος
1791 2046 1905 2098 ῐελυ⁴

2096 2041 2150 2097 Si
2178 2058 2378 2111 corpus
2409 2051 2489 2096 est
2531 2040 2676 2106 tnali,
2707 2056 2823 2095 cur.
2853 2047 3150 2109 aegrotante
3180 2035 3446 2104 discipulo
3473 2033 3615 2087 Pan.

326 2140 502 2201 πεῖτο,
541 2137 828 2198 νοσοῦντος
849 2135 943 2188 τοῦ
981 2136 1251 2207 μαθητοῦ,
1285 2139 1377 2191 καὶ
1403 2137 1558 2201 αὖθις
1589 2139 1910 2206 ὑγιάναντος

325 2231 537 2296 ἔλεγεν,
580 2227 662 2280 ὅτι
698 2226 988 2293 Ἠλέησεν
1026 2229 1214 2281 αὺτιὲν
1257 2231 1289 2283 ὁ
1326 2228 1492 2294 Θεὸς,
1537 2231 1646 2282 οὐκ
1677 2229 1912 2282 ἐκεῖνον

328 2321 396 2373 δὲ
413 2321 630 2388 μόνον,
663 2319 826 2373 ἀλλὰ
857 2320 957 2374 καὶ
990 2320 1118 2388 ἐμὲ,
1143 2320 1347 2390 ἵναμὴ
1374 2322 1584 2389 λύπην
1615 2322 1712 2374 ἐπὶ
1743 2322 1910 2388 λύπῃ

328 2411 494 2481 σχῶ;
523 2412 620 2480 ἦΤί
657 2411 768 2480 γὰρ
799 2412 907 2463 ἔδει
951 2411 1242 2465 λυπεῖσθαι
1297 2412 1387 2465 τὸν
1437 2412 1649 2465 Παῦλον
1696 2413 1912 2483 δρῶντα

328 2505 590 2572 λυόμενον
618 2503 678 2555 τὺ
712 2503 942 2572 πλάσμα
967 2503 1062 2555 τοῦ
1093 2504 1360 2573 πονηροῦς
1392 2505 1512 2566 Πῶς
1538 2504 1592 2556 δὲ
1619 2504 1910 2556 ἐπέστελλε

328 2596 581 2667 Τιμοθέῳ
615 2597 858 2666 γράφων,
901 2599 1056 2663 Οἴνφ
1109 2599 1293 2667 ὀλίγῳ
1321 2597 1444 2667 χρῶ
1483 2599 1580 2652 διὰ
1625 2598 1729 2652 τὸν
1774 2599 1913 2652 στό-

326 2692 528 2758 μαχόν
550 2705 667 2743 σου
703 2690 801 2742 καὶ
830 2692 938 2756 τὰς
959 2691 1196 2758 πυκνάς
1217 2709 1335 2746 σου
1370 2693 1724 2758 ἀσθενείας;
1763 2693 1910 2744 Ἔδει

330 2785 439 2850 γὰρ
467 2781 781 2834 τούναντίον
828 2783 1086 2850 γράφειν,
1133 2783 1268 2854 Μηδ’
1301 2784 1438 2847 ὅλως
1473 2785 1712 2855 κέχρησο
1744 2785 1871 2854 οίνῳ
1891 2825 1908 2850 ,

334 2871 422 2926 ἵνα
450 2872 644 2925 θᾶττον
677 2875 818 2943 ραγῇ
851 2872 910 2926 τὸ
947 2873 1176 2943 πλάσμα
1200 2875 1293 2927 τοῦ
1337 2876 1608 2946 πονηροῦ,
1640 2876 1734 2931 καὶ
1761 2876 1911 2927 ἐλευ-

334 2964 579 3036 θερωθῇς
606 2965 700 3016 τοῦ
736 2964 938 3037 βάρους
969 2967 1158 3020 αὐτοῦ.

405 3056 470 3109 El
496 3056 558 3108 τὸ
591 3055 754 3127 σῶμά
789 3060 904 3110 ἐστι
932 3058 1026 3110 τοῦ
1072 3058 1314 3129 πονηροῦ
1338 3101 1352 3125 ,
1398 3060 1516 3124 πῶς
1540 3064 1914 3131 ἐμεγαλύνετο

333 3147 568 3215 Χριστὸς
612 3151 670 3202 ὲν
717 3147 794 3218 τῷ
835 3149 930 3202 τοῦ
958 3151 1172 3203 Παύλου
1219 3151 1466 3222 σώματι;
1504 3155 1625 3216 Πῶς
1659 3156 1715 3208 δὲ
1747 3157 1910 3210 πάλιν

331 3238 491 3300 αὐτὸς
526 3241 552 3289 ὁ
584 3238 818 3302 Παῦλος,
859 3241 1018 3310 εἴπερ
1045 3242 1144 3294 οὐκ
1175 3238 1244 3312 ἦν
1267 3243 1328 3295 τὸ
1367 3245 1528 3314 σῶμα
1559 3246 1786 3317 πλάσμα
1815 3247 1908 3301 τοῦ

329 3325 541 3390 ἀγαθοῦ
599 3327 775 3391 Θεοῦ,
837 3329 1134 3401 ἐπεύχεται
1191 3332 1594 3403 διατηρηθῆναι
1651 3337 1790 3389 σῶον
1849 3338 1910 3390 τὸ

329 3419 491 3484 σῶμα
523 3419 616 3472 καὶ
647 3423 768 3471 τότε
800 3421 857 3473 ὲν
888 3423 952 3491 τῇ
986 3426 1266 3495 παρουσίᾳ
1295 3425 1386 3476 τοῦ
1423 3427 1650 3496 Κυρίου,
1688 3429 1864 3498 λέγων
1889 3445 1904 3460 °

338 3513 713 3579 Ὀλόκληρον
743 3513 913 3580 ὑμῶν
942 3516 1006 3568 τὸ
1035 3515 1238 3584 σῶμα,
1268 3517 1368 3570 καί
1401 3519 1438 3586 ἡ
1465 3519 1660 3586 ψυχὴ,
1700 3522 1795 3576 καί
1845 3523 1911 3576 τὸ

323 3602 562 3667 πνεῦμα
602 3603 921 3672 ἀμέμπτως
963 3605 1034 3658 ἐν
1079 3606 1156 3675 τῇ
1199 3612 1504 3677 παρουσίᾳ
1545 3613 1647 3667 τοῦ
1685 3617 1910 3684 Κυρίου

319 3693 491 3763 ’ἡμῶν
527 3695 735 3762 Ἰησοῦ
763 3698 1022 3764 Χριστοῦ
1058 3699 1439 3770 διατηρηθείη
1462 3719 1482 3767 ;

394 3789 457 3840 El
492 3787 657 3856 ἄλλης
701 3792 800 3857 μὲν
840 3785 909 3860 ἦν
940 3791 1113 3860 ἀρχῆς
1146 3793 1304 3862 ἔργον
1333 3799 1364 3864 ἡ
1407 3795 1586 3868 ψυχὴ,
1621 3799 1813 3867 ἑτέρας
1852 3801 1908 3854 δὲ

320 3881 379 3932 τὸ
416 3880 614 3946 σῶμα,
667 3881 784 3944 πῶς
838 3885 865 3934 ὁ
910 3883 1117 3952 ἀληθὴς
1169 3887 1326 3956 ἡμῶν
1360 3888 1607 3957 πλάστης
1654 3895 1746 3944 καὶ
1778 3892 1908 3956 Θεὸς

319 3973 771 4044 ἀπερισπάστους
799 3969 944 4027 εἶναι
977 3975 1304 4046 βουλόμενος
1336 3983 1463 4044 τοὺς
1488 3984 1653 4037 αὑτοῦ
1683 3985 1911 4056 λατρεῦ-

316 4066 414 4128 τὰς
453 4069 718 4135 παραινεῖ
756 4067 888 4136 περὶ
917 4068 1184 4141 ἑκατέρου
1226 4070 1421 4137 λέγων,
1455 4075 1550 4143 Μὴ
1585 4078 1908 4147 μεριμνᾶτε

319 4155 392 4224 τῇ
424 4157 600 4227 ψυχῇ
633 4159 802 4227 ὑμῶν
832 4161 889 4214 τί
923 4163 1178 4230 φάγητε,
1218 4165 1255 4233 ἣ
1294 4167 1352 4218 τί
1389 4171 1563 4236 πίητε
1587 4208 1604 4236 ,
1645 4171 1801 4239 μηδὲ
1830 4173 1908 4235 τῷ

316 4248 544 4317 σώματι
606 4252 775 4320 ὑμῶν
846 4255 903 4306 τί
961 4255 1350 4324 ἐνδύσησθε;
1403 4257 1539 4314 Εἶτα
1592 4265 1688 4316 καὶ
1745 4267 1906 4319 πλέον

316 4343 464 4412 ἡμᾶς
496 4344 574 4412 τῷ
616 4346 1028 4415 παραδείγματι
1072 4351 1208 4420 πρὸς
1246 4351 1344 4421 τὴν
1386 4357 1669 4408 νουθεσίαν
1706 4357 1904 4423 ἕλκων,

329 4435 731 4505 Ἐμϐλέψατε,
775 4441 960 4508 φησιν,
993 4443 1084 4506 εὶς
1110 4443 1179 4495 τὰ
1212 4446 1456 4499 πετεινὰ
1485 4447 1590 4501 τοῦ
1618 4451 1902 4516 adparat”),

314 4527 402 4580 ὅτι
436 4532 504 4583 οὐ
541 4531 902 4598 σπείρουσιν
929 4575 944 4597 ,
1000 4533 1144 4587 οὐδὲ
1184 4536 1478 4602 θερίζουσι
1503 4579 1517 4603 ,
1576 4539 1674 4593 καὶ
1719 4541 1906 4594 πόθεν

311 4621 517 4687 αὐτοῖς
547 4625 582 4691 ἡ
615 4622 764 4692 (cui;
794 4624 847 4675 Ὀ
881 4626 1085 4694 Πατὴρ
1119 4627 1290 4694 ὑμῶν
1319 4632 1350 4682 ὁ
1379 4630 1656 4699 οὐράνιος
1702 4633 1900 4700 τρέμει

2019 2137 2103 2190 lus
2136 2138 2452 2207 augebatur,
2512 2149 2684 2202 coque
2731 2133 3146 2188 convalescente
3189 2129 3436 2184 dicebat:
3472 2129 3610 2183 Deus

2015 2230 2260 2282 misertus
2292 2237 2368 2281 est
2404 2229 2503 2290 tui,
2541 2243 2631 2280 nec
2687 2226 2764 2279 tui
2813 2224 3006 2288 solum,
3059 2239 3236 2276 verum
3291 2222 3448 2276 etiam
3488 2223 3610 2286 mei,

2014 2337 2075 2373 tte
2119 2319 2390 2372 tristitiam
2419 2335 2574 2387 super
2614 2318 2885 2370 tristitiam
2920 2314 3140 2369 habeam
3167 2313 3234 2368 ’ἲ
3267 2314 3434 2380 .Quid
3466 2315 3611 2368 cuitn

2015 2411 2136 2480 angi
2201 2410 2426 2465 Paulum
2489 2409 2794 2479 oportebat,
2853 2424 2973 2462 cum
3028 2421 3167 2475 opus
3214 2406 3337 2460 mali
3391 2403 3613 2459 dissolvi

2014 2501 2385 2570 perspiceret?
2418 2500 2526 2555 Cur
2561 2502 2687 2554 item
2742 2498 2995 2568 prtecepit
3021 2495 3289 2567 discipulo
3325 2513 3338 2550 :
3370 2493 3606 2560 Modico,

2015 2593 2286 2662 inquiens,
2327 2594 2441 2647 vino
2467 2603 2608 2646 utere
2624 2602 2836 2661 propter
2856 2591 3185 2644 stomachum
3214 2600 3383 2654 tuum,
3411 2597 3459 2640 et
3497 2588 3610 2656 [re-

2011 2695 2222 2755 qttentes
2245 2683 2572 2752 inﬁrmitates
2603 2684 2657 2754 3|?
2676 2686 2873 2738 Contra
2902 2681 3081 2751 potius
3099 2681 3444 2736 scribendum
3484 2679 3609 2736 fuit.

2017 2789 2081 2827 ue
2118 2790 2336 2842 prorsus
2361 2784 2599 2828 uteretur
2633 2775 2776 2833 vino,
2809 2789 2916 2840 quo
2949 2771 3108 2825 citius
3136 2772 3258 2823 mali
3285 2772 3599 2838 ﬁgmentum

2013 2877 2371 2928 everteretur,
2401 2879 2458 2921 et
2486 2867 2783 2935 discipulus
2820 2867 2884 2918 ab
2913 2864 3029 2931 ejus
3059 2879 3224 2917 oucrc
3258 2861 3608 2917 liberaretur.

2087 3071 2144 3126 Si
2179 3086 2376 3139 corpus
2402 3082 2484 3126 est
2520 3070 2666 3132 mali,
2725 3067 2998 3137 quomodo
3040 3065 3288 3122 Christus
3334 3068 3386 3119 in
3445 3064 3604 3119 Pauli

2013 3181 2242 3235 corpore
2313 3162 2794 3234 ntagniﬁcabalur?
2871 3162 3152 3227 Quomodo
3196 3175 3408 3214 rursum
3487 3161 3602 3226 ipse

2013 3260 2234 3326 Paulus,
2265 3259 2310 3314 si
2338 3273 2536 3324 corpus
2569 3272 2675 3310 non
2697 3264 2782 3310 est
2814 3255 3123 3325 ﬁgmentum
3148 3253 3274 3308 boni
3303 3251 3420 3317 Dei,
3445 3263 3597 3321 Optat

2017 3363 2076 3408 ut
2135 3354 2402 3420 integrum
2467 3363 2662 3417 corpus
2685 3359 3056 3410 conservetur,
3087 3346 3246 3414 idque
3278 3343 3333 3398 in
3369 3343 3608 3396 advequ

2020 3446 2270 3500 Domini?
2298 3443 2529 3513 Integer,
2565 3442 2760 3510 inquit,
2793 3441 3012 3507 spiritus
3064 3447 3252 3503 vester,
3312 3445 3362 3490 et
3393 3436 3602 3500 anima,

2013 3550 2060 3593 et
2089 3555 2275 3604 corpus
2307 3537 2418 3590 sine
2440 3533 2648 3605 querela
2673 3535 2728 3586 in
2756 3535 2979 3586 adventu
3012 3530 3224 3583 Domini
3266 3529 3431 3582 nostri
3473 3527 3604 3582 Jesu

2014 3633 2212 3687 Christi
2254 3639 2585 3684 conservetur
2612 3627 2656 3680 ⁸.

2085 3810 2140 3864 Si
2169 3811 2234 3863 ab
2253 3808 2358 3862 alio
2380 3806 2647 3876 principio
2673 3805 2874 3868 anima,
2897 3803 2966 3859 ab
2992 3803 3100 3858 alio
3123 3816 3323 3871 corpus
3355 3798 3605 3867 proﬁcis-

2011 3898 2174 3961 citur,
2201 3913 2296 3949 cur
2325 3910 2486 3949 verus
2529 3904 2717 3948 noster
2773 3902 3090 3963 procreator
3143 3902 3197 3946 et
3235 3891 3380 3946 Deus
3420 3889 3606 3942 volens

2011 3990 2330 4042 adoratores
2364 4001 2493 4040 suos
2523 4000 2644 4040 esse
2673 3985 2788 4038 sine
2831 3983 3215 4046 sollicitudine,
3268 3982 3338 4035 de
3371 3989 3605 4049 utroque

2011 4086 2264 4137 admouet
2286 4096 2378 4135 eos
2417 4097 2431 4136 :
2496 4079 2698 4142 Nolite,
2745 4078 3018 4147 inquiens,
3058 4076 3270 4129 solliciti
3321 4091 3453 4137 esse,
3514 4089 3606 4126 nec

2011 4177 2203 4228 animo:
2253 4183 2458 4235 vestrm,
2509 4171 2636 4240 quid
2691 4170 2886 4235 edatis,
2938 4180 3026 4220 aut
3067 4167 3191 4235 quid
3242 4166 3454 4227 bibatis,
3514 4178 3608 4216 nec

2011 4264 2218 4334 corpori
2248 4271 2443 4320 vestro.
2500 4261 2626 4329 quid
2678 4259 2978 4312 induamini
3005 4257 3062 4309 II?
3119 4257 3323 4310 Deinde
3358 4256 3608 4308 admoni-

2013 4360 2212 4412 tionem
2241 4372 2395 4410 suam
2421 4352 2667 4422 exemplo
2697 4353 3029 4406 conﬁrmans
3060 4367 3072 4403 :
3097 4349 3377 4416 Respicite,
3404 4349 3603 4417 inquit,

2010 4450 2245 4504 volatilia
2288 4448 2426 4511 caeli,
2449 4448 2570 4515 quia
2606 4462 2708 4498 non
2731 4454 2932 4508 serunt,
2958 4461 3121 4512 neque
3150 4452 3373 4508 metunt,
3397 4455 3442 4496 et
3470 4445 3607 4494 unde

2009 4542 2113 4593 illis
2144 4542 2368 4607 suppetit
2389 4536 2596 4590 victus?
2626 4535 2789 4588 Pater
2812 4544 2976 4588 vester
2999 4533 3220 4586 caelestis
3237 4535 3406 4600 pascit
3430 4531 3524 4584 illa
3559 4532 3602 4584 °.

2011 4631 2066 4686 Si
2100 4632 2345 4684 veritatis
2399 4609 2519 4683 fons
2575 4629 2788 4681 Patrem
2851 4639 3092 4680 nostrum
3145 4631 3419 4681 C(Blesleut
3480 4626 3604 4680 caeli

311 4713 489 4768 αὑτά.
533 4716 593 4766 Ei
626 4711 720 4769 οῦν
750 4717 967 4788 Πατέρα
1013 4719 1168 4790 ἡμῶν
1199 4722 1451 4789 οὐράνιον
1486 4725 1576 4776 τὸν
1619 4725 1893 4794 τρέφοντα

2010 4731 2246 4780 volucres
2266 4739 2489 4794 pascere
2517 4732 2566 4776 et
2593 4725 2743 4776 novit
2771 4734 2823 4775 et
2849 4723 3000 4786 dicit,
3021 4722 3277 4790 additque
3321 4730 3376 4775 et
3400 4720 3602 4773 frenum

310 4807 379 4858 τὰ
423 4808 647 4862 πετεινά
695 4809 788 4863 τοῦ
833 4812 1064 4880 οὐρανοῦ
1117 4816 1213 4866 καὶ
1270 4810 1379 4866 οἶδε
1445 4819 1540 4868 καὶ
1593 4817 1740 4886 λέγει
1801 4820 1900 4890 τῆς

310 4899 572 4968 ἀληθείας
622 4902 656 4972 ἡ
696 4900 895 4973 πηγὴ,
948 4903 1096 4971 λέγει
1159 4907 1216 4958 δὲ
1278 4909 1490 4962 καὶτὸν
1549 4911 1744 4981 χόρτον
1802 4912 1896 4965 τοῦ

309 4991 483 5061 ἀγροῦ
537 4993 630 5046 τὸν
679 4997 760 5056 είς
807 4995 900 5047 τὸν
949 4997 1205 5051 κλίὸανον
1271 5000 1602 5070 βαλλόμενον
1641 5006 1745 5058 ὑπὸ
1803 5006 1894 5059 τοῦ

310 5083 477 5136 αὑτοῦ
503 5084 639 5138 θεοῦ
673 5087 868 5150 κάλλος
896 5089 1324 5157 ἀμφιέννυσθαι,
1353 5087 1464 5145 οἷον
1491 5095 1610 5147 οὐδὲ⁹
1640 5096 1896 5166 Σολομὼν

311 5177 370 5230 ἒν
391 5177 489 5248 ὅλῃ
513 5179 679 5232 αὐτοῦ
711 5181 1097 5248 περιεϐάλλετο
1115 5187 1179 5253 τῇ
1207 5184 1332 5255 δόξῃ
1359 5201 1372 5216 ⁶
1392 5186 1508 5248 πῶς
1537 5189 1603 5239 τὰ
1632 5189 1896 5244 άπύλωτα

309 5270 408 5330 τῆς
454 5270 710 5334 ἀσεϐείας
762 5273 1006 5342 στόματα
1052 5275 1211 5329 ἄλλον
1249 5277 1348 5345 μὲν
1389 5278 1758 5348 τοῦχὸρτου,
1802 5281 1896 5334 καὶ

307 5359 418 5411 τῶν
453 5363 736 5426 πετεινῶν,
772 5364 989 5418 καὶτοῦ
1032 5366 1314 5436 σώματος,
1352 5372 1442 5422 καὶ
1473 5370 1580 5422 τῶν
1619 5373 1896 5442 αἰσθητῶν

310 5449 576 5504 ἁπάντων
629 5455 999 5523 χειροτονοῦσι
1045 5457 1384 5528 δημιουργὸν
1412 5500 1426 5521 ,
1474 5463 1646 5532 ἑτέρῳ
1697 5464 1752 5516 δὲ
1797 5467 1896 5529 τὴν

309 5541 580 5613 ἡμίτομον
611 5544 931 5614 χαρίζονται
963 5548 1172 5618 ἀρχήν;
1216 5551 1338 5603 Ὅτι
1372 5551 1426 5604 δὲ
1465 5553 1493 5605 ὀ
1534 5554 1696 5617 αὐτός
1737 5556 1890 5609 ἐστιν

307 5635 337 5687 ὁ
369 5635 463 5687 καὶ
492 5634 662 5688 ταῦτα
691 5636 761 5688 τὰ
791 5639 1106 5708 πρόσκαιρα
1135 5641 1310 5706 διδοὺς
1339 5647 1435 5695 καὶ
1480 5645 1576 5714 τὴν
1603 5646 1884 5716 βασιλείαν

307 5725 418 5774 τῶν
468 5724 735 5792 οὐρανῶν,
777 5723 1282 5799 λεπτομερέστερον
1334 5731 1565 5801 βεϐαιῶν
1601 5733 1660 5784 τὸ
1711 5734 1885 5804 δόγμα

379 5843 393 5870 ¹
451 5840 641 5916 Matth.
681 5860 756 5916 τι.
787 5842 840 5916 4.
919 5846 937 5873 '
963 5843 1192 5916 Philipp.
1229 5863 1286 5906 tt.
1313 5849 1398 5905 27.

306 5913 324 5950 ν
353 5916 482 5968 tam.
512 5915 602 5982 eo,
677 5913 698 5945 ε
731 5915 862 5968 ibid.
889 5916 978 5979 δτι,
1015 5917 1100 5974 35.

1507 5855 1524 5885 ³
1553 5854 1568 5904 l
1599 5855 1736 5909 Tim.
1771 5873 1822 5922 ν,
1869 5856 1957 5909 ‘25.

2000 4821 2136 4889 agri,
2167 4819 2308 4886 quod
2343 4817 2394 4869 in
2432 4816 2700 4869 clibamun
2733 4813 3041 4880 conjicitur,
3090 4813 3156 4867 ab
3186 4815 3303 4880 ipso
3339 4812 3446 4866 Deo
3499 4813 3606 4866 tale

1999 4909 2421 4980 pulchritudinis
2458 4907 2838 4960 vesdmentum
2879 4906 3151 4972 accipere,
3180 4905 3341 4977 quale
3374 4921 3439 4958 ne
3485 4905 3592 4959 So-

2001 5003 2179 5054 loumn
2215 5000 2434 5070 quidem
2457 4997 2718 5051 induebat
2743 4997 2794 5048 in
2827 4997 2971 5049 omni
3002 4995 3174 5064 gloria
3219 5009 3338 5060 sua,
3368 5011 3600 5064 quomo-

1998 5094 2065 5148 do
2093 5092 2351 5146 cili-enata
2379 5090 2673 5158 impietatis
2699 5103 2792 5141 ora
2827 5087 2991 5141 alium
3019 5085 3173 5151 fami,
3202 5097 3255 5140 et
3287 5089 3604 5150 volucrum,

1995 5197 2049 5239 et
2105 5185 2354 5252 corporis
2439 5193 2492 5235 et
2545 5181 2874 5249 reliquarum
2932 5195 3109 5232 rerqu
3177 5195 3296 5247 qua;
3352 5180 3606 5234 sensibus

1997 5277 2378 5345 percipiuntur
2429 5286 2554 5326 esse
2620 5279 3021 5338 procreatorem
3072 5268 3394 5322 afﬁrmant?
3447 5267 3604 5332 Quod

1995 5380 2174 5421 autem
2206 5367 2344 5418 idem
2383 5367 2471 5424 sit,
2512 5361 2600 5429 qui
2631 5371 2685 5414 et
2714 5361 3041 5426 temporaria
3093 5360 3226 5421 haec,
3286 5368 3338 5411 et
3377 5373 3601 5422 regnum

2006 5461 2270 5513 ('(Blttt‘um
2294 5453 3065 5516 tribuit,accuratiusiudicat
3099 5466 3112 5502 :
3149 5448 3286 5511 Scit,
3325 5449 3594 5516 inquiens,

1999 5551 2164 5604 Pater
2191 5560 2354 5604 vester
2377 5551 2618 5616 caelestis,
2642 5565 2730 5601 vos
2760 5548 2843 5599 Itis
2871 5546 3114 5598 omnibus
3152 5544 3407 5611 indigere.
3441 5543 3602 5606 Qua?-

1997 5647 2094 5698 rite
2127 5657 2299 5697 autem
2323 5645 2553 5710 primunt
2603 5658 2817 5710 regnum
2843 5639 2937 5692 Dei
2988 5637 3326 5707 etjustitiam
3375 5637 3513 5704 ejus,
3546 5644 3594 5692 et

1998 5740 2106 5789 Ita'c
2140 5738 2318 5788 onmia
2348 5736 2670 5805 adjicientur
2701 5733 2840 5785 vobis
2876 5732 2919 5784 ⁷.

2064 5855 2082 5885 ⁸
2118 5853 2134 5907 l
2165 5854 2358 5908 Thess.
2392 5868 2470 5920 tn,
2510 5853 2592 5907 15.
2702 5851 2722 5881 ³
2748 5849 2936 5904 Matth.
2978 5865 3050 5912 vt,
3082 5849 3197 5915 25..
3252 5848 3270 5878 ⁶
3307 5847 3432 5901 ibd.
3482 5847 3576 5907 26.
