4132 6442
377 339 515 403 1217

1303 336 1682 396 PANOPLIA
1727 334 2190 394 DOGMATiCA.
2233 359 2299 368 --
2339 335 2485 396 ΤΙΤ.
2532 337 2743 398 XXIV.

3510 341 3647 408 1218

373 448 590 520 γαστρὶ
653 449 890 518 ἔχουσα
946 449 1014 501 ἐκ
1066 447 1413 515 Πνεύματος
1492 446 1687 515 ἁγίου,
1729 447 1821 498 καί
1882 447 1950 498 τὰ

2083 458 2163 497 nr.
2234 442 2368 498 Cum
2458 446 2602 500 enim
2681 447 2901 511 omnia,
2968 463 3088 518 qua:
3173 451 3238 503 ad
3317 461 3493 506 ortum
3526 456 3645 524 ejus

374 542 520 609 ἑξῆς.
567 534 698 592 Elter
733 537 1026 602 διεξελθὼν
1053 536 1120 592 τὰ
1148 537 1278 606 περὶ
1312 535 1412 603 τῆς
1442 537 1751 605 γεννήσεως
1783 536 1947 589 αὐτοῦ

375 631 731 699 λεπτομερῶς
758 629 886 698 ἄχρι
924 629 1023 697 τῆς
1069 627 1177 680 τῶν
1211 627 1403 696 μάγων
1451 626 1775 694 ἐπιδημίας,
1801 626 1951 693 λέγει

375 725 560 786 πάλιν,
601 724 684 776 ὅτι
720 725 828 776 Kal
875 723 1156 788 ἐλθόντες
1204 723 1290 787 είς
1325 721 1441 787 τὴν
1471 721 1666 773 οὶκίαν
1693 717 1858 772 εἶδον
1889 720 1953 771 τὸ

376 909 672 973 πεσόντες
692 907 1172 974 προσεκύνησαν
1204 908 1370 960 αὑτό,
1413 906 1474 957 '0
1508 906 1563 957 δὲ
1615 905 1787 972 μέγας
1818 907 1959 957 Λου-

377 1003 481 1063 κᾶς
513 998 778 1069 ἀνωτέρω
805 998 898 1051 τὸν
943 999 1100 1066 λόγον
1130 996 1381 1067 ἀγαγὼν,
1443 995 1702 1065 Ἐξῆλθε
1737 995 1954 1064 δόγμα,

377 1093 537 1162 φησὶ,
587 1090 750 1160 παρὰ
809 1091 1114 1158 Καίσαρος
1154 1090 1511 1160 Αὐγούστου
1541 1089 1647 1142 τοῦ
1699 1086 1960 1156 ἀπογρά-

375 1189 593 1254 φεσθαι
615 1183 826 1239 πᾶσαν
847 1182 962 1247 τὴν
982 1180 1374 1250 οἰκουμένην.
1390 1181 1551 1245 Αὕτη
1575 1181 1613 1247 ἡ
1638 1179 1956 1248 ἀπογραφὴ

374 1276 574 1346 πρώτη
598 1275 857 1345 ἐγένετο,
880 1276 1353 1343 ἡγεμονεύοντος
1379 1271 1489 1341 τῆς
1513 1273 1735 1340 Συρίας
1760 1271 1807 1323 Κ
1818 1288 1957 1338 opn-

375 1372 532 1425 νίου.
591 1369 700 1422 Καὶ
778 1369 1141 1435 ἐπορεύοντο
1209 1365 1432 1430 πάντες
1507 1363 1961 1432 ἀπογράφεσθαι

374 1463 633 1526 ἕκαστος
665 1465 751 1527 εὶς
774 1462 888 1529 τὴν
921 1461 1086 1515 ἰδίαν
1127 1459 1332 1512 πόλιν.
1375 1456 1583 1523 Ἀνέϐη
1612 1456 1681 1508 δὲ
1711 1456 1806 1507 καὶ
1853 1457 1966 1508 Ἰω-

376 1556 505 1623 σὴφ
541 1554 660 1608 ἀπὸ
695 1553 807 1622 τῆς
841 1553 1270 1618 Γαλι.1αίαςέκ
1301 1552 1537 1618 πόλεως
1573 1551 1840 1617 Ναζαρὲτ
1881 1553 1964 1612 εἰς

376 1650 492 1714 τὴν
525 1645 851 1706 Ἰουδαίαν.
909 1648 996 1710 είς
1051 1645 1236 1698 πόλιν
1286 1644 1485 1707 Δαόὶδ,
1525 1643 1659 1711 ἣτις
1693 1641 1962 1696 καλεῖται

374 1738 675 1807 Βηθλεὲμ,
709 1737 808 1790 διὰ
856 1737 924 1789 τὸ
965 1732 1120 1789 εἶναι
1175 1736 1366 1789 αὐτὸν
1393 1735 1461 1798 ἐξ
1485 1737 1656 1789 οἴκου
1699 1734 1799 1787 καὶ
1850 1749 1960 1786 πα-

2055 639 2272 681 ventum
2335 643 2652 697 persecutus
2708 641 2901 687 esset:

2056 717 2268 769 domum
2351 719 2590 772 viderunt
2680 735 2902 786 puerum
2994 737 3115 774 cum
3200 720 3379 775 Maria
3478 736 3647 778 matre

375 815 622 868 παιδίον
680 813 826 877 μετὰ
870 815 1104 880 Μαρίας
1137 812 1248 882 τῆς
1299 814 1540 881 μητρὸς
1588 811 1799 874 αὐτοῦ,
1855 811 1954 865 καὶ

2077 807 2195 877 rjus,
2265 819 2312 861 et
2395 811 2720 878 procidentes
2803 813 3158 866 adoraverunt
3242 830 3362 867 eum
3395 817 3434 867 ¹.

2057 536 2352 605 pertinent,
2431 537 2718 606 diligenter
2799 553 2968 608 usque
3046 541 3113 595 ad
3199 542 3473 611 Magorum
3545 549 3645 601 ad-

2972 633 3042 686 Et
3091 636 3372 701 intrantes,
3447 639 3640 707 inquit,

3532 815 3648 868 Ma-

2060 917 2196 971 gnus
2249 914 2429 956 autem
2482 902 2678 970 Lucas,
2732 905 2893 959 altius
2946 907 3217 961 sermonis
3287 909 3498 962 initium
3551 911 3651 961 dn-

2059 1010 2230 1051 cens:
2261 994 2430 1059 Exiit,
2462 997 2654 1065 inquit,
2696 999 2926 1051 edictum
2960 1016 2992 1052 a
3029 998 3239 1052 Ca'sare
3293 999 3554 1068 Augusto,
3592 1011 3648 1053 ut

2062 1084 2448 1138 describeretnr
2483 1088 2762 1140 universus
2792 1089 2950 1142 orbis.
2977 1088 3108 1141 "th
3131 1099 3307 1142 autem
3365 1093 3649 1159 descriptio

2060 1172 2230 1238 prima
2263 1171 2406 1238 facta
2443 1183 2516 1225 est
2546 1190 2578 1226 a
2611 1177 2839 1241 prwside
2879 1174 3050 1244 Syria:
3119 1176 3335 1246 Cyrino,
3396 1187 3446 1232 et
3501 1180 3648 1231 ibant

2061 1275 2260 1322 omnes,
2313 1267 2372 1311 ut
2399 1260 2825 1316 describerentur
2865 1265 3064 1332 singuli
3111 1268 3162 1319 in
3211 1269 3485 1336 propriam
3525 1270 3652 1321 civi.

2062 1361 2241 1406 talem.
2270 1355 2516 1406 Ascendit
2548 1366 2722 1408 autem
2749 1366 2796 1408 et
2827 1354 3022 1423 Ioseph
3070 1375 3097 1412 e
3147 1357 3374 1412 Calilwa
3402 1374 3466 1412 ex
3524 1361 3656 1413 civi-

2063 1452 2170 1495 tate
2199 1442 2466 1497 Naznretlt
2504 1446 2559 1498 in
2616 1444 2866 1500 Judwam
2898 1449 2951 1500 in
2971 1450 3238 1503 civitatem
3288 1450 3484 1515 David,
3537 1469 3656 1521 qua:

2066 1545 2288 1586 vocatur
2321 1534 2603 1598 Bethleem,
2636 1553 2696 1590 eo
2719 1540 2858 1605 quod
2917 1549 3052 1593 esset
3115 1544 3221 1609 ipse
3284 1543 3348 1594 de
3386 1543 3539 1596 domo
3607 1555 3657 1596 et

2068 1627 2247 1692 patria
2285 1625 2472 1688 David,
2507 1635 2564 1678 ut
2596 1629 2990 1682 describeretur
3020 1648 3138 1684 cum
3195 1631 3378 1686 Maria
3437 1636 3655 1701 despon-

2069 1729 2184 1770 sata
2218 1719 2320 1770 sibi
2355 1735 2520 1772 uxore
2546 1732 2879 1788 pra'gnante.
2921 1721 3148 1777 Factum
3174 1737 3251 1779 est
3287 1737 3484 1790 autem,
3539 1744 3659 1778 cum

377 1797 544 1899 tpitic
565 1797 765 1893 Διιέὶδ,
793 1827 1266 1897 ἀπογράψασθαι
1303 1827 1426 1881 σὺν
1448 1828 1685 1896 Μαριὰμ
1723 1826 1798 1894 τῇ
1819 1844 1964 1895 μεμο

2077 1821 2246 1862 essent
2280 1810 2376 1874 ibi,
2424 1811 2627 1879 impleti
2659 1824 2778 1864 sunt
2808 1815 2938 1878 dies,
2975 1825 3030 1866 ut
3067 1827 3294 1882 parent,
3349 1827 3400 1870 et
3461 1821 3660 1887 peperit

374 1923 762 1994 νηστευμένῃ
793 1921 982 1973 αὐτοῦ
1023 1919 1284 1988 γυναικὶ,
1333 1919 1494 1986 οὔσῃ
1527 1920 1750 1988 ἐγκύῳ.
1809 1919 1968 1986 Ἐγέ-

378 2033 516 2070 νετο
548 2014 616 2068 δὲ
643 2014 713 2067 ἐν
758 2012 836 2078 τῷ
862 2009 1018 2066 εἶναι
1046 2011 1270 2077 αὐτοὺς
1295 2011 1438 2076 ἐκεῖ,
1468 2012 1876 2079 ἐπλήσθησαν
1907 2015 1965 2066 al

379 2105 593 2174 ἡμέραι
640 2103 745 2156 τοῦ
798 2103 995 2156 τεκεῖν
1031 2102 1250 2169 αὐτὴν,
1315 2102 1410 2154 καὶ
1453 2103 1622 2155 ἔτεκε
1683 2102 1792 2155 τὸν
1829 2101 1967 2154 Υίύν

376 2196 570 2266 αὐτῆς
620 2199 730 2250 τὸν
759 2196 1169 2264 πρωτότοκον,
1213 2196 1310 2248 καὶ
1347 2195 1828 2263 ἐσπαργάνωσεν
1858 2198 1967 2249 αὑ-

380 2291 510 2354 τὸν,
546 2289 645 2342 καὶ
670 2287 997 2343 ἀνέκλινεν
1019 2288 1208 2341 αὐτὸν
1236 2288 1305 2340 ἐν
1331 2289 1404 2354 τῇ
1427 2288 1647 2356 φάτνῃ,
1679 2287 1832 2341 διότι
1854 2292 1965 2344 οὐκ

379 2379 460 2454 ἧν
493 2382 703 2448 αὐτοῖς
739 2382 924 2448 τόπος
954 2383 1024 2434 ἐν
1048 2382 1126 2446 τῷ
1150 2383 1546 2449 καταλύματι.
1579 2381 1755 2433 Πολλὰ
1789 2383 1844 2435 δὲ
1872 2385 1967 2436 καὶ

381 2477 517 2532 ἄλλα
554 2475 836 2548 μαρτύρια
865 2475 958 2528 τοῦ
989 2475 1088 2546 τὴν
1111 2477 1388 2543 πάναγνον
1448 2475 1720 2546 παρθένον
1746 2476 1968 2548 Μαρίαν

381 2574 646 2642 γεννῆσαι
717 2571 862 2627 κατὰ
918 2571 1098 2642 σάρκα
1132 2572 1224 2623 τὶν
1280 2571 1486 2642 Κύριον
1546 2571 1706 2642 ἡμῶν
1755 2571 1967 2640 Ἰησοῦν

381 2665 618 2734 Χριστὸν
658 2663 748 2716 τὸν
785 2662 914 2716 Υἱὸν
945 2661 1040 2716 τοῦ
1068 2661 1202 2715 Θεοῦ
1223 2664 1318 2715 καὶ
1345 2663 1476 2716 Θεὸν
1507 2663 1568 2714 ἔκ
1600 2681 1658 2715 τε
1681 2664 1782 2734 τῆς
1805 2665 1971 2732 εὐαγ-

384 2755 616 2824 γελικῆς
646 2755 832 2825 βίϐλου
859 2756 952 2807 καὶ
982 2755 1080 2824 τῆς
1104 2755 1498 2825 ἁποστολικῆς,
1530 2755 1758 2820 ἅστινας
1801 2757 1970 2825 μόνας

383 2849 702 2914 ἀσπάζεσθέ
765 2866 825 2901 τε
881 2849 978 2902 καὶ
1027 2848 1421 2918 καταδέχεσθε,
1449 2849 1555 2901 τῶν
1583 2849 1760 2904 ἄλλων
1801 2868 1970 2903 κατα-

391 2939 743 3011 φρονοῦντες.
779 2941 953 3003 Λύτός
985 2957 1042 2992 τε
1070 2941 1178 3009 γὰρ
1200 2941 1235 2992 ’ὁ
1266 2941 1457 3010 Σωτὴρ
1488 2942 1652 3012 ἡμῶν
1685 2942 1968 3013 πανταχοῦ

389 3031 482 3084 τοῦ
512 3031 848 3100 Εὖαγγελίου
881 3031 1011 3084 Υἱὸν
1045 3031 1336 3101 ανθρώπου
1364 3034 1559 3086 ἑαυτὸν
1589 3035 1848 3104 ὀνομάζει
1881 3035 1970 3088 διὰ

2069 1901 2239 1968 ﬁlium
2266 1917 2422 1954 suum
2453 1903 2859 1972 primogenitum
2927 1915 2974 1957 et
2998 1912 3189 1975 pannis
3256 1926 3373 1962 eum
3422 1912 3658 1975 involvit,

2071 2003 2121 2048 et
2149 1995 2428 2047 reclinavit
2460 1995 2516 2048 in
2544 1999 2826 2065 pra’sepio,
2861 1999 2986 2067 quia
3035 2015 3136 2052 non
3187 2010 3304 2054 erat
3343 2002 3449 2054 illis
3511 2003 3657 2056 locus

2068 2088 2122 2139 in
2144 2086 2436 2141 diversorio
2469 2089 2514 2141 ’.
2579 2087 2714 2142 Sunt
2751 2091 2912 2142 etiam
2945 2090 3050 2143 alia
3089 2092 3254 2145 multa
3327 2094 3658 2154 testimonia.

2071 2179 2268 2245 quibus
2359 2187 2580 2233 constat
2629 2180 3034 2236 sanctissimam
3108 2182 3375 2252 Virginem
3432 2184 3657 2238 Marium

2069 2272 2321 2339 genuisse
2386 2272 2686 2328 secundum
2760 2290 2978 2330 carnem
3071 2277 3359 2333 Dominum
3420 2292 3662 2334 nostrum

2072 2363 2256 2418 Jesum
2286 2365 2564 2420 Christum
2598 2366 2794 2422 Filium
2823 2370 2915 2426 Dei
2946 2381 3000 2424 et
3034 2371 3225 2438 Deum,
3271 2384 3378 2428 tam
3400 2389 3466 2429 ex
3499 2391 3667 2431 evan.

2073 2458 2282 2528 gelicis,
2310 2473 2469 2526 quam
2507 2475 2570 2513 ex
2596 2462 2915 2528 apostolicis
2947 2464 3122 2525 libris,
3149 2481 3285 2534 quos
3346 2468 3491 2523 solos
3541 2483 3666 2522 sus-

2083 2549 2284 2618 ripitis,
2317 2551 2554 2618 reliquos
2581 2553 2968 2617 improbanles.
3006 2555 3142 2609 Nam
3175 2559 3367 2628 etipse
3402 2545 3666 2616 Se‘rvator

2075 2655 2258 2698 noster
2283 2645 2482 2712 ubique
2507 2661 2566 2699 se
2599 2650 2655 2700 in
2683 2646 2977 2715 Evangelia
3004 2647 3198 2703 Filium
3231 2651 3465 2706 hominis
3486 2665 3664 2715 vocat.

2073 2736 2257 2791 habita
2311 2735 2520 2792 ratione
2557 2753 2697 2792 verte
2730 2742 2921 2795 matris
2951 2756 3082 2796 sua}.
3129 2745 3193 2798 Et
3224 2745 3381 2800 divus
3431 2747 3664 2815 Aposto.

2076 2829 2208 2885 lus:
2235 2829 2398 2896 Misit,
2430 2831 2625 2900 inquit,
2652 2831 2795 2886 Dens
2823 2831 3024 2887 Filium
3049 2853 3201 2888 suum
3233 2837 3432 2906 factum
3458 2857 3523 2894 ea:
3549 2857 3669 2893 mtt-

2076 2919 2202 2974 liere
2225 2921 2266 2984 ⁸,
2297 2931 2353 2974 ιιι
2403 2933 2598 2976 caetera
2662 2924 2995 2979 omittamus.
3025 2926 3180 2992 Quod
3210 2931 3254 2984 si
3298 2930 3383 2985 his
3426 2935 3669 3001 oppressi

2078 3012 2407 3068 testimoniis
2432 3015 2709 3069 Christum
2742 3030 2773 3068 e
2811 3016 2954 3072 cmlo
2983 3034 3185 3087 corpus
3219 3020 3478 3076 detulisse
3538 3039 3670 3079 con-

391 3125 488 3195 τὴν
521 3125 792 3194 ἄχραντον
827 3125 994 3178 αὐτοῦ
1026 3125 1277 3194 Μητέρα,
1330 3127 1427 3179 καὶ
1487 3128 1514 3179 ὁ
1547 3127 1691 3190 θεῖος
1732 3127 1968 3190 Παῦλος,

2080 3106 2301 3177 litigent,
2335 3108 2438 3162 illis
2495 3124 2848 3163 occurremus
2939 3111 3006 3164 ad
3061 3113 3202 3167 hunc
3273 3117 3490 3169 modum
3555 3117 3670 3170 :Si

403 3213 853 3278 Ἐξαπέστειλε,
894 3215 1082 3284 φησὶν,
1118 3218 1150 3269 ό
1174 3217 1318 3282 Θεὸς
1343 3217 1449 3269 τὸν
1492 3219 1628 3270 Υίόν
1654 3217 1846 3271 αὐτοῦ
1877 3235 1973 3286 τε·-

389 3305 648 3373 νόμενον
679 3305 747 3357 ἐκ
797 3306 1110 3372 γυναικὸς,
1157 3306 1244 3358 ἵνα
1295 3305 1465 3360 τᾶλλα
1517 3308 1789 3378 ἐάσωμεν.
1825 3309 1888 3362 Εἰ
1917 3309 1974 3362 δὲ

393 3397 894 3466 στενοχωρούμενοι
927 3397 1142 3460 τούτοις
1183 3399 1392 3451 ἀνωθεν
1419 3401 1479 3451 τὸ
1511 3401 1672 3469 σῶμα
1703 3418 1974 3469 συγκατε·

395 3491 616 3557 νεγκείν
653 3490 744 3542 τὸν
775 3489 1013 3560 Χριστὸν
1042 3490 1523 3558 τερατολογοῦσιν,
1577 3493 1975 3562 ἀπαντήσομεν

392 3584 577 3644 αὐτοῖς
612 3581 810 3645 οὕτως’
846 3582 908 3634 Ei
934 3577 1028 3635 οῦν
1057 3582 1310 3652 οὐράνιον
1339 3579 1406 3654 ἧν
1429 3583 1489 3635 τὸ
1527 3583 1687 3652 σῶμα
1715 3584 1807 3637 ’τοῦ
1838 3586 1976 3656 Χριο

396 3674 548 3743 στοῦ,
584 3675 683 3728 οὐκ
718 3675 783 3729 ἂν
800 3677 913 3738 τοῖς
939 3673 1302 3745 ἀνθρωπίνοις
1331 3673 1592 3728 ὑπέκειτο
1616 3675 1836 3743 πάθεσι,
1862 3681 1976 3740 τοῖς

393 3767 764 3838 ἀδιαὸλήτοις,
787 3768 952 3835 λέγω,
983 3766 1168 3837 πείνῃ,
1205 3769 1302 3820 καὶ
1349 3767 1498 3839 δίψῃ,
1537 3767 1633 3821 καὶ
1672 3767 1846 3838 ὕπνῳ,
1881 3769 1976 3821 καὶ

395 3857 574 3926 κόπῳ,
599 3859 696 3910 καὶ
722 3858 891 3929 λύπῃ,
927 3861 1022 3910 καὶ
1047 3858 1304 3928 δάκρυσι,
1340 3861 1434 3912 καὶ
1469 3860 1570 3912 ὅσα
1618 3863 1867 3913 τοιαῦτα.
1915 3861 1978 3913 Ei

393 3951 651 4020 οὖράνιος
699 3951 989 4022 ἄνθρωπος
1018 3947 1107 4022 ἦν,
1149 3945 1193 4020 ᾧ
1241 3952 1364 4003 καθ’
1399 3952 1698 4005 ὑπόστασιν
1728 3955 1755 4006 ὁ
1805 3954 1980 4022 Λόγος

398 4042 608 4112 ὴνώθη,
638 4042 740 4094 οὐκ
771 4041 838 4094 ἂν
869 4037 935 4111 ἦν
963 4041 1206 4112 φθαρτὸς
1266 4043 1361 4094 καὶ
1391 4041 1584 4110 θνητὸς
1618 4040 1817 4112 ἐπίσης
1868 4043 1983 4103 τοῖς

395 4134 688 4202 ἐπιγείοις.
719 4135 784 4186 Οἱ
813 4133 976 4202 φύσει
997 4137 1103 4205 γὰρ
1129 4134 1374 4204 οὐράνιοι
1407 4132 1504 4185 καὶ
1541 4135 1747 4198 ζῶντες
1778 4135 1980 4198 πάντες

396 4227 666 4297 ἄφθαρτοι
697 4227 792 4279 καὶ
821 4226 1110 4282 ἀθάνατοι.
1142 4227 1236 4289 Τίς
1265 4226 1322 4279 δὲ
1354 4228 1514 4296 χρεία
1539 4228 1638 4296 τῆς
1672 4229 1735 4279 ὲκ
1772 4226 1985 4296 ﬂag“.-

397 4338 490 4373 νου
517 4321 848 4390 γεννήσεως,
879 4320 926 4370 εξ
985 4319 1125 4388 μηδὲ
1155 4321 1227 4370 ὲκ·
1261 4320 1470 4389 ταύτης
1511 4321 1851 4390 προσέλαϐεν
1901 4323 1982 4385 εἰς

396 4415 496 4482 τὴν
527 4412 621 4479 τῆς
654 4410 1002 4481 ἀνθρωπίνης
1031 4409 1248 4478 φύσεως
1283 4411 1586 4474 σύστασινς
1620 4411 1743 4474 Πῶς
1773 4413 1830 4464 δὲ
1854 4414 1982 4476 τοὺς

2078 3199 2280 3254 Christi
2317 3214 2515 3268 corpus
2549 3199 2744 3257 fuisset
2783 3203 3025 3266 t'mleste,
3088 3203 3340 3259 humanis
3369 3205 3675 3261 ali‘ectioni-

2080 3296 2178 3346 ltus
2210 3293 2364 3361 culpa
2387 3301 2566 3346 tamen
2586 3293 2896 3348 carentibus
2910 3295 3203 3350 obnoxium
3231 3300 3668 3364 uouexstitisset,

2079 3384 2132 3438 id
2158 3395 2240 3439 est
2269 3385 2419 3450 l'atni,
2462 3397 2516 3440 et
2570 3387 2680 3450 siti,
2746 3396 2802 3441 et
2861 3403 3074 3454 somno,
3119 3400 3175 3444 et
3241 3392 3564 3456 lassitudini,
3617 3404 3670 3448 et

2081 3477 2326 3539 IIICBl'Ol'i,
2367 3487 2421 3531 et
2449 3479 2726 3548 lacrymis,
2751 3488 2804 3532 et
2855 3484 3073 3534 caeteris
3121 3482 3370 3549 ejusdem
3425 3485 3666 3552 generis.

2082 3567 2137 3621 Si
2169 3568 2405 3622 ctelestis
2441 3569 2602 3623 homo
2633 3570 2824 3624 luisset
2854 3570 2965 3632 ille.
2996 3573 3085 3626 eui
3136 3573 3189 3626 in
3246 3588 3478 3641 persona
3535 3592 3672 3632 con-

2079 3660 2324 3730 iunctum
2366 3669 2450 3715 est
2507 3661 2766 3726 Verbum,
2800 3678 2906 3718 non
2963 3664 3156 3721 fuisset
3210 3670 3581 3737 corruptibilis
3614 3681 3671 3725 et

2085 3753 2347 3818 mortalis,
2401 3756 2857 3822 quemadmodum
2949 3767 3162 3812 terrena
3227 3773 3354 3813 sttnt
3417 3777 3667 3832 corpora.

2080 3850 2211 3913 Quae
2252 3849 2398 3901 enim
2451 3848 2697 3902 cmlestia
2734 3850 2964 3917 vivaque
3013 3863 3162 3916 sunt,
3214 3866 3276 3906 ea
3329 3869 3427 3908 nec
3484 3871 3674 3908 corru-

2082 3945 2342 4011 ptionem,
2371 3956 2469 3994 nec
2496 3951 2725 3995 mortem
2762 3944 3024 3996 sentiunt.
3063 3942 3334 4000 Praeterea
3369 3947 3494 4016 quid
3535 3965 3672 4020 Opus

2084 4034 2247 4088 fuite
2301 4033 2526 4102 Virgine
2563 4037 2734 4098 nasci,
2777 4037 2820 4088 si
2883 4036 3016 4089 nihil
3064 4052 3127 4090 ex
3180 4053 3245 4092 ea
3302 4039 3369 4092 ad
3423 4039 3672 4095 humana:

2085 4136 2290 4181 natura:
2321 4128 2758 4182 constitutionem
2797 4129 3053 4197 accepit?
3107 4129 3188 4183 Ad
3251 4130 3365 4185 haec
3394 4146 3490 4185 cur
3543 4147 3667 4186 cum

2085 4219 2354 4286 apostolos
2401 4219 2678 4274 docuisset
2727 4235 2786 4275 se
2842 4236 2962 4275 esse
3009 4221 3254 4276 hominis
3300 4221 3518 4289 Filium,
3548 4239 3674 4291 pro-

2084 4325 2209 4384 p'er
2246 4329 2428 4366 verum
2465 4322 2693 4367 tuntrem
2743 4325 2977 4369 suamet
3006 4315 3098 4369 Dei
3131 4316 3477 4382 genitricem,
3530 4317 3677 4370 misit

2088 4421 2181 4460 eos
2206 4421 2484 4474 prteconcs
2519 4408 2568 4460 in
2599 4408 2914 4462 universum
2981 4409 3169 4462 orbem
3230 4418 3521 4474 terrarum,
3582 4411 3674 4478 qui

400 4503 737 4564 ἀποστόλους
762 4502 999 4567 διδάξας,
1024 4502 1106 4553 ὅτι
1137 4501 1259 4562 Υἱῦς
1286 4504 1434 4554 ἐστιν
1458 4503 1748 4571 ἀνθρώπου
1779 4504 1866 4556 διὰ
1887 4504 1973 4574 rip

2091 4499 2216 4551 illttd
2248 4499 2425 4567 ipsum
2459 4500 2837 4566 praedicarent,
2870 4515 3062 4566 nempe
3089 4515 3151 4554 se
3190 4515 3411 4554 carnem
3485 4501 3676 4556 huma-

404 4594 678 4662 ἄχραντον
713 4591 880 4644 αὑτοῦ
914 4592 1146 4660 Μητέρα
1180 4592 1276 4644 καὶ
1301 4593 1587 4658 Θεοτόκον,
1631 4595 1984 4660 ἐξαπέστειλε

405 4689 653 4756 κήρυκας
682 4686 760 4748 εἰς
794 4684 894 4754 τὴν
941 4685 1293 4754 οἰκουμένην,
1331 4687 1463 4740 αὐτὸ
1513 4687 1674 4742 τοῦτο
1721 4687 1982 4758 βοῶντας,

401 4777 484 4830 ὅτι
517 4775 942 4847 ἑνηνθρώπησεν
968 4779 1031 4830 ὲκ
1054 4778 1336 4849 Παρθένου
1363 4780 1644 4850 γεννηθείς
1674 4796 1688 4843 ;
1720 4780 1989 4847 Εὑρίσκε-

402 4884 494 4920 ται
524 4867 651 4937 γὰρ,
676 4868 819 4919 κατὰ
852 4869 979 4931 τοὺς
1004 4869 1264 4922 τάναντία
1294 4869 1754 4940 δογματίζοντας,
1781 4870 1842 4922 οὐ
1877 4870 1991 4922 Σω-

407 4959 510 5029 τὴρ
539 4958 726 5028 ἡμῶν,
755 4960 891 5013 ἀλλὰ
930 4961 1219 5031 πολέμιος,
1244 4962 1354 5014 οὐδ’
1377 4962 1698 5034 εὐεργέτης,
1726 4962 1864 5015 illi:
1887 4962 1989 5015 λοι·

411 5053 530 5122 μὸς,
562 5052 756 5120 ψευδὲς
795 5055 928 5122 ἡμῖν
968 5053 1194 5116 ὑποθεὶς
1214 5054 1277 5106 τὸ
1303 5053 1557 5122 Θεμέλιον
1589 5055 1689 5122 τῆς
1726 5056 1986 5117 πίστεως,

409 5146 528 5214 ἦτοι
560 5146 658 5215 τὴν
704 5145 901 5198 ἐκτῶν
959 5146 1144 5214 ἁγνῶν
1197 5149 1293 5200 καὶ
1342 5147 1692 5218 παρθενικῶν
1739 5151 1990 5217 αἱμάτων

410 5238 830 5307 ένανθρώπησιν
851 5238 1040 5299 αὑτοῦ,
1085 5241 1180 5292 καὶ
1211 5241 1324 5301 τοῖς
1365 5238 1677 5310 ἀνθρώποις
1711 5241 1988 5309 ὁμοίωσιν.

423 5331 563 5384 Ἀλλ’
582 5330 739 5393 ἵλεως
757 5333 890 5401 ἡμῖν
912 5335 997 5402 εἴη
1016 5333 1219 5402 Κύριος
1238 5333 1588 5402 ἀνεχομένοις
1612 5332 1746 5394 ὅλως
1772 5333 1992 5385 ἀκούειν

413 5423 509 5492 τῆς
546 5423 884 5496 τηλικαύτης
938 5425 1314 5497 βλασφημίας,
1372 5427 1446 5496 μὴ
1511 5426 1593 5478 ὃτι
1640 5442 1703 5493 γε
1755 5427 1849 5480 καὶ
1905 5427 1994 5478 διὰ

415 5509 664 5581 γλώττης
707 5511 912 5583 ταύτην
947 5515 1265 5583 προφέρειν,
1319 5514 1444 5567 ἐπεὶ
1474 5514 1570 5566 καὶ
1608 5513 1734 5575 τοὺς
1756 5513 1993 5565 ἀποπτύ-

417 5601 544 5666 λους
577 5603 750 5667 αὐτὸς
774 5605 1136 5678 πληροφορῶν
1166 5607 1194 5658 ὁ
1231 5605 1424 5677 Σωτὴρ
1460 5605 1598 5677 μετὰ
1628 5604 1728 5676 τὴν
1761 5604 1996 5658 ἀνάστα-

487 5767 503 5798 ¹
546 5767 728 5824 Mattb.
767 5784 826 5833 tt,
859 5769 943 5822 Η.

1043 5770 1061 5800 ⁸
1097 5767 1227 5826 Luc.
1293 5785 1352 5835 ιι,
1398 5769 1525 5824 1-
1590 5769 1639 5822 7.
1719 5769 1739 5800 ³
1795 5767 1971 5823 Galat.
2004 5784 2076 5833 tv.

2091 4605 2216 4642 nam
2249 4604 2314 4642 ex
2350 4587 2568 4658 Virgine
2616 4591 2920 4658 suscepisse
2952 4601 3113 4657 atque
3134 4592 3407 4644 hominem
3472 4591 3672 4644 factum

2087 4683 2254 4737 esse?
2307 4681 2384 4734 Ex
2433 4682 2676 4735 doctrina
2749 4683 2892 4736 enim
2947 4681 3174 4736 istorum
3229 4685 3321 4750 qui
3402 4687 3675 4738 CODll'el'itl

2091 4774 2314 4839 docent,
2363 4773 2796 4840 deprehenditur
2826 4788 2932 4826 non
2993 4771 3253 4826 Servator
3316 4785 3525 4837 noster,
3579 4774 3676 4828 sed

2088 4867 2374 4934 inimicus,
2407 4885 2514 4922 non
2555 4869 2714 4933 bene,
2749 4869 2840 4922 sed
2891 4868 3034 4922 male
3085 4869 3152 4923 de
3203 4871 3360 4925 nobis
3427 4875 3678 4937 meriti»,

2089 4965 2179 5033 qui
2235 4963 2431 5017 falsum
2510 4966 2663 5018 nobis
2695 4965 2814 5019 lidei
2891 4964 3300 5020 fundamentum
3357 4966 3676 5035 subiecerit,

2089 5071 2240 5109 suam
2268 5056 2518 5109 nimirum
2545 5059 2727 5111 carnis
2756 5074 2818 5112 ex
2871 5060 3039 5114 castis
3087 5061 3446 5127 sanguinibus
3491 5074 3681 5114 susce-

2093 5150 2327 5215 ptionem
2410 5149 2812 5220 humanamque
2882 5151 3309 5206 similitudinem.
3369 5152 3472 5205 Sed
3527 5152 3682 5205 nobis

2093 5240 2363 5308 propitius
2389 5244 2457 5294 sit
2491 5240 2652 5303 Deus,
2688 5244 2730 5296 si
2763 5253 2870 5296 tam
2915 5245 3251 5299 exsecranda
3279 5244 3562 5297 maledicta
3599 5243 3683 5296 vel

2099 5335 2311 5398 audire,
2335 5336 2528 5387 nedum
2562 5335 2739 5404 lingua
2773 5335 3019 5404 proferre
3047 5337 3432 5392 sustineamus.
3499 5334 3684 5401 Quan-

2101 5426 2389 5492 doquidem
2431 5436 2485 5480 et
2513 5428 2775 5496 apostolis
2809 5429 2969 5482 {idem
3026 5429 3230 5482 faciens
3260 5429 3374 5495 ipse
3426 5424 3684 5481 Servator

2102 5527 2222 5586 post
2253 5521 2730 5584 resurrectionem,
2768 5534 2836 5576 ne
2867 5535 2927 5574 se
2957 5529 3230 5588 spectrum
3283 5519 3682 5584 existimarent,

2102 5607 2196 5662 scd
2224 5609 2398 5678 ipsum
2475 5627 2663 5668 verum
2718 5610 2911 5674 Deum,
2963 5611 3054 5680 qui
3115 5625 3182 5665 ex
3237 5621 3410 5666 matre
3461 5610 3684 5680 Virgine

2145 5771 2198 5825 4.
