4132 6402
572 278 704 350 ιξιθ

1802 268 2189 328 EUTiIYMIl
2232 266 2597 326 ZIGABENI

3705 267 3847 334 1220

562 408 786 450 carnem
817 389 1187 458 suscepisset:
1226 385 1430 449 Videte,
1459 383 1655 453 inquit,
1683 397 1875 434 altanus
1914 395 2056 433 meas
2104 389 2153 432 et

2268 398 2375 446 σιν,
2413 381 2493 434 ὅτι
2526 381 2587 433 οὐ
2624 382 2818 449 φάσμα
2869 380 3198 452 θεωροῦσιν,
3249 382 3367 437 ἀλλ’
3414 383 3579 438 αὑτὸν
3628 383 3847 457 ἀληθῶς

561 488 715 555 pedes
749 500 914 547 meos,
939 484 1061 549 quia
1089 496 1181 549 ego
1210 480 1319 547 ipse
1346 492 1487 531 sum.
1523 475 1747 543 Palpate
1810 489 1913 533 me,
1961 481 2010 526 et
2058 472 2141 524 vi-

564 579 706 643 dete,
746 575 872 642 quia
916 573 1135 638 spiritus
1167 583 1377 621 carnem
1416 575 1465 619 et
1498 582 1619 619 ossa
1648 579 1752 617 non
1802 564 1981 626 habet,
2019 562 2156 615 sicut

566 685 646 721 me
673 666 859 721 videtis
887 664 1076 717 habere
1110 662 1150 713 ⁸.
1180 660 1405 714 Thonue
1447 672 1578 711 vero
1614 656 1838 726 vestigia
1869 654 2149 708 clavorum

567 771 624 812 et
676 760 814 811 latus
843 754 1137 810 ostendens
1179 752 1389 805 lirmius
1415 752 1579 805 etiam
1612 749 1857 805 veritatis
1912 752 2157 803 testimo-

569 850 716 902 nium
744 847 894 902 dedit
923 863 937 900 :
970 859 1099 899 caro
1125 844 1270 898 enim
1298 851 1352 896 et
1383 857 1529 904 ossa,
1557 851 1611 895 et
1641 855 1895 895 manuum
1929 839 2157 909 pedum-

566 953 673 1008 que
689 936 988 1001 Ioraiiiitia,
1012 945 1068 991 et
1095 935 1281 991 lateris
1310 934 1557 999 cicatrix,
1585 935 1697 988 veri
1721 942 1853 988 sunt
1910 930 2157 999 corporis

568 1042 720 1101 prop:
737 1046 809 1083 ta.

641 1323 919 1393 Quomodo
939 1319 1239 1382 cwleslem,
1270 1331 1373 1372 non
1402 1325 1580 1370 autem
1609 1316 1905 1370 humanam
1931 1329 2150 1371 carnem

569 1418 847 1472 Christum
886 1413 1067 1467 dicitis
1119 1409 1386 1473 imluisse,
1423 1424 1547 1462 cum
1604 1407 1895 1475 Apostolus
1946 1408 2094 1460 dicat
2135 1423 2150 1460 :

574 1510 677 1574 Qui
710 1507 1035 1575 sanetiﬁcat,
1065 1512 1113 1557 et
1144 1503 1233 1574 qui
1269 1502 1667 1569 sanctiﬁcatur,
1702 1515 1767 1553 eo:
1798 1515 1903 1553 uno
1952 1514 2153 1554 omnes.

575 1606 696 1668 Qua
722 1604 784 1654 de
810 1616 971 1654 causa
992 1613 1097 1651 non
1118 1597 1397 1660 erubescit,
1434 1597 1635 1664 inquit,
1687 1610 1776 1648 eos
1805 1593 1997 1662 fratres
2057 1611 2159 1664 ap-

573 1694 773 1748 pellare
797 1708 816 1747 :
842 1690 1140 1753 Nuntiabo,
1179 1689 1446 1757 inquiens,
1476 1704 1663 1741 nomen
1695 1699 1843 1739 tuum
1897 1685 2156 1755 fratribus

574 1789 701 1841 τηρεε
735 1788 779 1840 ¹.
807 1785 885 1839 Ex
923 1799 1028 1838 uno
1053 1795 1258 1845 autem,
1284 1781 1537 1835 nimirum
1573 1782 1764 1843 Adam,
1828 1790 1884 1831 ut
1912 1787 2057 1847 patet
2087 1792 2153 1833 ex

576 1877 734 1929 Lucae
796 1873 1135 1945 genealogis.
1204 1872 1271 1925 Et
1337 1885 1552 1924 rursum
1611 1886 1625 1922 :
1679 1868 1944 1933 Quoniam
2004 1870 2155 1937 pueri

573 1964 1092 2016 communicaverunt
1145 1961 1299 2013 carni
1355 1970 1404 2013 et
1487 1960 1777 2028 sanguini,
1864 1960 2041 2026 factus
2085 1972 2158 2012 est

571 2068 756 2108 eorum
801 2053 1065 2120 particeps
1098 2052 1140 2105 ³.
1169 2051 1237 2105 Et
1278 2065 1389 2120 quo
1414 2050 1654 2105 ccclesiis
1682 2050 1863 2104 carnis
1921 2051 2160 2118 suspicio

577 2146 876 2203 tolleretur.
895 2143 1170 2212 subjecit:
1208 2141 1333 2196 Non
1358 2144 1497 2195 enim
1545 2141 1759 2212 angelos
1792 2140 2158 2211 apprehendit,

572 2235 663 2289 sed
684 2250 857 2290 semen
887 2232 1116 2287 Abralue
1182 2232 1548 2301 apprehendit.
1609 2231 1789 2297 Quare
1832 2233 2014 2286 debuit
2065 2247 2156 2301 per

572 2328 751 2384 omnia
791 2324 1054 2396 fratribus
1106 2324 1298 2378 similis
1365 2323 1483 2392 fieri
1543 2322 1586 2379 ⁸.
1635 2324 1703 2378 Et
1756 2324 1862 2378 alia
1917 2325 2158 2393 ejusdem

572 2420 790 2488 generis
849 2417 1040 2472 multa.
1097 2416 1168 2470 At
1224 2416 1505 2483 Dominus,
1581 2417 1862 2486 inquiunt,
1915 2419 2052 2471 dixit
2103 2418 2158 2472 in

577 2503 916 2580 Evangelio:
961 2509 1132 2564 Nemo
1189 2512 1424 2565 ascendit
1454 2512 1511 2564 in
1553 2509 1764 2575 caelum,
1798 2510 1901 2564 nisi
1927 2511 2018 2581 qui
2064 2510 2160 2565 de-

571 2600 772 2655 scendit
800 2601 866 2654 de
915 2600 1066 2663 mlo,
1094 2598 1144 2653 Γ
1146 2601 1273 2655 ilius
1301 2602 1553 2665 hominis,
1579 2603 1673 2671 qui
1721 2612 1796 2655 est
1857 2604 1914 2655 in
1955 2603 2085 2655 caelo
2116 2604 2158 2659 ⁸.

574 2694 639 2747 Et
672 2694 1012 2761 Apostolus:
1068 2691 1285 2745 Primus
1319 2696 1476 2746 homo
1542 2696 1606 2747 de
1665 2701 1811 2745 terra
1880 2702 2159 2755 terrenus;

2262 468 2353 520 τὸν
2410 469 2474 522 ὲκ
2521 471 2796 541 παρθένου
2848 472 3075 541 Μητρός
3127 474 3636 543 ὲνανθρωπὴσαντα
3684 477 3845 545 Θεὸν,

2265 566 2401 632 φησί
2459 566 2595 634 πρὸς
2626 567 2849 627 αὐτοὺς,
2916 566 3106 620 Ἴδετε
3162 568 3273 632 τὰς
3337 568 3543 634 χεῖράς
3593 588 3708 637 μου
3745 572 3852 624 καὶ

2260 656 2404 721 τοὺς
2429 657 2623 723 πόδας
2641 673 2780 725 μου,
2805 657 2893 710 ὅτι
2923 659 3110 724 αὐτὸς
3133 656 3399 727 ἐγὼειμι.
3429 660 3852 730 Ψηλαςρήσατέ

2255 764 2354 817 με,
2398 748 2500 800 καὶ
2536 748 2715 814 ἴδετε,
2750 749 2845 801 ὅτι
2876 750 3114 815 πνεῦμα
3143 749 3345 818 σάρκα
3382 751 3482 804 καὶ
3507 752 3691 806 ὀστέα
3736 755 3853 806 οὐκ

2260 838 2413 908 ἔχει,
2445 839 2643 906 καθὼς
2674 840 2781 910 ἐμὲ
2832 841 3096 910 θεωρεῖτε
3142 842 3382 909 ἔχοντα.
3420 844 3528 896 Kal
3565 842 3642 913 τῷ
3674 845 3855 916 Θωμᾷ

2258 930 2317 983 δὲ
2351 930 2474 991 δοὺς
2517 929 2725 989 τύπους
2760 932 2870 984 τῶν
2909 933 3060 1001 ἥλων
3098 935 3196 985 καὶ
3230 933 3330 1003 τὴν
3360 934 3603 1005 πλευρὰν
3625 935 3850 1005 ὑποδειέ

2263 1022 2360 1086 ξας
2389 1022 2743 1093 βεϐαιότερον
2771 1026 2852 1087 εἰς
2880 1000 2979 1094 την
3005 1026 3102 1094 τῆς
3127 1000 3396 1095 ἀληθείας
3428 1000 3617 1080 πίστιν
3654 1000 3869 1097 εἰργάῗ

2264 1131 2415 1170 σατο.
2449 1114 2595 1185 Σὰρξ
2629 1118 2761 1186 γὰρ,
2793 1117 2891 1169 καὶ
2925 1117 3111 1181 ὀστέα,
3146 1123 3245 1172 καὶ
3296 1121 3611 1188 διατρήσεις
3644 1122 3844 1189 χειρῶν

2264 1212 2360 1264 καὶ
2385 1211 2585 1274 ποδῶν,
2620 1212 2717 1263 καὶ
2747 1210 2897 1275 νύξις
2920 1211 3165 1280 πλευρᾶς
3192 1212 3385 1281 γηῖνου
3433 1212 3688 1281 σώματος
3715 1213 3847 1265 ἴδια.

2338 1302 2462 1366 Πῶς
2487 1303 2678 1371 λέγετε
2720 1307 2813 1355 τὸν
2849 1304 3084 1373 Χριστὸν
3110 1304 3374 1374 οὐρανίαν
3410 1305 3589 1371 σάρκα
3623 1304 3847 1373 περιϐε-

2262 1394 2515 1464 6λῆσθαι,
2545 1396 2636 1447 καὶ
2659 1396 2756 1447 οὑκ
2778 1393 3150 1466 ἁεὶθρωπίνην,
3180 1397 3356 1449 καίτοι
3383 1397 3479 1450 τοῦ
3521 1397 3786 1450 Ἀποστόλ
3819 1389 3875 1479 ui

2266 1491 2595 1553 φάσκοντος,
2660 1488 2722 1541 Ὀ
2764 1489 3018 1557 ἁγιάζων
3071 1490 3172 1542 καὶ
3227 1494 3281 1543 οὶ
3346 1488 3723 1558 ἁγιαζόμενοι
3784 1488 3853 1551 ἐξ

2260 1581 2400 1646 ἐνὸς
2421 1580 2646 1646 πάντες
2670 1598 2683 1612 ο
2710 1581 2785 1635 δι’
2819 1580 2899 1648 ἦν
2920 1584 3120 1635 αἰτίαν
3138 1584 3248 1636 οὐκ
3270 1582 3724 1650 ἐπαισχύνεται,
3745 1600 3856 1652 φη-

2269 1674 2317 1726 o‘.
2327 1689 2378 1739 ν,
2392 1672 2697 1741 ἀδελφοὺς
2712 1673 2936 1739 αὐτοὺς
2953 1674 3164 1727 καλεῖν
3177 1674 3277 1743 λέγ
3292 1692 3396 1727 ωνσ
3424 1674 3773 1743 Ἀπαγγελῶ
3786 1676 3856 1729 τὸ

2261 1763 2453 1835 ὄνομά
2492 1781 2609 1820 σου
2644 1766 2770 1831 τοῖς
2789 1765 3081 1835 ἀδελφοῖς
3112 1785 3258 1836 μου.
3299 1766 3389 1831 Ἐξ
3426 1768 3542 1830 ἐνὸς
3579 1769 3635 1821 δὲ
3668 1768 3855 1833 τίνο;;

2262 1860 2369 1913 Τοῦ
2410 1861 2581 1931 Ἀδὰμ
2608 1861 2872 1928 δηλονότι,
2927 1862 3069 1914 κατὰ
3098 1861 3198 1931 τὴν
3239 1862 3425 1914 Λουκᾶ
3467 1862 3852 1930 γενεαλογίαν.

2264 1954 2372 2006 Kal
2404 1953 2588 2016 πάλιν,
2624 1954 2788 2007 Ἐπεὶ
2815 1953 2886 2006 τὰ
2915 1953 3131 2008 παιδία
3175 1953 3588 2021 κεκοινώνηκε
3615 1955 3856 2023 σαρκὸς

2264 2045 2364 2099 καὶ
2403 2045 2671 2113 αἵματος,
2712 2045 2809 2099 καὶ
2851 2044 3041 2110 αὐτὸς
3107 2046 3549 2112 παραπλησίως
3590 2051 3857 2113 μετέσχε

2260 2135 2620 2190 τῶναύτῶν.
2671 2137 2941 2207 Ἀναιρῶν
2975 2137 3033 2191 δὲ
3056 2138 3150 2191 καὶ
3173 2138 3273 2207 τὴν
3301 2137 3575 2207 ὑπόληψιν
3620 2138 3725 2203 τῆς
3753 2138 3856 2191 οὑ-

2265 2228 2454 2298 ρανίου
2492 2228 2697 2297 σαρκὸς
2719 2229 3021 2300 ἐπήγαγεν,
3067 2232 3150 2283 Οὐ
3182 2230 3293 2299 γὰρ
3339 2229 3542 2295 δήπου
3574 2230 3857 2299 ἀγγέλων

2259 2321 2756 2389 ἐπιλαμϐάνεται,
2811 2322 2978 2377 ἀλλὰ
3032 2321 3380 2391 σπέρματος
3430 2323 3683 2393 Ἀϐραὰμ
3719 2324 3854 2377 ἐπι-

2259 2410 2624 2479 λαμϐάνεται
2652 2428 2665 2443 ·
2690 2410 2829 2465 ὅθεν
2857 2412 3062 2480 65:8th
3112 2414 3265 2467 κατὰ
3286 2413 3484 2467 πάντα
3525 2415 3650 2480 τοῖς
3678 2413 3854 2469 ἀδελ-

2260 2500 2399 2569 φοῖς
2442 2501 2825 2569 ὁμοιωθῆναι.
2861 2504 2969 2555 Kal
3011 2502 3179 2555 πολλὰ
3212 2503 3455 2557 τοιαῦτα.
3515 2504 3658 2557 Ἀλλ’
3681 2508 3709 2558 6
3740 2506 3856 2559 K6-

2264 2611 2402 2662 ριος,
2441 2595 2630 2663 φασιν,
2686 2598 2881 2665 εἴρηκε
2938 2597 2996 2648 ἐν
3058 2598 3167 2660 τοῖς
3210 2598 3585 2666 Εὑαγγεὶλοις,
3639 2599 3855 2666 Οὐδεὶς

2260 2685 2645 2752 ἀναϐέϐηκεν
2670 2690 2759 2752 εις
2780 2688 2891 2741 τὸν
2922 2690 3209 2757 οὐρανὸν,
3243 2693 3296 2743 εὶ
3320 2690 3407 2758 μὴ
3442 2694 3474 2744 ὀ
3501 2691 3570 2743 ἐκ
3607 2691 3715 2745 τοῦ
3751 2695 3856 2746 οὐ·

574 2784 837 2838 secundus
878 2784 1035 2837 homo
1077 2783 1340 2838 Dominus
1369 2784 1435 2838 de
1487 2784 1616 2838 ωειο
1653 2783 1695 2836 ⁸.
1734 2783 1873 2838 Ecce
1929 2794 2154 2853 utroque

2259 2780 2449 2846 ρανοῦ
2480 2782 2765 2846 καταϐὰς,
2808 2785 2840 2835 ό
2883 2783 3018 2848 Υἱὸς
3076 2783 3180 2836 τοῦ
3215 2782 3550 2852 ἀνθρώπου,
3599 2789 3631 2837 ό
3661 2782 3750 2838 ὢν
3786 2787 3857 2838 ἐν

574 2879 628 2932 in
671 2877 792 2933 loco
815 2877 1056 2933 cmlestis
1121 2879 1454 2932 nominatur.
1488 2876 1570 2931 Ad
1596 2878 1712 2931 haec
1740 2893 1796 2931 re
1810 2880 2047 2946 spondeo
2074 2894 2158 2942 us,

571 2970 699 3042 quia
744 2969 1016 3040 duplicem
1052 2969 1304 3025 Christus
1348 2981 1597 3024 naturam
1625 2968 1881 3036 habebat,
1914 2980 1967 3024 et
1995 2986 2158 3024 unum

2261 2870 2343 2937 τῷ
2371 2872 2628 2941 σι’φανῴ.
2662 2875 2771 2926 Kal
2800 2877 2829 2927 6
2878 2875 3199 2937 Ἀπὸστολος
3226 2876 3285 2927 δὲ
3312 2876 3494 2942 πάλιν,
3527 2876 3590 2929 '0
3616 2876 3859 2945 πρῶτος

2261 2965 2573 3033 ἅνθρωπος
2612 2968 2679 3019 ἐκ
2724 2966 2837 3036 γῆς
2876 2972 3102 3036 χοϊκός,
3151 2972 3182 3022 ό
3228 2968 3508 3037 δεύτερος
3535 2969 3858 3038 ἅνθρωπος

572 3078 881 3135 persOnsm,
921 3062 1128 3118 idcirco
1182 3078 1304 3133 quae
1351 3064 1512 3118 unius
1545 3071 1752 3116 natura:
1796 3072 1945 3126 sunt,
2005 3065 2154 3117 alteri

2264 3062 2296 3111 ό
2322 3061 2541 3126 Κύριος
2574 3059 2639 3123 ἐξ
2671 3063 2958 3127 οὐρανοῦ.
3010 3061 3141 3113 Ἰδοὺ
3173 3061 3281 3130 γὰρ
3329 3063 3723 3133 ἀμφοτέρωθεν
3765 3064 3862 3117 οὐ-

571 3158 847 3213 tribuisse.
880 3156 948 3211 Et
987 3156 1444 3225 quemadmodum
1501 3154 1795 3224 Apostolus
1869 3156 1936 3209 de
1984 3156 2160 3209 cruci-

573 3250 832 3304 tlxoribus
868 3247 1027 3313 dixit,
1083 3245 1145 3301 Si
1201 3248 1585 3316 cognouissent.
1644 3262 1917 3312 nunquam
1976 3246 2162 3301 Domi-

570 3359 696 3396 num
738 3340 925 3411 gloria
973 3340 1364 3409 cruciﬁxissent
1387 3341 1430 3405 ⁷,
1474 3354 1572 3395 nec
1603 3350 1780 3395 tamen
1813 3339 2157 3394 divinitatem

571 3447 786 3500 passam
844 3430 1128 3493 intellexit,
1181 3446 1304 3497 quae
1372 3441 1455 3484 est
1518 3432 1735 3486 domina
1791 3433 1998 3502 glorior,
2064 3434 2158 3487 sed

570 3535 904 3593 assumptum
940 3524 1334 3578 humanitatem
1369 3540 1386 3578 :
1416 3523 1497 3578 sic
1533 3535 1581 3578 et
1611 3525 1663 3577 in
1716 3524 1804 3579 bis
1844 3540 1963 3594 quae
2013 3526 2155 3579 dicta

569 3625 714 3681 sunt,
741 3616 856 3685 ipse
876 3614 1096 3685 quidem
1132 3614 1323 3678 Filius,
1375 3626 1431 3670 et
1507 3615 1649 3670 Dens
1700 3630 1898 3685 passus
1956 3615 2161 3670 dicitur

570 3720 791 3775 propter
832 3722 991 3760 unam
1066 3706 1374 3761 divinitatis
1410 3721 1721 3775 personam,
1766 3721 1903 3776 quas.
1940 3718 1997 3762 et
2059 3709 2158 3761 huc

570 3813 743 3852 inania:
783 3806 993 3853 natura:
1034 3813 1266 3868 persona
1322 3800 1516 3854 eﬂecta
1572 3809 1675 3855 est.
1755 3800 1862 3855 Sed
1918 3800 2157 3856 humana

569 3901 764 3945 natura
791 3905 891 3945 sua
923 3905 1114 3959 passus
1145 3891 1492 3962 intelligitur,
1536 3908 1567 3948 e
1588 3894 1729 3947 coelo
1799 3903 1982 3948 autem
2032 3897 2157 3949 des-

566 3984 842 4048 cendisse,
874 3993 929 4037 et
958 3984 1011 4037 in
1040 3984 1182 4039 caelo
1212 4000 1334 4040 esse
1400 3996 1629 4055 propter
1674 3985 1981 4043 divinitatis
2033 4002 2159 4057 per-

566 4090 778 4143 sonam,
824 4085 879 4130 et
908 4075 1079 4131 Filius
1136 4077 1373 4133 hominis
1424 4092 1546 4134 esse
1598 4088 1819 4149 propter
1876 4091 2153 4144 naturam,

565 4182 728 4235 quam
756 4168 951 4222 deinde
985 4169 1233 4237 suscepit
1267 4178 1388 4237 post
1435 4169 1756 4225 descensum
1800 4185 1833 4224 ο
1888 4172 2049 4227 οωΙο.
2088 4172 2157 4226 Ει

567 4272 782 4313 rursum
812 4259 927 4326 ipse
955 4259 1220 4314 Dominus
1255 4270 1477 4329 propter
1513 4278 1673 4315 unam
1722 4278 2014 4333 personam
2067 4281 2159 4320 se-

563 4349 780 4404 cundus
833 4359 918 4404 est
982 4351 1146 4409 homo
1174 4352 1353 4407 dictus
1379 4354 1451 4407 ob
1513 4366 1852 4424 assumptum
1904 4358 2155 4412 humani-

2266 3153 2451 3222 ράνιος
2505 3155 2794 3222 ἅνθρωπος
2851 3155 3206 3222 ὀνομάζεται.
3243 3156 3387 3226 Πρὸς
3446 3155 3540 3217 οὓς
3588 3156 3857 3228 ἐροῦμςν,

2264 3248 2347 3299 ὅτι
2370 3249 2491 3298 ἐπεὶ
2520 3247 2743 3310 διπλοῦς
2781 3248 2881 3317 μὲν
2916 3251 3034 3311 ταῖς
3066 3249 3296 3317 φύσεσιν
3327 3251 3354 3301 ὁ
3382 3252 3639 3318 Χριστὸς,
3682 3269 3858 3318 μονι-

2262 3339 2413 3401 δικὸς
2458 3340 2514 3391 δέ
2546 3341 2665 3391 ἐστι
2720 3341 2817 3411 τὴν
2867 3341 3194 3406 ὑπόστασιν,
3250 3344 3592 3397 ἱδιοποιείται
3642 3344 3712 3396 τὰ
3751 3345 3855 3413 τῆς

2261 3432 2531 3502 ἑκατέρας
2550 3433 2783 3501 φύσεως,
2809 3435 2918 3486 Καὶ
2950 3435 3203 3504 καθάπερ
3225 3438 3252 3488 6
3290 3436 3641 3500 Ἀπόστολος,
3679 3437 3852 3489 εἰπὼν

2263 3526 2392 3593 περὶ
2425 3525 2532 3576 τῶν
2565 3526 3044 3593 προ-ρητοκτόνων,
3076 3526 3160 3579 ὅτι
3194 3529 3261 3580 El
3292 3526 3599 3595 ἔγνωσαν,
3628 3531 3740 3582 οὐκ
3772 3528 3852 3582 ἂν

2261 3619 2367 3671 τὸν
2388 3621 2609 3685 Κύριον
2632 3617 2741 3685 τῆς
2770 3617 2959 3687 δόξης
2973 3620 3389 3686 ἐσταύρωσαν,
3411 3620 3472 3673 οὑ
3494 3620 3592 3691 τὴν
3617 3621 3852 3690 θεότητα

2262 3709 2597 3763 πεπονθέναι
2625 3710 2813 3777 φησὶν,
2838 3711 2960 3780 ἥτις
2992 3712 3110 3764 ἐστὶ
3135 3711 3339 3781 Κύριος
3367 3714 3466 3782 τῆς
3497 3712 3678 3782 δόξης,
3708 3713 3853 3767 ἀλλὰ

2259 3801 2320 3854 τὸ
2348 3800 2696 3871 πρόσλημμα
2723 3817 2736 3831 ⁸
2785 3802 2929 3855 οὕτω
2987 3804 3085 3856 καὶ
3132 3804 3226 3855 ἐπὶ
3286 3802 3396 3856 τῶν
3428 3806 3611 3875 ῥητῶν
3639 3805 3852 3859 τούτων

2258 3888 2416 3960 οὗτος
2448 3896 2547 3967 μὲν
2584 3898 2611 3948 6
2636 3897 2761 3960 Υἱὸς
2794 3900 2892 3949 καὶ
2948 3899 3082 3961 Θεὸς
3130 3899 3463 3953 πεπονθέναι
3502 3901 3718 3970 λέγεται
3758 3904 3854 3957 διὰ

2258 3988 2358 4060 τὴν
2393 3989 2525 4059 μίαν
2553 3990 2855 4044 ὑπόστασιν
2882 3991 2981 4058 τῆς
3013 3990 3291 4061 θεότητος,
3324 3991 3447 4063 ἥτις
3492 3996 3587 4048 καὶ
3635 3998 3702 4066 τῇ
3755 3997 3854 4049 ἀν-

2259 4082 2510 4153 θρωπίνῃ
2554 4081 2718 4151 φύσει
2758 4085 2983 4152 γέγονεν
3041 4086 3371 4152 ὑπόστασις,
3408 4088 3740 4142 πεπονθέναι
3787 4092 3851 4144 δὲ

2258 4175 2403 4229 κατὰ
2438 4175 2538 4245 τὴν
2569 4175 2921 4247 ἀνθρωπίνην
2956 4177 3121 4246 φύσιν
3168 4179 3357 4247 αὑτοῦ,
3407 4183 3502 4234 καὶ
3536 4184 3601 4235 ὲκ
3640 4182 3734 4235 τοῦ
3758 4184 3856 4236 οὑ-

2264 4267 2431 4339 ρανοῦ
2471 4267 2572 4338 μὲν
2612 4268 3086 4339 καταϐεϐηκέναι,
3118 4273 3214 4325 καὶ
3246 4275 3305 4326 ἐν
3328 4272 3407 4343 τῷ
3445 4274 3666 4345 οὐρανῷ
3707 4271 3855 4328 εἶναι

2259 4361 2403 4415 κατὰ
2433 4362 2534 4432 τὴν
2560 4362 2865 4415 ὑπόστασιν
2893 4366 2993 4434 τῆς
3044 4363 3324 4433 θεότητος·
3381 4366 3505 4427 Υἱὸς
3534 4365 3594 4419 δὲ
3626 4365 3851 4435 ἀνθρὼ-

565 4439 846 4505 tatem,de
892 4440 1236 4496 cteloautem
1295 4444 1368 4498 ob
1419 4443 1780 4501 divinitatem.
1834 4445 1948 4502 Nisi
2008 4451 2152 4504 enim

2261 4472 2366 4509 που
2393 4452 2537 4509 εἶναι
2587 4456 2731 4508 κατὰ
2757 4455 2861 4527 τὴν
2912 4456 3141 4528 ὕστερον
3189 4457 3642 4527 προσληφθεῖσαν
3677 4461 3850 4526 φύσιν

567 4541 856 4602 utrumque
928 4533 1148 4603 proprie
1243 4535 1697 4605 intellexerimus,
1790 4546 2147 4613 repugnantia

561 4626 880 4694 Apostolum
914 4628 1098 4682 dicere
1130 4630 1515 4686 concedentes.
1549 4633 1834 4698 Quomodo
1862 4639 2008 4690 enim
2052 4652 2149 4704 per

561 4718 745 4771 omnia
794 4719 990 4777 similis
1059 4721 1238 4787 nobis,
1294 4723 1385 4792 qni
1447 4738 1523 4795 ex.
1590 4733 1737 4779 terra
1788 4729 2150 4785 constamus?

563 4810 671 4861 Ant
698 4813 966 4877 quomodo
993 4814 1167 4871 frater
1215 4830 1428 4884 noster,
1481 4823 1575 4892 qui
1638 4839 1860 4880 carnem
1919 4828 2146 4883 indutus

561 4900 841 4957 caelestem
870 4906 991 4961 sit?
1048 4907 1114 4963 Et
1158 4911 1586 4973 innumerabilia
1637 4918 1745 4971 alia
1803 4919 2146 4978 incommoda

563 5006 980 5063 consequentur.

571 5287 725 5342 Vetus
761 5288 1173 5359 Testamentum,
1208 5307 1254 5349 et
1305 5302 1397 5366 qui
1452 5303 1505 5354 in
1536 5318 1594 5354 eo
1662 5304 1897 5359 illustres
1928 5308 2144 5360 exstite-

1026 5377 1299 5429 runt,esse
1352 5374 1471 5422 bom’
1526 5373 1643 5425 ltei.

629 5450 684 5503 Si
721 5451 807 5507 les
844 5456 1068 5519 antiqua
1093 5466 1176 5511 est
1220 5459 1370 5524 ntali,
1402 5476 1500 5514 cur
1541 5479 1693 5518 nova:
1722 5464 1858 5535 legis
1893 5470 2142 5523 conditor

552 5542 946 5612 jurisperitum,
979 5550 1072 5618 qui
1109 5565 1168 5605 se
1194 5554 1357 5606 vitam
1394 5563 1653 5609 aeternam
1688 5572 1931 5625 quaerere
1969 5562 2143 5615 simu-

628 5658 802 5746 ’ll‘mc.
837 5676 985 5746 xxt‘v,
1019 5665 1112 5722 59.
1187 5670 1206 5700 '
1232 5668 1396 5727 llebr.
1429 5687 1491 5741 ιι,
1531 5674 1617 5742 Η,
1689 5674 1774 5728 12.
1854 5676 1873 5709 ³
1905 5677 2041 5734 Ibid.
2072 5678 2154 5733 14.

2288 5679 2426 5735 Ibid.
2459 5682 2545 5746 16,
2588 5682 2669 5736 17.

550 5723 571 5754 τ
599 5729 617 5782 l
661 5731 789 5785 Cor.
821 5746 883 5795 ιι,
915 5734 967 5789 8.

2258 4547 2401 4617 μετὰ
2422 4548 2523 4620 τὴν
2558 4545 2617 4611 ἐξ
2668 4547 2904 4618 οὐρανοῦ
2952 4547 3206 4601 κάθοδον.
3235 4548 3347 4602 Kal
3392 4548 3556 4601 πάλιν
3590 4551 3619 4601 6
3677 4551 3850 4614 αὑῖὶς

2256 4641 2463 4711 Κύριος
2492 4640 2580 4695 διὰ
2608 4641 2707 4712 τὴν
2763 4643 2891 4711 μίαν
2941 4641 3245 4695 ὑπόστασιν
3303 4641 3563 4712 δεύτερος
3614 4643 3715 4710 μὲν
3745 4643 3845 4696 ἄν·

2256 4733 2475 4803 θρωπος
2505 4736 2648 4787 κατὰ
2678 4734 2779 4803 τὴν
2801 4736 3091 4804 ἡνωμένην
3128 4734 3555 4804 ὰνθρωπότητα,
3579 4732 3639 4798 ἐξ
3668 4736 3814 4803 οὐρα

2255 4788 2348 4877 νοῦ
2383 4824 2441 4876 δὲ
2456 4788 2616 4883 ψκατὰ
2770 4788 3021 4896 θέότητα.
3048 4788 3112 4879 έὶ
3137 4788 3245 4895 γὰρ
3284 4828 3358 4896 μὴ
3392 4788 3678 4898 νοήσωμεν
3711 4788 3857 4911 Elaea»!

2255 4933 2382 4969 στον
2408 4916 2652 4982 οἰκείως,
2679 4918 3103 4988 ὲναντιολογιαις
3128 4920 3515 4989 ὑπὸαλοῦμεν
3543 4920 3636 4971 τὸν
3671 4920 3837 4972 Ἀπό-

2253 5008 2463 5063 στολον.
2532 5009 2656 5073 Πῶς
2699 5012 2808 5081 γὰρ
2864 5012 3008 5064 κατὰ
3081 5012 3262 5066 πάντα
3316 5013 3504 5080 ὅμοιος
3552 5013 3684 5082 ἡμῖν
3725 4991 3850 5074 τοτέ

2248 5100 2496 5168 γητνοιςς
2534 5101 2659 5165 Πῶς
2707 5102 2767 5155 δὲ
2810 5101 3039 5169 ἁδελφὸς
3095 5103 3256 5173 ἡμῶν
3284 5106 3312 5157 6
3337 5105 3518 5175 σάρκα
3575 5105 3843 5174 οὐρανίαν

2246 5194 2755 5264 περι6ε6).ημένος;
2787 5196 2898 5249 Kal
2933 5196 3069 5248 ἄλλα
3098 5196 3155 5249 δὲ
3198 5197 3372 5266 μυρία
3401 5198 3579 5251 ἄτοπα
3619 5196 3838 5266 ἕψεται.

2254 5304 2382 5356 Ὀτι
2415 5305 2524 5357 τοῦ
2550 5305 2779 5373 ἀγαθοῦ
2800 5306 2956 5378 ίΘεοῦ
2996 5307 3163 5378 εισιν
3193 5306 3233 5373 ἦ
3292 5324 3357 5360 τε
3387 5309 3615 5361 παλαιὰ
3658 5325 3845 5378 νομο-

2499 5378 2677 5428 θεσία
2714 5377 2813 5430 καὶ
2847 5382 2899 5430 οι
2920 5378 2992 5430 ἐν
3016 5377 3175 5445 αὐτῇ
3202 5378 3582 5447 λάμψαντος.

2323 5469 2387 5521 El
2421 5472 2447 5520 6
2479 5468 2711 5533 παλαιὸς
2743 5469 2908 5540 νόμος
2936 5467 3005 5541 ἦν
3036 5470 3127 5525 τοῦ
3166 5469 3432 5545 πονηροῦ,
3461 5474 3579 5537 πῶς
3613 5476 3641 5526 6
3671 5490 3842 5544 νομο-

2252 5561 2414 5631 θέτης
2443 5561 2535 5613 τοῦ
2584 5562 2706 5615 νέου
2738 5564 2832 5615 τὸν
2866 5564 3275 5636 ὲκπειρὰζοντα
3325 5568 3575 5638 νομικὸν,
3608 5567 3706 5619 καὶ
3737 5566 3842 5622 sint

2718 5714 2727 5719 ς
2762 5685 2782 5716 ⁸
2820 5680 2977 5737 Joan.
3034 5701 3121 5751 ιιι,
3162 5688 3249 5742 15.
3358 5687 3378 5718 ⁸
3411 5687 3428 5741 Ι
3461 5686 3586 5741 Cor.
3611 5702 3703 5753 xv,
3735 5687 3836 5744 47.
3904 5700 3911 5708 ’
