4132 6400
348 265 484 334 1221

1283 263 1653 322 PANUPLlA
1701 260 2158 323 DUUBlA'l‘lCA.
2205 283 2272 292 -·
2315 259 2462 320 TlT.
2507 259 2720 320 XXIV.

3486 261 3622 324 1222

343 387 493 452 ζωὴν
543 389 640 452 τὴν
687 377 906 433 αίώνιον
951 379 1381 448 ὑποκρινόμενον
1432 378 1639 447 ζητεῖν,
1700 377 1777 439 εἰς
1838 377 1928 427 τὸν

2056 372 2201 434 abat,
2258 371 2323 424 ad
2368 371 2539 440 legem
2603 371 2750 423 illam
2788 369 2988 439 t'cjiclt,
3073 378 3238 441 atque
3295 377 3415 430 inde
3476 380 3623 446 quod

344 483 508 551 νόμον
535 481 742 531 ἐκεῖνον
773 474 1166 545 παραπέμπει,
1203 473 1464 525 κάκεῖθεν
1511 473 1691 540 εὑρεῖν
1728 471 1789 522 τὸ
1827 471 1928 537 ζη-

342 569 607 640 τούμενον
630 565 958 627 ὑποϐάλλεις
995 564 1088 617 τοῦ
1119 563 1348 633 νομικοῦ
1375 563 1432 615 δὲ
1457 563 1556 625 τὰς
1585 561 1679 614 δύο
1710 561 1932 631 πρώτας

346 668 530 726 αὐτοῖς
549 665 758 734 ῥήμασι
775 660 1076 722 διελθόντος
1089 659 1331 724 ἐντολὰς,
1347 656 1527 717 καλῶς
1544 672 1602 707 τε
1618 653 1780 706 αὑτὸν
1798 657 1934 706 ἀπο-

345 760 604 830 κριθῆναι
641 760 672 825 ἡ
722 757 953 826 ἀλήθεια
976 756 1106 824 ἔφη,
1141 754 1235 808 καὶ
1274 755 1324 806 εί
1364 754 1506 806 κατὰ
1530 750 1734 812 ταύτας
1781 752 1931 801 πολιυ

345 855 577 918 τεύοιτο,
601 854 698 922 τὴν
725 850 1066 921 ζητουμένην
1086 849 1304 902 αίώνιον
1323 844 1730 916 κληρονομῆσαι
1749 842 1926 911 ζωήνς

431 947 821 1019 Ἐρωτὼμενος
858 949 884 999 ὁ
922 946 1115 1015 Σωτὴρ
1163 943 1294 1014 περὶ
1349 943 1459 995 τῶν
1495 939 1737 1009 νομικῶν
1782 939 1932 989 ὲντο-

347 1047 476 1109 λῶν,
509 1043 733 1114 πρώτην
759 1039 896 1093 εἷναί
925 1055 1109 1108 φησιν,
1145 1039 1384 1101 Ἄκουε,
1416 1033 1684 1102 Ἰσραὴλ,
1714 1031 1929 1097 Κύριος

347 1144 378 1194 d
417 1139 562 1204 Θεός
599 1153 740 1200 σου,
781 1136 994 1202 Κύριος
1033 1127 1120 1196 εἷς
1148 1131 1305 1193 ἐστι,
1360 1128 1456 1183 κοιλ¹
1513 1129 1580 1179 τὰ
1611 1125 1762 1192 ἑξῆς.
1819 1122 1928 1174 Καὶ

345 1234 437 1287 τὸν
493 1229 856 1301 ἐπερωτῶντα
913 1226 972 1278 δὲ
1033 1225 1329 1294 σύμψηφον
1374 1221 1574 1292 εὑρὼν,
1615 1221 1674 1271 οὐ
1710 1215 1928 1287 μακρὰν

346 1321 502 1377 εἶπεν
534 1322 678 1374 εἶναι
736 1320 838 1387 τῆς
874 1317 1154 1387 βασιλείας
1192 1316 1286 1369 τοῦ
1315 1313 1472 1368 Θεοῦ.
1539 1312 1663 1374 Πῶς
1727 1311 1823 1363 οὖν
1871 1309 1925 1360 αἱ

318 1400 630 1486 έμωσαῖκαὶ
663 1412 1011 1483 νομοθεσίαι,
1048 1411 1210 1479 εἰπερ
1244 1405 1384 1479 ἦσαν
1410 1405 1502 1459 τοῦ
1561 1403 1782 1472 ἐχθροῦ,
1832 1403 1927 1454 ἕνα

328 1485 478 1575 ἲθεὸν
509 1509 602 1561 καὶ
656 1505 862 1575 Κύριον
907 1502 1292 1572 νομοθετοῦσιν
1329 1500 1566 1562 είδέναι;
1627 1497 1688 1548 Et
1740 1496 1794 1548 δὲ
1830 1494 1928 1546 ἕνα

345 1606 478 1656 Θεὸν
516 1602 611 1654 καὶ
669 1600 876 1668 Κύριον
921 1596 1298 1665 ἀνακηρύττει
1350 1593 1576 1660 Μωσῆς,
1625 1590 1717 1643 καὶ
1774 1588 1926 1657 παρὰ

346 1696 538 1748 τοῦτον
569 1694 715 1762 ἄλλ-ῳ
745 1692 885 1761 μήτε
914 1687 1219 1759 λατρεύειν,
1268 1684 1786 1760 μήτεεπροσκυνεῖν,
1820 1678 1924 1734 ποῦ

347 1788 488 1840 εἰσιν
519 1787 569 1837 oi
623 1784 722 1852 τὴν
783 1785 1032 1853 πονηρὰν
1080 1777 1255 1849 ἀρχὴν
1315 1777 1770 1845 παρεισάγοντες,

346 1878 520 1948 ταύτῃ
559 1877 658 1945 τὴν
700 1873 943 1928 παλαιὰν
981 1870 1309 1940 νομοθεσίαν
1340 1867 1734 1929 ἀνατιθέντεςς

417 1970 481 2023 Τί
517 1970 584 2022 ἂν
615 1969 818 2020 είποιεν
849 1966 899 2018 οἱ
929 1964 1229 2034 κατήγοροι
1291 1964 1390 2030 τῆς
1421 1959 1659 2029 παλαιᾶς
1695 1955 1928 2027 νομοθε-

351 2063 510 2126 σίας,
573 2059 810 2129 ὁρῶντες
874 2057 962 2110 διὰ
1011 2054 1105 2108 τοῦ
1169 2051 1508 2120 Εὑαγγελίου
1557 2051 1649 2102 τὸν
1695 2049 1929 2120 Χριστὸν

349 2156 623 2222 ἀγόμενον
673 2151 774 2221 μὲν
812 2152 889 2212 είς
912 2150 982 2202 τὰ
1023 2147 1396 2218 Ἱεροσόλυμα,
1447 2143 1708 2195 τελοῦντα
1742 2142 1799 2194 δὲ
1865 2141 1934 2194 τὰ

350 2244 648 2306 Μωσαῖκὰ,
679 2243 772 2295 καὶ
797 2244 1032 2313 φέροντα
1063 2237 1274 2303 θυσίαν,
1295 2235 1436 2290 κατὰ
1464 2233 1520 2287 τὸ
1551 2234 1841 2303 εἰρημένον
1874 2234 1931 2284 ἐν

353 2338 505 2408 νόμῳ
532 2336 736 2406 Κυρίου
775 2350 791 2403 ;

428 2430 600 2483 Πάλιν
639 2430 666 2481 6
693 2427 885 2496 Σωτὴρ
919 2426 1016 2495 τὴν
1046 2423 1153 2477 τῶν
1202 2423 1514 2492 ὀμνυόντων
1564 2419 1934 2488 ἐπιστομίζων

357 2521 764 2595 ματαιολογίαν,
794 2519 1012 2586 Μωροί,
1033 2518 1188 2587 φησι,
1221 2515 1322 2569 καί
1358 2513 1595 2582 τυφλοί,
1620 2513 1710 2577 τίς
1729 2510 1939 2576 μείζων

354 2616 549 2681 ἐστίν,
584 2617 617 2668 ὀ
648 2616 882 2682 χρυσὸς
916 2611 954 2678 ἢ
993 2614 1025 2663 ό
1065 2613 1214 2674 ναὸς
1277 2611 1309 2661 ὁ
1338 2605 1587 2676 ἁγιάζων
1631 2606 1736 2658 τόν
1789 2621 1966 2677 χρυ-⁸

356 2711 474 2764 σόν
504 2723 524 2772 ;
561 2705 772 2760 Οὐκοῦν
802 2707 829 2757 6
893 2704 992 2772 τῆς
1024 2702 1270 2763 ῐΙαλαιᾶς
1319 2701 1447 2761 ναὸς
1478 2700 1538 2751 οὐ
1591 2699 1751 2766 μόνον
1783 2696 1939 2763 ἅγιος

355 2799 447 2874 ἦν,
487 2800 621 2854 ἀλλὰ
668 2799 761 2851 καὶ
794 2795 1043 2864 ἁγιάζειν
1107 2790 1255 2864 εἶχεν
1305 2793 1481 2862 ίσχὺν.
1517 2789 1626 2843 Καὶ
1663 2788 1841 2852 πάλιν,
1879 2786 1942 2839 Tl

349 2893 575 2966 μεῖζον,
609 2893 674 2948 τὸ
698 2891 890 2959 δῶρον
927 2891 965 2958 ἣ
1017 2889 1082 2943 τὸ
1114 2886 1551 2953 θυσιαστήριον
1602 2882 1668 2936 τὸ
1701 2881 1941 2951 ἁγιάζον

355 2989 423 3042 τὸ
459 2986 696 3056 ὄῶρον;
742 2983 933 3052 σαφῶς
963 2979 1247 3034 κάνταῦθα
1281 2979 1516 3042 δεικνὺς,
1544 2978 1624 3029 ὅτι
1655 2976 1714 3028 τὺ
1748 2975 1940 3028 θυσια-

357 3081 578 3150 στήριον
629 3075 784 3143 ἆγιόν
819 3091 878 3126 τε
901 3067 992 3143 ἦν,
1035 3071 1129 3123 καὶ
1166 3069 1235 3122 τὰ
1277 3069 1333 3121 ὲν
1366 3069 1515 3137 αὑτῷ
1570 3065 1942 3134 ἁνατιθέμενα

357 3172 492 3239 ἅγια
520 3167 722 3222 ἐποίει.

426 3264 599 3334 Φησὶν
630 3265 657 3315 6
691 3259 906 3322 Παῦλος
963 3257 1024 3310 τὸ
1053 3256 1228 3326 στόμα
1259 3254 1355 3307 τοῦ
1403 3252 1666 3322 Χριστοῦ,
1704 3251 1788 3303 ὅτι
1823 3251 1945 3316 Οὺχ
1973 3315 1980 3324 κ

357 3362 411 3411 ol
441 3354 728 3423 ἀκροαταί
786 3353 896 3406 τοῦ
944 3353 1133 3420 νόμου
1187 3349 1407 3402 δίκαιοι
1455 3344 1616 3413 παρὰ
1667 3342 1746 3408 τῷ
1803 3341 1944 3407 Θεῷ,

359 3450 499 3506 ἀλλ’
533 3452 587 3503 οί
625 3447 864 3515 ποιηταί
889 3445 997 3499 τοῦ
1028 3444 1216 3512 νόμον
1271 3438 1797 3504 δικαιωθήσονται.
1841 3433 1948 3487 Καὶ

363 3547 480 3610 πῶς
517 3546 616 3597 οὑκ
649 3543 795 3595 ἐστιν
825 3542 853 3593 ὁ
878 3541 1042 3609 νόμος
1076 3541 1140 3591 ὲκ
1171 3537 1264 3589 τοῦ
1295 3537 1448 3597 ὖντος
1487 3532 1648 3623 Θεοῦ,
1678 3531 1737 3593 ὃς
1768 3528 1948 3582 δικαί-

361 3659 456 3703 ους
488 3639 782 3707 ἀποφαίνει
815 3636 942 3696 τοὺς
971 3631 1261 3690 ποιοῦντας
1292 3627 1456 3681 αὐτόν
1483 3643 1498 3692 ;

438 3734 562 3787 Ὀτι
591 3731 644 3783 δὲ
678 3731 705 3782 6
731 3727 961 3788 παλαιὸς
995 3726 1159 3792 νόμος
1186 3721 1327 3783 θεῖός
1359 3722 1496 3784 ἐστι,
1536 3715 1747 3769 καὶτοῦ
1783 3716 1950 3766 ἐπου-

367 3827 555 3898 ρανίου
587 3821 748 3882 Θεοῦ,
793 3817 893 3886 βοᾷ
923 3814 1136 3874 Παῦλος
1165 3815 1192 3865 ὁ
1224 3813 1322 3880 τῆς
1357 3807 1618 3878 ἀληθείας
1653 3805 1832 3898 κῆρυξ
1856 3804 1948 3898 λε-

364 3895 498 3988 λίων,
542 3915 602 3969 Τί
634 3908 748 3967 οὖν
775 3908 1052 3978 ἐροῦμεν,
1090 3908 1122 3959 ὁ
1162 3905 1350 3972 νόμος
1389 3900 1688 3988 ἁμαρτίας
1719 3895 1816 3965 Μὴ
1848 3895 1946 3965 τέ-

361 3987 551 4060 νθιτο.
592 3999 896 4063 Καὶπάλιν,
935 3991 1080 4049 Οἶδα
1144 3991 1274 4062 τὰρ,
1335 3991 1423 4043 ὅτι
1470 3993 1502 4044 ό
1548 3987 1734 4055 νόμος
1765 4002 1950 4038 πνευ-

359 4097 610 4168 ματικός
641 4094 794 4156 ἐστι,
838 4089 937 4142 καί
956 4086 1300 4154 συνήδομαι
1343 4080 1425 4147 τῷ
1476 4081 1638 4149 νόμῳ
1664 4078 1770 4132 τοῦ
1798 4076 1950 4132 Θεοῦ

365 4194 515 4246 κατὰ
549 4191 661 4242 τὸν
703 4187 824 4238 ἔσω
848 4183 1186 4249 ἄνθρωπον.
1223 4179 1332 4231 Καὶ
1377 4175 1560 4241 πάλιν,
1599 4175 1739 4242 Ἄρα
1768 4171 1952 4235 αὐτὸς

363 4285 480 4355 ἐγὼ
509 4283 587 4348 τῷ
599 4281 715 4350 μὲν
741 4277 835 4332 νοῒ
858 4275 1169 4330 δουλεύων
1199 4271 1364 4339 νόμῳ
1382 4267 1552 4331 Θεοῦ,
1592 4263 1661 4334 τῇ
1677 4265 1744 4316 δὲ
1767 4264 1950 4330 σαρκί

368 4381 528 4446 νόμῳ
578 4372 888 4444 ἁμαρτίας,
929 4368 1024 4420 καὶ
1055 4366 1122 4418 τὰ
1157 4363 1306 4432 ἑξῆς.
1343 4362 1524 4415 Ὥστε
1553 4361 1586 4412 ό
1617 4358 1734 4426 μὲν
1765 4359 1951 4426 νόμος

367 4470 556 4538 ἅγιος,
587 4467 742 4536 φησὶ,
774 4463 871 4517 καί
903 4463 942 4529 ἡ
979 4454 1200 4524 ἐντολὴ
1225 4454 1382 4524 ἁγία,
1431 4452 1528 4505 καί
1567 4450 1792 4513 δικαία,
1848 4449 1947 4501 καί

367 4562 584 4633 ἀγαθή.
622 4558 732 4612 Καὶ
761 4556 938 4626 δῆλον,
975 4553 1052 4614 ὡς
1086 4550 1187 4602 οὑκ
1233 4547 1372 4615 ἄλλη
1405 4545 1504 4614 μὲν
1548 4545 1580 4613 ὴ
1615 4543 1769 4608 ἁγία,
1806 4541 1948 4633 Δᾷλλη

457 4659 486 4725 ἡ
517 4652 722 4716 δικαία,
757 4649 891 4717 ἄλλη
927 4646 985 4698 δὲ
1015 4645 1050 4714 ὴ
1079 4640 1284 4711 ἀγαθὴ,
1317 4637 1433 4691 ἀλλ’
1482 4638 1516 4706 ἠ
1552 4634 1690 4704 αὑτὴ
1735 4631 1831 4685 τοῦ
1862 4633 1952 4684 νόο

376 4767 482 4820 μου
519 4744 729 4812 ἐντολὴ,
755 4742 852 4795 καὶ
881 4739 978 4792 τοῦ
1010 4734 1174 4790 αὑτοῦ
1209 4733 1374 4798 Θεοῦ,
1412 4732 1506 4785 καὶ
1539 4729 1718 4798 ἁγίου,
1747 4727 1842 4780 καὶ
1882 4725 1960 4820 διε

371 4819 556 4902 ναίον,
610 4836 705 4892 καὶ
740 4831 974 4902 ἀγαθοῦ.
1020 4829 1113 4894 Ἐξ
1141 4820 1204 4879 οῦ
1231 4826 1341 4895 γὰρ
1376 4825 1533 4894 βρύει
1567 4823 1628 4875 τὸ
1655 4822 1830 4889 ἅγιον,
1866 4819 1961 4872 καὶ

371 4936 604 4997 δίκαιον,
626 4931 721 4984 καὶ
739 4926 964 4995 ἀγαθὸν,
993 4919 1229 4992 χορηγὸς
1268 4916 1368 4986 μέν
1400 4918 1518 4967 ἐστι
1544 4912 1750 4966 τούτων
1779 4911 1964 4974 αὐτὸς,

376 5032 472 5084 καὶ
492 5026 678 5097 δοτὴρ,
698 5022 842 5077 κατὰ
856 5019 917 5071 τὸ
935 5017 1107 5069 αῐτιον
1123 5014 1180 5066 δὲ
1199 5011 1304 5081 πρὸ
1321 5009 1562 5072 πάντων,
1579 5002 1655 5059 ὢν
1683 5005 1860 5067 ἄλλοις
1885 5020 1979 5097 με·

375 5125 599 5191 τασχείν
625 5118 922 5187 παρέσχεν,
941 5109 1105 5171 αὐτὸς
1129 5105 1367 5177 ὑπάρχει
1385 5099 1561 5155 ταῦτα
1577 5099 1637 5151 οὑ
1665 5095 1970 5168 μετασχών.

451 5189 576 5276 Ilii);
624 5212 690 5266 ἂν
723 5209 877 5276 ἅγια,
907 5206 1000 5258 καὶ
1047 5201 1222 5268 ἁγίων
1281 5197 1452 5264 ’Ἅγια
1477 5193 1546 5246 τὰ
1583 5193 1682 5262 τῆς
1734 5189 1972 5252 Παλαιᾶς

375 5312 673 5379 Διαθήκης,
711 5306 760 5356 εἰ
787 5301 1031 5370 πονηρᾶς
1080 5292 1409 5364 νομοθεσίας
1437 5285 1506 5361 ἦν
1539 5304 1555 5355 ;
1592 5287 1757 5354 Λέγει
1793 5284 1909 5379 γὰρ.
1931 5284 1957 5335 6

375 5376 541 5468 αὐτος
586 5396 932 5457 Ἀπόστολος,
965 5388 1148 5458 Εἷχεν
1168 5390 1204 5456 ἡ
1233 5385 1436 5453 πρώτη
1470 5383 1674 5450 σκηνὴ
1714 5376 1952 5432 δικαιώ-

376 5516 529 5568 ματα
562 5492 863 5560 λατρείας,
888 5486 955 5538 τό
971 5501 1032 5538 τε
1061 5483 1232 5552 ἅγιον
1261 5478 1573 5547 κοσμικόν.
1601 5474 1715 5529 Καί
1748 5468 1952 5538 σκηνὴ

491 5679 504 5708 ¹
559 5672 712 5726 Dent.
771 5685 842 5732 τι,
927 5671 980 5725 4.
1091 5671 1110 5698 ²
1169 5667 1355 5720 Ma'th.
1417 5679 1570 5724 XXIII,
1642 5660 1726 5714 17.

365 5751 399 5824 ,τ
435 5749 570 5803 Ibid.
607 5760 734 5798 xxv.
811 5745 831 5774 υ
868 5740 1002 5795 lbid.
1041 5740 1120 5791 ιε.

1844 5657 1864 5687 ³
1909 5653 2044 5707 lbid.
2102 5652 2187 5708 l9.

2041 464 2323 531 qumrebat
2351 477 2532 531 putere
2581 474 2781 529 monet,
2826 478 3058 532 cumque
3090 468 3195 521 duo
3250 471 3422 534 prima
3482 488 3622 536 prae-

2039 568 2192 621 cepta
2235 557 2324 609 ille
2356 558 2422 609 ad
2453 558 2671 610 verbum
2708 561 3096 624 recensuisset,
3134 565 3333 617 veritas
3355 576 3408 616 et
3445 566 3621 632 ipsum

2039 650 2113 702 ait
2165 659 2314 702 recte
2376 650 2740 718 respondisse,
2779 662 2831 706 et
2886 669 3048 722 quam
3091 658 3388 723 quaerebat,
3434 674 3620 712 eormn

2037 742 2419 795 observatione
2454 741 2616 795 vitam
2658 753 3038 799 assecuturum
3066 750 3458 817 sempiternam
3496 751 3518 802 ?

2108 923 2392 990 Servator,
2431 942 2553 980 cum
2596 926 2665 982 ab
2702 929 2816 996 ipso
2851 928 3040 984 fuisset
3089 932 3374 1000 quaesitum
3446 935 3622 1001 quod-

2033 1031 2158 1068 nam
2199 1018 2588 1083 essetprimum
2624 1021 2673 1072 in
2703 1021 2816 1088 lege
2871 1023 3206 1086 mandatum,
3263 1028 3544 1093 respondit
3604 1045 3620 1082 :

2035 1108 2198 1169 Audi,
2230 1107 2423 1174 Israel,
2451 1109 2704 1164 Dominus
2729 1112 2866 1166 Deus
2901 1123 3021 1167 tuus
3053 1115 3304 1169 Dominus
3331 1134 3464 1170 unus
3483 1130 3557 1171 est
3581 1121 3621 1184 ’,

2035 1209 2088 1251 et
2150 1215 2268 1268 qua:
2333 1212 2654 1268 sequuntur.
2712 1203 2953 1273 (lituique
3007 1206 3113 1270 ille,
3161 1207 3248 1273 qui
3305 1209 3619 1276 qnazsierat,

2034 1303 2289 1342 assensus
2345 1300 2512 1353 esset,
2547 1291 2682 1345 dixit
2746 1309 2869 1346 eum
2931 1296 3069 1349 haud
3096 1297 3280 1364 procul
3345 1299 3535 1352 abesse
3593 1317 3622 1350 a

2032 1393 2202 1447 regno
2248 1376 2364 1432 Dei.
2392 1380 2672 1444 Quomodo
2709 1381 2874 1449 igitur
2914 1381 3060 1449 leges
3135 1381 3383 1437 Mosaicae
3447 1385 3490 1438 si
3557 1384 3625 1436 ab

2037 1467 2259 1522 inimico
2291 1480 2474 1522 essent
2504 1469 2644 1532 latae,
2679 1485 2845 1522 unum
2887 1471 3052 1524 Deum
3093 1487 3155 1524 ac
3195 1473 3482 1542 Dominum
3532 1488 3628 1525 no-

2039 1561 2125 1615 bis
2187 1563 2588 1630 agnoscendum
2645 1562 3082 1630 praescriberent,
3122 1574 3169 1616 et
3229 1576 3424 1632 prmter
3477 1566 3624 1616 illum

2033 1671 2138 1709 non
2173 1671 2290 1709 esse
2345 1656 2649 1724 quempiam
2701 1657 2983 1710 colendum
3016 1667 3069 1710 et
3098 1659 3429 1710 adorandum
3462 1657 3485 1709 ’ί
3535 1659 3626 1711 ubi

1833 1773 1926 1825 καὶ
1959 1778 2001 1832 Β
2031 1758 2176 1810 sunt,
2209 1749 2306 1816 qui
2343 1747 2540 1799 malum
2561 1746 2876 1812 conﬁngunt
2904 1748 3250 1816 principium,
3282 1749 3439 1816 eique
3458 1745 3626 1803 Vetus

2031 1836 2334 1890 attribuunt
2423 1836 2886 1889 Testamentum?

2103 1951 2239 2016 Quid
2275 1951 2480 2016 dicent,
2515 1951 2604 2020 qui
2663 1949 2824 2005 Vetus
2879 1947 3282 2004 Testamentum
3354 1951 3626 2016 incusant,

2033 2059 2156 2097 cum
2185 2060 2248 2096 ex
2294 2045 2592 2112 Evangelio
2621 2045 2894 2097 Christum
2931 2043 3164 2096 viderint
3196 2043 3626 2113 Hierosolymam

2036 2137 2364 2205 ingressum,
2404 2153 2464 2190 ea
2491 2153 2610 2205 qua:
2641 2136 2814 2191 Moses
2841 2137 3003 2206 jussit
3029 2137 3282 2206 pendere,
3322 2147 3376 2188 et
3423 2134 3632 2189 sacriﬁ-

2035 2231 2201 2293 cium,
2228 2239 2286 2282 ut
2315 2231 2574 2299 scriptum
2602 2239 2685 2282 est
2713 2229 2763 2283 in
2790 2230 2904 2297 lege
2941 2227 3179 2294 Domini,
3213 2229 3415 2282 olferre
3448 2229 3471 2280 ?

2117 2402 2370 2457 Servatur
2414 2419 2629 2456 rursum
2663 2419 2783 2457 cum
2819 2403 3122 2472 jnrantinm
3185 2404 3479 2458 stultitiam
3545 2418 3632 2458 re-

2043 2496 2406 2566 prehenderet
2440 2513 2452 2548 :
2489 2497 2677 2559 Stulti,
2705 2497 2895 2565 inquit,
2919 2509 2964 2549 et
2997 2495 3144 2558 ca’ci,
3169 2497 3296 2566 quid
3319 2509 3394 2549 est
3432 2499 3629 2565 majus.

2041 2603 2251 2650 aurum,
2317 2603 2386 2638 an
2456 2587 2724 2652 templum,
2759 2589 2912 2656 quod
2981 2590 3280 2656 sanctiﬁcat
3337 2605 3522 2640 aurum
3561 2592 3632 2644 ³2

2047 2678 2190 2746 Ergo
2247 2678 2461 2732 Veteris
2498 2678 2838 2732 'l‘estanienti
2873 2681 3130 2748 templum
3160 2696 3264 2733 non
3317 2685 3475 2733 modo
3512 2691 3631 2732 erat

2042 2780 2311 2834 Sanctum,
2335 2774 2425 2825 sed
2465 2773 2695 2825 habebat
2723 2775 2884 2826 etiam
2919 2773 3290 2827 sanctiﬁcandi
3327 2775 3454 2831 vim.
3485 2773 3634 2826 Prte-

2047 2877 2191 2921 terea
2220 2885 2234 2920 :
2279 2867 2422 2931 Quid
2452 2866 2642 2934 majus,
2674 2869 2868 2936 inquit,
2906 2867 3100 2919 donum
3160 2884 3229 2920 an
3262 2867 3449 2922 altare.
3489 2867 3630 2934 quod

2044 2960 2338 3027 sanctiﬁcat
2410 2962 2605 3012 donum
2648 2957 2716 3014 '?
2779 2959 2944 3014 Plane
3006 2962 3092 3014 hic
3148 2963 3312 3013 etiam
3369 2962 3630 3022 ostendit.

2049 3054 2224 3107 altare
2270 3053 2434 3106 fuisse
2464 3063 2734 3117 sanctum,
2759 3062 2811 3106 et
2837 3067 2957 3120 quae
2988 3053 3038 3106 in
3097 3054 3214 3121 ipso
3243 3053 3632 3117 oll'erebantur,

1977 3133 2017 3189 (ἶ
2052 3146 2445 3199 santrtillcasse.

2126 3237 2200 3289 Os
2261 3234 2462 3288 Christi
2498 3232 2695 3288 Paulus
2730 3250 2744 3288 :
2784 3233 2907 3287 Non
2929 3235 3221 3302 auditores,
3252 3236 3448 3304 inquil,
3507 3235 3635 3304 legis

2049 3325 2189 3395 justi
2227 3335 2347 3378 sunt
2377 3329 2518 3394 apud
2551 3327 2738 3389 Deum,
2793 3329 2881 3380 sed
2914 3330 3137 3398 factores
3177 3330 3631 3397 justi/icubuutur.

2051 3419 2334 3484 Quomodo
2357 3419 2516 3486 igitur
2555 3420 2640 3472 lex
2671 3434 2700 3472 a
2726 3434 2852 3474 vero
2888 3421 2994 3475 Deo
3031 3437 3137 3474 non
3178 3422 3273 3485 sit,
3309 3437 3428 3490 quae
3490 3421 3635 3486 illus,

2051 3510 2142 3578 qui
2175 3508 2278 3562 sibi
2312 3508 2712 3576 obtemperant,
2757 3510 2937 3579 justos
3000 3513 3283 3565 declarat?

2121 3691 2418 3760 Antiquam
2454 3691 2627 3762 legem
2658 3707 2778 3746 esse
2798 3691 3060 3757 divinam,
3093 3700 3146 3744 et
3170 3705 3198 3743 a
3258 3690 3462 3746 ccelesti
3529 3689 3637 3744 Deo

2051 3785 2218 3839 latam
2243 3783 2489 3838 veritatis
2519 3799 2694 3852 praeco
2715 3782 2915 3836 Paulus
2944 3784 3086 3835 clara
3117 3797 3248 3835 voce
3270 3784 3586 3850 pronuntiat
3619 3801 3634 3839 :

2059 3876 2200 3941 Quid
2236 3877 2420 3946 igitur,
2452 3876 2728 3945 inquiens,
2794 3876 3025 3927 dicemus
3076 3877 3101 3928 ?
3147 3873 3255 3927 Lex
3311 3875 3642 3942 peccatum?

2053 3966 2284 4020 Absit".
2339 3967 2406 4020 Et
2469 3982 2748 4020 rursum:
2811 3965 2987 4028 Novi,
3047 3972 3183 4034 quod
3236 3965 3319 4018 lea:
3381 3966 3640 4032 spiritalis

2050 4070 2125 4112 est
2159 4060 2202 4112 ⁸.
2247 4061 2310 4112 Ει
2348 4078 2362 4114 :
2395 4059 2677 4114 Consentio
2733 4058 2834 4128 legi
2873 4057 2966 4111 Dei
3005 4062 3292 4113 secundum
3334 4060 3642 4113 interiorem

2058 4153 2341 4206 hominem.
2375 4153 2442 4207 Et
2504 4169 2718 4207 rursum
2760 4151 2917 4221 :Ego
2979 4153 3188 4221 quidem
3255 4165 3424 4207 mente
3473 4158 3641 4208 serrio

2055 4245 2154 4315 legi
2191 4245 2309 4310 Dei,
2357 4263 2515 4300 carne
2545 4257 2721 4300 autem
2752 4246 2851 4316 legi
2909 4248 3130 4316 peccati,
3161 4260 3212 4298 et
3243 4263 3362 4315 qnte
3403 4236 3642 4316 seqduu-

2057 4349 2144 4392 tur
2164 4341 2204 4394 '.
2240 4341 2416 4404 Quare
2461 4341 2544 4394 lex-
2567 4343 2800 4409 quidem’,
2826 4342 3022 4408 inquit,
3044 4352 3250 4401 sancta.
3269 4355 3312 4394 et
3333 4346 3644 4396 mandatum

2055 4447 2319 4498 sanctum,
2346 4444 2394 4487 et
2435 4437 2663 4504 justum,
2708 4446 2758 4490 et
2804 4439 2992 4489 bonum
3027 4438 3064 4489 ⁷.
3093 4437 3202 4489 Nec
3249 4437 3392 4490 aliud
3425 4440 3644 4505 quidem

2056 4533 2327 4590 sanctum,
2353 4529 2497 4580 aliud
2525 4529 2756 4597 justum,
2794 4528 2937 4580 aliud
2973 4531 3170 4592 bonum
3195 4569 3209 4592 ,
3245 4528 3338 4580 sed
3399 4528 3536 4581 idm:
3574 4532 3650 4582 le-

2056 4615 2140 4682 gis
2169 4620 2506 4685 mandatum,
2541 4631 2594 4673 et
2618 4620 2865 4688 ejusdem
2911 4619 3030 4681 Dei,
3059 4631 3114 4673 et
3153 4620 3347 4684 sancti,
3379 4629 3431 4672 et
3486 4621 3645 4688 justi,

2055 4718 2110 4759 et
2147 4709 2293 4762 boni.
2326 4710 2400 4764 Ex
2434 4728 2540 4781 quo
2588 4714 2731 4768 enim
2773 4714 3034 4766 sanctitas
3068 4711 3206 4776 ﬂuit,
3243 4722 3298 4763 et
3326 4713 3561 4781 justitia.
3596 4724 3652 4768 et

2058 4800 2297 4869 bonitas,
2345 4804 2536 4858 harum
2599 4821 2683 4859 est
2745 4807 2860 4873 ipse
2908 4805 3190 4872 elargitor.
3251 4803 3383 4859 Cum
3439 4817 3648 4873 autem,

2068 4901 2124 4946 ut
2153 4911 2338 4962 causa,
2369 4909 2495 4953 ante
2520 4900 2701 4952 omnia
2765 4898 2857 4961 sit,
2884 4899 2997 4952 hanc
3065 4897 3186 4952 aliis
3234 4897 3498 4965 impertit,
3544 4917 3650 4954 non

2077 5007 2256 5050 autem
2284 4997 2395 5064 ipse
2422 4994 2691 5063 particeps
2724 4994 2801 5044 lit.

2147 5176 2427 5245 Quomodo
2450 5183 2636 5230 sancta
2673 5182 2794 5227 sunt
2845 5181 2898 5225 et
2944 5170 3144 5226 Sancta
3169 5182 3487 5226 sanctorum
3551 5169 3656 5222 Ve-

2076 5273 2207 5326 teris
2239 5267 2604 5329 Testamenti,
2652 5265 2752 5318 sia
2800 5264 2942 5317 malo
2974 5264 3143 5318 sunt?
3173 5265 3310 5317 Dicit
3338 5264 3480 5318 enim
3537 5262 3657 5329 ipse

2063 5363 2360 5433 Apostolus
2397 5380 2410 5414 :
2440 5359 2679 5413 Habebat
2711 5360 2944 5424 primum
3001 5357 3402 5408 tabernaculum
3456 5352 3659 5421 justiﬁ-

2063 5463 2295 5514 catioues
2323 5460 2568 5521 cultum,
2593 5465 2637 5508 et
2657 5461 2898 5507 sanctum
2935 5447 3221 5503 swcculare
3261 5445 3326 5498 Et
3352 5448 3660 5500 tabernacu-

3317 5630 3336 5661 ⁸
3367 5626 3500 5683 Ibid.
3566 5624 3652 5680 i6.

2301 5647 2321 5678 ⁸
2351 5647 2508 5701 Bonl.
2557 5659 2653 5707 vn,
2712 5641 2765 5693 7.
2881 5637 2901 5666 ⁵
2935 5633 3067 5690 ibid.
3111 5632 3199 5685 Η.
