4132 6410
584 312 724 379 1223

1834 300 2213 365 EUTHYMH
2259 299 2621 360 ZIGABENI

3734 299 3874 362 2224

580 432 687 481 lum
736 428 936 497 factum
972 425 1322 491 estprimum,
1354 424 1409 475 in
1462 438 1563 492 quo
1625 428 1777 474 erant
1819 417 2161 480 candelabra,

2271 413 2724 477 κατεσκευάσθη
2760 413 2796 478 ἠ
2833 411 3055 478 πρώτη,
3099 413 3167 465 ἐν
3299 413 3335 480 ἣ
3381 430 3445 466 τε
3478 417 3735 484 λυχνία,
3768 412 3874 471 καὶ

582 534 627 574 et
664 536 862 581 mensa,
890 528 936 571 et
966 519 1250 582 propositio
1286 531 1506 583 panum,
1550 530 1666 583 qua:
1726 512 1922 566 dicitur
1945 511 2164 581 Sancta.

586 613 718 666 Post
774 611 1119 665 velumen'um
1171 618 1348 662 autem
1413 607 1721 669 secundum,
1774 602 2168 657 tabernaculum

585 707 723 776 quod
756 706 954 756 dicitur
976 699 1171 754 Sancta
1235 699 1605 754 sanctorum'.
1673 698 1953 762 Quomodo
2007 695 2170 764 igitur

587 802 807 860 Sancta,
864 806 919 850 et
957 796 1157 849 Sancta
1185 803 1524 854 sanctorum,
1558 800 1777 854 etarca,
1814 789 2001 856 inqua
2030 803 2167 841 urna

587 901 896 944 erataurea
926 888 1134 943 habens
1191 900 1413 944 manna.
1460 895 1513 939 et
1563 885 1711 953 virga
1757 882 1935 935 Aaron
1994 879 2168 950 posita

584 992 721 1039 erat.
751 991 807 1034 et
839 980 1040 1034 tabulae
1094 978 1408 1033 testamenti
1439 976 1462 1030 ?
1495 985 1546 1032 et
1582 975 1858 1045 quomodo
1887 972 2166 1027 cherubim

584 1074 775 1142 gloriae
817 1073 1216 1128 ohuuthrabant
1250 1073 1390 1141 ipsa,
1418 1072 1461 1124 si
1518 1068 1723 1123 inimici
1749 1077 1803 1121 et
1822 1067 1951 1121 mali
2021 1068 2166 1136 prin-

582 1169 709 1236 cipii
736 1168 862 1225 hzrc
928 1176 1084 1220 erant
1114 1165 1405 1219 instituta?

540 1324 543 1327 _
652 1264 789 1327 Quae
824 1258 997 1313 Moses
1032 1257 1243 1324 docuit,
1302 1257 1561 1311 Servator
1612 1253 1853 1323 appellat
1912 1252 2168 1306 mandata

584 1354 701 1418 Dei,
755 1366 926 1421 eaque
983 1366 1202 1418 semper
1274 1345 1582 1403 veneranda
1642 1348 1887 1402 declarat
1953 1367 1965 1403 :
2033 1351 2170 1403 Deus

585 1448 861 1518 inquiens,
892 1446 1175 1514 prmcepit:
1236 1442 1457 1497 Honora
1476 1453 1674 1510 patrem
1725 1453 1895 1503 tuum,
1964 1455 2011 1497 et
2059 1461 2170 1496 ma-

585 1552 717 1595 trem
769 1551 953 1602 tuam;
993 1548 1043 1590 et
1096 1553 1113 1591 :
1173 1536 1277 1600 Qui
1340 1536 1674 1589 maledixerit
1732 1539 1878 1602 patri
1927 1536 2005 1589 uel
2055 1552 2170 1589 ma-

586 1631 680 1695 tri,
726 1640 891 1682 morte
935 1629 1218 1681 moriatur.
1285 1624 1385 1679 Vos
1437 1636 1613 1679 autem
1667 1629 1978 1696 transgressi
2041 1629 2169 1682 estis

2272 505 2309 569 ἠ
2342 502 2618 571 τράπεζα,
2656 502 2751 555 καί
2803 503 2841 568 ἠ
2892 502 3179 568 πρόθεσις
3210 500 3328 553 τῶν
3353 503 3571 568 ἄρτων.
3596 503 3734 570 ἣτις
3762 506 3875 558 λέ-

2271 612 2435 663 γεται
2468 594 2663 662 "Arta.
2700 591 2862 647 Μετὰ
2884 592 2953 645 δὲ
2993 592 3060 645 τὸ
3089 592 3377 659 δεύτερον
3427 594 3875 665 καταπέτασμα

2271 687 2479 756 σκηνὴ
2529 687 2568 755 ἠ
2632 687 2929 754 λεγομένη
2989 684 3163 753 ’Ἅγια
3214 685 3419 753 ἁγίων.
3472 686 3594 750 Πῶς
3639 684 3735 740 οὖν
3768 691 3900 760 οὐχ⁶

2273 780 2428 846 ἁγία,
2467 784 2564 830 καὶ
2617 776 2791 844 ἁγίων
2819 776 3012 841 Ἅγια,
3048 769 3165 848 ὲνῇ
3213 775 3454 843 στάμνος
3498 777 3594 845 μὲν
3637 773 3751 848 εἷχε
3810 781 3876 831 τὸ

2275 873 2451 940 μάννα
2473 869 2673 942 χρυσῆ,
2712 870 2809 921 καὶ
2846 869 3040 940 ῥάϐδος
3074 867 3129 921 δὲ
3155 867 3416 921 ἀπέκειτο
3469 867 3586 921 τοῦ·
3626 868 3872 940 Ἀαρὼν,

2274 963 2370 1017 καὶ
2399 965 2454 1016 al
2479 962 2684 1026 πλάκες
2703 962 2801 1031 τῆς
2827 961 3108 1031 Διαθήκης
3141 977 3156 1027 ;
3186 962 3298 1014 Kal
3327 961 3447 1024 πῶς
3472 962 3760 1032 Χερουϐὶμ
3783 963 3876 1016 δό-

2272 1054 2370 1122 En:
2400 1054 2768 1117 κατεσκίαζεν
2807 1054 2967 1118 αὐτὰ,
3003 1055 3053 1105 εί
3079 1052 3181 1123 τῆς
3207 1048 3499 1108 ἐπιϐούλου
3560 1056 3657 1109 καὶ
3687 1072 3870 1129 πονη-

2275 1147 2374 1215 ρᾶς
2404 1146 2581 1216 ἀρχῆς
2613 1147 2790 1199 ταῦτα
2820 1146 3227 1215 προστάγματα
3259 1142 3329 1218 ἦν
3360 1163 3376 1212 ;

2344 1237 2597 1301 Ἐντολὰς
2644 1237 2780 1289 Θεοῦ
2813 1239 2842 1290 ὁ
2875 1238 3066 1307 Σωτὴρ
3116 1238 3186 1291 τὰ
3220 1241 3479 1308 μωσαῖκα
3511 1239 3871 1313 διατάγματα

2272 1328 2479 1390 καλῶν.
2541 1330 2639 1382 καὶ
2683 1329 2964 1399 πανταχοῦ
3000 1330 3181 1400 τιμῶν
3210 1331 3312 1403 τὴν
3338 1331 3601 1404 τοιαύτην
3636 1335 3869 1403 νομοθε-

2275 1422 2417 1488 σίαν,
2464 1422 2517 1474 '0
2548 1421 2716 1488 Θεὸς,
2753 1416 3306 1492 φησὶν,ὲνετείλατο
3333 1440 3347 1455 ·
3388 1425 3533 1492 Τίμα
3560 1426 3869 1480 τὸνπατέ-

2266 1530 2346 1579 pa
2366 1528 2484 1569 σου
2502 1515 2596 1567 καὶ
2616 1513 2732 1580 τὴν
2757 1513 2988 1582 μητέρα
3007 1529 3148 1580 σου,
3177 1515 3273 1567 καὶ
3301 1514 3365 1567 '0
3378 1518 3729 1586 κακολογῶν
3754 1535 3873 1571 πα-

2272 1606 2434 1674 τέρα,
2477 1605 2515 1675 ἢ
2552 1605 2800 1674 μητέρα,
2846 1605 3083 1670 θανάτῳ
3135 1606 3494 1663 τελευτάτω.
3559 1609 3750 1677 Ὑμεῖς
3798 1611 3872 1663 δὲ

585 1723 897 1776 mandatum
948 1720 1044 1774 Dei
1074 1730 1286 1788 propter
1314 1718 1655 1773 traditionem
1722 1729 1946 1774 vestram
2001 1722 2044 1777 ‘.
2106 1724 2169 1774 Et

2272 1697 2629 1765 ἠκυρώσατε
2646 1698 2761 1766 τὴν
2791 1698 3055 1766 ἐντολὴν
3085 1698 3193 1752 τοῦ
3222 1700 3374 1755 Θεοῦ
3390 1700 3492 1755 διὰ
3515 1707 3632 1768 τὴν
3674 1704 3873 1773 παρά-

586 1815 706 1869 haec
741 1816 977 1873 locutus,
1019 1822 1209 1866 testem
1285 1812 1501 1865 adhihet
1561 1812 1757 1865 Isaiam
1799 1833 1812 1866 :

585 1909 803 1976 quiens,
834 1905 1162 1975 prophetavit
1193 1904 1257 1958 de
1300 1904 1440 1958 vobis
1466 1903 1648 1958 Isaias
1707 1922 1724 1959 :
1755 1905 2015 1971 Populus,
2081 1909 2168 1960 in-

586 1999 792 2067 quiens,
827 1999 909 2052 hic
962 1998 1348 2068 appropinquat
1405 1998 1534 2050 mihi
1563 2013 1650 2051 ore
1675 2015 1788 2065 suo,
1816 2009 1864 2051 et
1894 1999 2049 2052 labiis
2094 2015 2171 2051 me

586 2092 832 2144 honorat.
866 2088 974 2144 Cor
1007 2103 1180 2143 autent
1216 2091 1329 2160 ejus
1389 2090 1539 2156 longe
1572 2098 1650 2143 est
1693 2106 1725 2142 a
1779 2106 1879 2143 me.
1940 2087 2170 2143 Frustra

508 2162 511 2165 λ
585 2193 762 2236 autent
792 2183 973 2236 colunt
1003 2198 1100 2235 me.
1147 2181 1286 2246 Quid
1311 2182 1430 2235 ita?
1460 2179 1600 2246 Quia
1631 2181 1817 2234 docent
1864 2181 2166 2247 doctrinas,

584 2275 841 2328 mandata
922 2274 1190 2327 hominum
1252 2274 1294 2327 ³.
1346 2273 1489 2328 Ecce
1550 2288 1715 2342 quant
1767 2286 1953 2340 aperte
2006 2271 2173 2329 Vetus

585 2367 988 2421 Testamentum
1054 2366 1284 2437 appellet
1343 2367 1593 2421 mandata
1653 2366 1749 2422 Dei
1793 2364 1963 2422 Filius
2003 2368 2172 2437 ipsius

586 2460 870 2525 naturalis,
922 2469 977 2514 et
1042 2461 1355 2530 prophetam
1382 2458 1600 2528 Isaiam,
1653 2462 1973 2530 prophetam
2031 2461 2167 2530 ejus.

590 2552 687 2610 Ubi
723 2565 851 2609 sunt
876 2555 1058 2625 igitur,
1089 2550 1184 2623 qui
1225 2552 1389 2609 Vetus
1415 2553 1821 2609 Testamentum
1852 2552 1993 2607 malo
2014 2554 2174 2607 attri-

582 2647 775 2711 buunt,
837 2656 889 2701 et
927 2648 1016 2717 qui
1059 2647 1267 2702 Veteris
1296 2645 1627 2700 Testamenti
1679 2647 1968 2717 pr0phetas
2026 2645 2188 2716 ejus-’

583 2741 703 2794 dem
738 2756 858 2796 esse
915 2741 1205 2810 prophetas
1244 2739 1471 2794 dicunt?
1496 2738 1560 2792 Et
1595 2754 1809 2795 rursum
1834 2740 1956 2795 alibi
1986 2756 2171 2811 pacem

586 2841 641 2884 et
669 2831 935 2899 justitiam
972 2832 1024 2886 in
1073 2833 1381 2885 hominibus
1410 2832 1740 2887 conﬁrmans
1794 2843 1956 2902 atque
1982 2835 2172 2905 praeci-

589 2921 742 2988 piens
776 2939 789 2974 :
827 2919 1194 2986 Quamobrem,
1257 2923 1454 2992 inquit,
1497 2925 1696 2989 omnia,
1717 2939 2038 2996 quaecunque
2060 2927 2174 2981 vul-

584 3011 675 3069 tis.
715 3021 767 3062 ut
806 3011 1009 3079 faciant
1067 3012 1211 3066 vobis
1255 3013 1511 3081 homines,
1551 3023 1602 3069 et
1650 3031 1740 3069 vos
1782 3017 1965 3071 eadem
2012 3017 2174 3088 facile

584 3099 714 3153 illis.
742 3100 896 3166 Quod
936 3101 1153 3171 quidem
1183 3104 1493 3158 mamiatum
1532 3104 1666 3175 legis
1693 3114 1748 3161 et
1777 3109 2167 3180 prOphelarum
2196 3115 2241 3176 ο

585 3194 859 3247 mentione
916 3194 1206 3249 continuat
1239 3212 1254 3248 :
1287 3194 1375 3250 Sic
1415 3196 1576 3263 enim,
1598 3198 1873 3267 inquiens,
1898 3208 1974 3253 est
2003 3200 2052 3253 le
2078 3211 2169 3256 τοι

584 3285 851 3353 prophetat
890 3286 934 3342 ⁸.
1692 3285 1705 3289 ’

661 3534 866 3592 Sancto
902 3536 1139 3607 repletus
1166 3536 1370 3607 Spiritu
1422 3539 1735 3608 Zacharias,
1781 3552 2017 3609 sant-tos,
2074 3545 2168 3614 qui

588 3645 620 3685 a
647 3630 841 3684 saeculo
870 3631 1104 3697 luerunt,
1134 3632 1424 3700 prophetas
1458 3635 1683 3690 chorum
1733 3647 2045 3692 sanctorum
2076 3655 2173 3709 ap-

588 3723 753 3788 pellat
784 3737 799 3774 :
842 3724 908 3776 Et
939 3723 1129 3787 erexit,
1162 3721 1436 3793 inquiens,
1484 3741 1646 3779 cornu
1678 3727 1868 3781 salutis
1897 3728 2065 3792 nobis,
2114 3732 2170 3785 in

586 3814 742 3866 domo
774 3812 942 3866 David
971 3816 1121 3882 pueri
1145 3816 1265 3869 sui.
1316 3814 1462 3870 Sicut
1493 3819 1697 3873 locutus
1731 3831 1806 3874 est
1833 3837 1924 3890 per
1961 3839 2015 3876 os
2046 3841 2170 3879 san-

586 3917 813 3971 clarum,
841 3906 930 3973 qui
953 3922 984 3958 a
1016 3907 1212 3961 διεσαιο
1236 3919 1380 3973 sunt,
1412 3915 1782 3979 praphetarum
1805 3914 1919 3983 ejus
1949 3915 1993 3969 '.
2019 3915 2169 3986 Ejus,

586 4016 694 4053 non
731 4009 909 4054 autem
934 4000 1157 4056 inimici.
1187 4002 1326 4069 Quid
1351 4019 1513 4074 porro
1548 4008 1914 4072 praedixerunt
1940 4010 1962 4064 ἲ
1990 4009 2173 4066 Memi-

587 4093 730 4148 nisse
794 4093 957 4147 Deum
1028 4097 1341 4151 testamenti
1414 4099 1746 4179 sui_sancti,
1808 4117 1916 4156 non
1972 4115 2167 4179 autem

587 4186 900 4240 testamenti
961 4187 1188 4243 inimici.
1250 4188 1314 4241 Et
1340 4204 1450 4256 quo
1502 4172 1673 4260 magis
1724 4172 2012 4262 impiorum
2071 4213 2167 4254 ora

584 4285 883 4338 coerceret,
942 4275 1140 4344 adjecit
1181 4275 1632 4346 :Jusjurandum,
1664 4283 1803 4350 quod
1840 4283 2045 4353 juravit
2099 4288 2168 4341 ad

586 4364 852 4417 Abraham
905 4378 1111 4433 partem
1160 4380 1400 4422 nostrum
1450 4370 1702 4425 daturum
1759 4391 1815 4428 se
1884 4379 2054 4442 nobis,
2103 4388 2164 4433 ut

1869 1773 2043 1879 Bene;
2085 1816 2167 1869 ίη,
2207 1773 2245 1826 Β
2274 1786 2453 1841 δοσιν
2481 1787 2667 1858 ὑμῶν.
2701 1789 2814 1842 Καὶ
2836 1790 3012 1842 ταῦτα
3039 1792 3234 1855 εἰπὼν,
3268 1791 3526 1862 μάρτυρα
3550 1794 3644 1846 τδν
3688 1797 3871 1848 vnum.

2274 1881 2373 1934 ἴαν
2420 1881 2693 1949 ἐπάγεται
2742 1881 2939 1948 λέγων,
2996 1881 3209 1950 Καλῶς
3260 1884 3679 1953 προεφήτευσε
3728 1891 3869 1956 περὶ

2273 1970 2441 2040 ὑμῶν
2479 1974 2751 2041 Ἡσαΐας·
2791 1973 3036 2044 Ἑγγίζει
3052 1992 3153 2045 μοι
3182 1978 3383 2042 ἀλαὸς
3405 1974 3585 2046 οὗτὸς
3611 1979 3691 2045 τῷ
3720 1986 3867 2036 στό-

2269 2080 2410 2132 ματι
2433 2064 2657 2132 αὐτῶν,
2691 2068 2937 2135 καὶτοῖς
2956 2069 3194 2135 χείλεσι
3205 2087 3282 2139 με
3305 2071 3463 2140 τιμᾷ,
3485 2073 3523 2140 ἡ
3551 2071 3618 2126 δὲ
3649 2075 3871 2143 καρδία

2273 2155 2474 2210 αὐτῶν
2525 2159 2723 2227 πόρρω
2792 2159 3012 2232 ἀπέχει
3037 2161 3141 2215 ἀπ’
3198 2163 3383 2231 ἐμοῦ.
3453 2165 3563 2218 Καὶ
3624 2170 3872 2239 πρόσεχε

2274 2245 2480 2304 λοιπόν.
2519 2248 2731 2315 Μάτην
2774 2249 2844 2303 δὲ
2868 2251 3165 2305 σέϐονται
3204 2270 3305 2321 με.
3335 2255 3537 2319 Aturi;
3584 2256 3743 2311 Διότι
3775 2259 3868 2311 δι-

2273 2336 2574 2392 δάσκουσι
2631 2338 3054 2410 διδασκαλίας.
3107 2342 3453 2412 ἐντάλματα
3510 2347 3863 2414 ἀνθρώπων.

2288 2426 2421 2481 ἰδοὺ
2456 2429 2647 2496 σαφῶς
2692 2432 2915 2495 ἀντολὰς
2942 2432 3039 2486 τοῦ
3077 2434 3172 2486 ἐπὶ
3204 2435 3424 2489 πάντων
3453 2437 3590 2491 Θεοῦ
3622 2440 3726 2510 τὴν
3752 2459 3862 2494 πα-

2275 2520 2433 2575 λαιὰν
2462 2522 2697 2577 ἐκάλεσε
2718 2527 3047 2595 νομοθεσίαν
3077 2529 3105 2580 ὁ
3135 2529 3280 2585 κατὰ
3304 2530 3469 2598 φύσιν
3502 2532 3629 2595 Υἱὸς
3663 2534 3858 2600 αὐτοῦ,

2276 2613 2368 2666 καὶ
2412 2613 2502 2668 τὶν
2550 2617 2841 2687 προφήτην
2883 2617 3141 2684 Ἡσαΐαν,
3177 2623 3474 2692 προφήτην
3525 2623 3715 2677 αὐτοῦ.
3750 2626 3866 2679 Καὶ

2276 2701 2378 2755 ποῦ
2429 2705 2568 2757 εἰσιν
2606 2706 2657 2757 oi
2685 2704 2783 2777 τὴν
2817 2708 3061 2762 Παλαιὰν
3102 2709 3183 2779 τῷ
3210 2711 3431 2782 πολυηρῷ
3480 2714 3863 2783 χαριζόμενοι,

2276 2795 2525 2859 καὶτοὺς
2570 2797 2629 2849 ιν
2679 2798 2816 2868 αὐτῇ
2855 2802 3141 2870 προφήτας
3172 2802 3383 2856 ἐκείνου
3436 2809 3725 2876 προφήτας
3759 2807 3865 2873 ,λέ-

2275 2902 2464 2954 γοντες
2491 2904 2506 2954 ;
2538 2889 2650 2942 Kal
2676 2890 2862 2959 πάλιν,
2891 2892 2950 2945 ὲν
2976 2893 3156 2958 ἄλλοις
3180 2895 3292 2967 τὴν
3331 2898 3390 2950 ἐν
3429 2897 3741 2970 ἀνθρώποις
3786 2905 3868 2955 εζ-

2277 2979 2452 3049 ρήνην
2492 2981 2590 3036 καὶ
2637 2983 2987 3055 δικαιοσύνην
3034 2987 3342 3057 κρατύνων,
3393 2991 3489 3044 καὶ
3522 2994 3861 3063 νομοθετῶν,

2273 3070 2340 3125 δι’
2365 3065 2439 3127 ὦν
2466 3073 2668 3143 ἔλεγες·
2702 3075 2906 3131 Πάντα
2938 3077 3056 3132 ὅσα
3107 3078 3185 3134 ἂν
3212 3080 3445 3150 θέλητε,
3480 3084 3580 3137 ἵνα
3605 3085 3866 3142 ποιῶσιν

2272 3163 2414 3231 ὑμῖν
2444 3168 2501 3218 ol
2517 3165 2841 3235 ἄνθρωποι,
2863 3170 3018 3223 οὕτω
3047 3172 3149 3225 καὶ
3175 3172 3347 3243 ὑμεῖς
3369 3175 3592 3229 ποιεῖτε
3627 3179 3860 3245 αὐτοῖς.

2273 3255 2490 3323 Ταύτην
2524 3259 2692 3311 αὐτοῦ
2726 3260 2824 3329 τὴν
2857 3263 3184 3332 νομοθεσίαν
3222 3263 3301 3335 τῷ
3335 3267 3610 3335 ἀξιώματι
3639 3270 3733 3323 τοῦ
3767 3273 3859 3322 νό-

2275 3365 2376 3415 μου
2427 3356 2520 3402 καὶ
2553 3351 2663 3402 τῶν
2694 3354 2995 3422 προφητῶν
3055 3358 3471 3428 ὲπισφραγίζει.
3534 3363 3703 3417 Οὕτω
3738 3367 3857 3434 γάρ

2271 3439 2423 3506 ἐστι,
2459 3443 2647 3511 φησίν,
2685 3446 2717 3498 d
2754 3446 2935 3515 νόμος
2965 3447 3065 3501 καὶ
3090 3451 3146 3504 oi
3171 3452 3494 3521 προφῆται.

2346 3533 2661 3617 ιινεύμαέτορ
2723 3537 2879 3606 ἁγίου
2953 3540 3167 3607 γίνεται
3225 3544 3443 3614 πλήρης
3503 3547 3858 3618 ὀΖαχαρίσς,

2273 3626 2367 3676 καὶ
2417 3626 2544 3687 τοὺς
2572 3628 2670 3680 ἀπ’
2700 3628 2914 3682 αἰώνων
2967 3633 3255 3700 προφήτας
3287 3635 3558 3704 χορηγοὺς
3582 3638 3754 3705 ἁγίων
3777 3637 3859 3693 εἷ-

2271 3731 2361 3769 ναι
2418 3717 2902 3786 κηρύσσειλέγων,
2932 3722 3039 3775 Καὶ
3076 3724 3276 3792 ἤγειρε
3326 3726 3506 3795 κέρας
3557 3736 3860 3801 σωτηρίας

2271 3807 2418 3875 ἡμῖν
2444 3808 2513 3861 ἐν
2538 3808 2619 3874 τῷ
2647 3812 2791 3878 οἴκῳ
2825 3814 3004 3867 Δαόιδ
3033 3813 3140 3867 τοῦ
3168 3816 3385 3884 παιδὸς
3418 3822 3627 3886 αὐτοῦ,
3659 3824 3861 3893 καθὼς

2269 3899 2544 3969 ἐλάλησε
2577 3902 2675 3957 διὰ
2696 3907 2999 3974 στόματος
3025 3906 3147 3961 τῶν
3168 3911 3354 3979 ἁγίων
3380 3911 3500 3965 τῶν
3513 3914 3615 3968 ἀπ’
3638 3916 3862 3986 αίῶνος

2270 3994 2599 4062 ,προφητῶν
2626 3997 2840 4063 αὐτοῦ,
2870 3998 2988 4051 ἀλλ’
3019 3999 3141 4071 οὐχὶ
3169 4001 3268 4056 τοῦ
3304 4004 3504 4076 ἐχθροῦ
3531 4012 3853 4079 προφητῶν.

2273 4086 2384 4138 Kal
2414 4086 2466 4138 τί
2502 4089 2923 4159 προεφήτευσαν
2950 4107 2964 4156 ;
2994 4092 3320 4163 Μνησθῆναι
3364 4096 3457 4149 τὸν
3485 4098 3620 4151 Θεὸν
3644 4101 3851 4171 Διαθή-

2270 4195 2374 4249 κης
2406 4179 2568 4246 ἁγίας
2626 4182 2817 4245 αὑτοῦ,
2844 4183 2962 4235 ἀλλ’
2992 4186 3115 4256 οὐχὶ
3142 4187 3245 4256 τῆς
3288 4188 3384 4241 τοῦ
3410 4190 3610 4261 ἐχθροῦ
3658 4194 3855 4268 διαθή-

2270 4285 2393 4339 κης.
2460 4270 2582 4323 Ἔτι
2617 4270 2673 4323 δὲ
2714 4272 2918 4341 μᾶλλον
2948 4274 3057 4327 τῶν
3079 4276 3298 4332 ἀσεϐῶν
3359 4281 3597 4350 χαλινῶν
3629 4285 3698 4337 τὰ
3729 4289 3852 4339 στὸο

2273 4380 2420 4431 ματα
2471 4366 2781 4435 ἐπήγαγεν,
2837 4366 3051 4437 Ὅρκῳ,
3092 4365 3141 4439 ᾧ
3185 4372 3388 4443 ὤμοσε
3413 4376 3564 4445 πρὸς
3590 4379 3856 4452 Ἀϐραὰμ

585 4473 697 4509 sine
728 4457 916 4511 timore
964 4458 1028 4511 de
1058 4474 1218 4513 manu
1254 4460 1587 4516 inimicorum
1613 4476 1908 4522 nostrorum
1945 4470 2157 4527 liberati

2271 4456 2366 4510 τὸν
2415 4457 2644 4526 πατέρα
2701 4460 2865 4529 ἡμῶν
2895 4462 3003 4514 τοῦ
3046 4462 3262 4517 δοῦναι
3300 4466 3451 4534 ἡμῖν
3497 4470 3739 4538 ἀφόϐως
3785 4450 3855 4527 ἐκ

583 4549 874 4602 serviamus
920 4549 1023 4618 ipsi
1080 4551 1137 4604 in
1198 4554 1481 4608 sanctitate
1518 4563 1567 4609 et
1606 4557 1824 4627 justitia
1856 4562 1897 4615 ⁸.
1959 4563 2162 4634 Collige

585 4655 707 4708 quae
741 4641 883 4695 dicta
913 4651 1059 4696 sunt.
1095 4643 1306 4712 Spiritu
1338 4659 1527 4702 sancto
1580 4651 1816 4720 repletur
1847 4653 2161 4713 Zacharias.

582 4732 702 4798 Quo
735 4736 971 4805 repletus
1003 4748 1221 4795 sanctos
1250 4754 1279 4793 a
1309 4742 1505 4800 saeculo
1534 4747 1821 4813 prophetas
1858 4760 2036 4804 vocat.
2100 4749 2167 4806 Et

581 4819 878 4877 Mosaicum
914 4822 1324 4881 Testamentum
1357 4843 1612 4886 sanctum
1669 4836 1923 4905 appellat.
1986 4839 2051 4893 Et
2098 4840 2163 4892 li—

581 4910 845 4965 bertatem
877 4925 1116 4970 nostram
1145 4920 1411 4987 praedicit.
1435 4923 1502 4977 Et
1531 4939 1654 4979 eum
1683 4928 1773 4997 qui
1822 4929 2030 4996 juravit
2091 4932 2156 4985 ad

582 5002 855 5057 Abraham
911 5005 1177 5065 libertatis
1201 5012 1545 5081 elargilorem
1613 5021 1877 5077 nominat.
1942 5023 2008 5076 Et
2067 5040 2165 5080 eos

582 5093 674 5161 qui
705 5093 771 5147 ad
803 5094 977 5163 ipsum
1004 5104 1269 5157 accedunt
1294 5105 1652 5175 adorandum,
1687 5112 1738 5163 in
1762 5110 2054 5171 sanctitate
2111 5131 2167 5173 et

576 5187 789 5255 inetitia
817 5188 951 5244 dicit
978 5192 1230 5248 adorare.
1265 5196 1325 5251 Si
1392 5199 1504 5253 hate
1552 5207 1825 5261 recensuit
1873 5205 2163 5268 Zacharias

581 5280 790 5348 Spiritu
822 5293 1013 5338 sancto
1038 5283 1250 5353 plenus,
1315 5304 1496 5347 nonne
1521 5297 1613 5363 qui
1649 5307 1835 5353 contra
1888 5304 2154 5372 sentiunt,

583 5371 724 5424 malo
742 5372 938 5444 spiritu
972 5375 1116 5445 pleni
1145 5391 1269 5433 esse
1308 5382 1833 5453 deprehenduntur?

656 5701 978 5776 f_Hebr.1x,
1039 5716 1160 5768 1-
1218 5721 1271 5776 :5.

582 5722 1160 5854 ..ll"ile‘iflt%,lx,ui.—
1218 5722 1271 5776 δ.
1399 5722 1635 5780 'Matth.
1671 5728 1907 5794 ωδ..
1945 5732 1997 5788 6.

2133 5734 2318 5811 'qlbid.
2351 5737 2384 5794 7
2416 5771 2478 5782 —
2534 5742 2589 5798 9.

2261 4548 2457 4617 χειρὸς
2486 4549 2604 4604 τῶν
2664 4549 2886 4619 ἐχθρῶν
2938 4552 3106 4621 ἡμῶν
3136 4556 3477 4623 ῥυσθέντας
3535 4562 3857 4628 λατρεύειν

2261 4642 2422 4706 αὐτῷ
2447 4642 2516 4696 ἐν
2550 4645 2819 4709 ὁσιότητι
2858 4643 2958 4697 καί
2987 4643 3378 4715 δικαιοσύνῃ.
3416 4651 3748 4720 Συλλογίζου
3784 4659 3853 4709 τα

2272 4733 2565 4800 είρημὲνα.
2619 4733 2843 4803 Πνεῦμα
2889 4735 3044 4803 ἅγιον
3076 4738 3273 4809 πληροῖ
3300 4740 3392 4793 τὸν
3423 4744 3725 4816 Ζαχαρίαν,
3755 4751 3850 4802 καὶ

2272 4822 2612 4893 πληρωθεὶς,
2643 4825 2854 4878 ἐκεῖθεν
2899 4827 3087 4893 ἁγίους
3116 4830 3243 4894 τοὺς
3266 4832 3364 4885 ἀπ’
3398 4836 3596 4899 αἰῶνος
3628 4844 3847 4909 προφή-

2262 4930 2360 4977 τας
2397 4916 2739 4986 ἁναγορεύει,
2768 4921 2865 4973 καὶ
2905 4920 3003 4990 τὴν
3030 4925 3318 4995 μωσαῖκὴν
3366 4928 3647 5000 Δηαθήκην
3685 4934 3845 5000 ἁγίαν

2263 5008 2540 5075 ὀνομάζει,
2569 5012 2663 5062 καὶ
2690 5012 2788 5081 τὴν
2817 5012 3136 5084 ἐλευθερίαν
3167 5017 3326 5087 ήμῶν
3351 5023 3711 5089 προφητεύει,
3747 5030 3844 5078 καὶ

2262 5100 2355 5151 τὸν
2373 5100 2651 5171 ὀμόσαντα
2682 5104 2820 5172 πρὸς
2855 5105 2947 5158 τὸν
2982 5106 3237 5178 Ἀϐραὰμ
3278 5110 3375 5176 τῆς
3404 5113 3724 5186 ἐλευθερίας
3754 5117 3845 5169 δο-

2262 5194 2405 5260 τῆρα
2447 5186 2587 5246 εἶναι
2650 5195 2939 5265 κηρύσσει,
2976 5200 3071 5251 καὶ
3118 5200 3247 5264 τοὺς
3283 5205 3666 5271 προσάγοντας
3696 5207 3850 5276 αὑτῷ

2263 5283 2362 5351 τὴν
2390 5283 2651 5352 λατρείαν
2686 5294 2744 5339 έν
2771 5288 3016 5356 ὁσιότητι
3053 5294 3146 5344 καὶ
3180 5292 3505 5368 δικαιοσύνῃ
3534 5298 3845 5368 λατρεύειν.

2267 5375 2325 5425 ΕΞ
2358 5376 2532 5429 ταῦτα
2584 5378 2858 5449 διεξῆλθεν
2901 5385 2927 5435 ὁ
2956 5384 3258 5453 Ζαχαρίας,
3314 5388 3631 5459 Πνεύματος
3682 5391 3849 5458 ἁγίου

2266 5467 2564 5536 πλησθεὶς,
2610 5474 2729 5535 πῶς
2776 5476 2825 5525 οἱ
2880 5477 3140 5530 τάναντία
3186 5480 3518 5548 φρονοῦντες
3578 5483 3700 5552 οὐχὶ
3749 5485 3853 5538 τοῦ

2266 5562 2505 5633 πονηροῦ
2536 5566 2845 5636 πνεύματος
2874 5567 3210 5639 πλησθέντες
3237 5570 3551 5642 ἐλέγχονται
3587 5590 3603 5639 ;

2721 5750 2742 5776 δ
2778 5744 2967 5803 Matth.
3030 5748 3081 5812 7,
3124 5748 3207 5804 12.
3345 5748 3366 5780 ⁸
3395 5750 3529 5807 Luc.
3556 5767 3596 5820 ι,
3629 5748 3721 5820 69,
3755 5751 3848 5811 70.
