4132 6460
414 383 546 447 πει-1

1328 385 1705 447 PANOPLIA
1737 386 2197 451 DOGMATICA.
2234 413 2303 424 -·-
2335 388 2481 449 ΤΙΤ.
2520 391 2722 450 XXIV.

3538 382 3673 446 i219

405 495 561 560 σέως
585 497 750 564 νόμῳ
780 492 1124 563 τέτραπται.
1155 494 1320 563 φησὶν
1341 535 1356 559 ,
1380 497 1464 550 Οὐ
1508 512 1796 566 φιμωσεις
1826 497 1986 561 ,Βοῦν

2095 501 2242 567 gabis
2276 517 2332 553 os
2385 503 2498 556 bovi
2538 503 2820 555 trituranti
2870 500 2909 551 '.
2965 496 3031 550 Et
3085 495 3170 550 his
3226 494 3385 550 dictis
3434 496 3668 562 Stlbjit‘il:

406 584 699 639 ἀλοῶντα.
732 584 842 636 Καὶ
867 582 1038 637 ταῦτα
1063 582 1236 637 εἰπὼν
1257 584 1530 654 ἐπιφέρει,
1557 585 1652 653 Μὴ
1685 583 1803 638 τῶν
1816 584 1986 649 ,βοῶν

402 680 574 749 μέλει
602 678 682 743 τῷ
716 678 877 743 Θεῷ;
904 678 1067 732 τίνων
1090 679 1146 733 δὲ
1177 678 1380 749 μᾶλλον
1409 678 1567 749 μέλει
1611 681 1828 743 δεικνὺς
1849 679 1985 733 ἑπά-

406 788 516 838 γει,
545 771 627 823 Δι’
649 769 808 837 ἡμᾶς
831 770 900 822 δὲ
922 767 1161 835 πάντως
1184 771 1369 840 λέγει,
1404 770 1503 823 καὶ
1527 770 1602 824 δι’
1626 770 1783 839 ἡμᾶς
1808 770 1986 838 ἐγρά-

407 876 513 928 φη.
549 860 711 912 Ὥστε
772 859 951 914 κοινὸν
994 860 1057 912 τὸ
1109 861 1288 931 δόγμα
1326 861 1386 914 τὸ
1423 862 1480 914 έν
1512 862 1579 931 τῇ
1618 862 1833 932 Παλαιᾷ
1872 862 1988 916 δια-

407 952 611 1019 ϐαῖνον,
674 952 770 1006 καὶ
828 951 1240 1022 πολιτευόμενον
1296 956 1390 1007 καὶ
1416 957 1476 1010 ὲν
1507 957 1573 1026 τῇ
1604 954 1813 1025 χάριτι.
1852 950 1986 1009 Εἶτα

406 1045 505 1116 τὴν
538 1043 777 1113 φυσικὴν
825 1044 1124 1115 ὁμοιότητα
1161 1046 1255 1098 τοῦ
1286 1046 1417 1099 Υἱοῦ
1448 1046 1585 1117 πρὸς
1634 1048 1728 1102 τὸν
1763 1048 1988 1118 Πατέρα

407 1138 503 1190 καὶ
535 1136 596 1190 τὸ
626 1136 1050 1206 ἀπαράλλακτον
1105 1136 1391 1207 ὑποδηλῶν
1448 1142 1512 1193 ὲκ
1541 1140 1644 1210 τῆς
1690 1142 1798 1193 τῶν
1825 1158 1988 1208 νομο-

407 1226 742 1295 θετηθέντων
773 1227 1113 1297 ὁμοιότητος,
1141 1228 1392 1295 Ὠσπερ,
1421 1230 1576 1299 φησὶ,
1642 1230 1983 1301 προσετάγη

405 1312 550 1376 τοὺς
575 1312 655 1378 τῷ
685 1318 1089 1384 θυσιαστηρίῳ
1120 1318 1640 1388 προσεδρεύοντας
1660 1318 1743 1386 τῷ
1774 1326 1986 1376 θυσια-

403 1403 630 1470 στηρίῳ
657 1405 1137 1474 συμμερίζεσθαι,
1164 1408 1317 1461 οὕτω
1343 1409 1440 1462 καὶ
1473 1413 1506 1462 ό
1529 1412 1747 1477 Κύριος
1795 1428 1984 1480 προσ-

399 1491 578 1559 έταξε
642 1496 785 1561 τοὺς
828 1500 894 1550 τὸ
950 1497 1324 1571 Εὐαγγέλισν
1351 1502 1875 1571 καταγγέλλοντας
1918 1504 1986 1557 ἐκ

406 1587 509 1641 τοῦ
543 1589 918 1657 Εὐαγγελίου
963 1588 1090 1659 ζῇν.
1123 1592 1236 1662 Τὴν
1273 1595 1571 1662 συνάφειαν
1602 1595 1657 1647 δὲ
1701 1596 1861 1649 πάλιν
1893 1599 1987 1649 καὶ

405 1680 734 1748 συγγένειαν
755 1681 851 1735 τοῦ
890 1684 1059 1753 νόμον
1122 1685 1218 1738 καὶ
1269 1688 1367 1755 τῆς
1418 1686 1643 1758 χάριτος
1682 1690 1777 1741 ἐπὶ
1823 1689 1987 1745 πλέον

402 1762 767 1842 τρανολογῶν,
801 1778 883 1830 Οὺ
908 1776 1061 1830 θέλω
1088 1776 1247 1847 ὑμᾶς
1279 1779 1548 1849 ἀγνοεῖν,
1580 1782 1768 1851 φησὶν,
1800 1782 1985 1843 ἁδελ-

2096 590 2353 660 Nunquid
2375 594 2437 645 de
2472 591 2633 646 bobus
2657 608 2784 646 cura
2811 599 2885 644 est
2915 588 3024 642 Deo
3078 587 3141 640 ’ἲ
3172 585 3319 652 Quos
3349 595 3526 637 autem
3561 598 3676 634 ma-

2088 679 2171 748 gis
2201 691 2377 745 curet,
2414 683 2564 736 addit
2597 700 2610 735 :
2647 680 2870 748 Propter
2903 695 2998 733 nos
3015 686 3189 731 autem
3252 675 3465 730 omnino
3520 673 3671 733 dicit,

2088 778 2139 823 et
2160 782 2374 841 propter
2397 789 2489 826 nos
2512 774 2776 841 scriptum
2819 781 2892 825 est
2948 771 2989 822 ³.
3024 769 3203 835 Quare
3230 780 3516 821 cmnmune
3578 764 3668 816 de-

2087 870 2293 917 cretum
2320 862 2373 917 in
2399 863 2566 917 veleri
2597 862 2715 930 lege
2742 869 2798 915 et
2835 861 2887 914 in
2930 860 3103 929 gratia
3126 866 3394 911 versatur.
3467 853 3671 906 Deinde

2089 953 2391 1008 naturalem
2425 962 2480 1007 et
2508 954 2871 1009 certissimam
2910 951 3084 1006 Patris
3111 960 3165 1003 et
3212 948 3330 1003 Filii
3361 945 3671 1000 similitudi-

2089 1060 2210 1099 nem
2231 1060 2297 1099 ει
2324 1045 2457 1113 legis
2493 1046 2852 1099 similitudine
2878 1044 3119 1101 ostendit
3146 1058 3161 1094 :
3184 1036 3667 1105 Quemadmodum,

2088 1137 2361 1203 inquiens,
2399 1148 2715 1207 praeceptum
2742 1136 2865 1204 fuit,
2899 1148 2952 1189 ut
2976 1136 3065 1205 qui
3090 1134 3252 1187 altari
3274 1131 3672 1195 serviunt.par—

2087 1228 2268 1296 tieipes
2297 1230 2400 1283 sint
2430 1229 2646 1292 altaris,
2687 1231 2763 1282 sic
2790 1237 2840 1281 et
2869 1227 3125 1282 Dominus
3182 1222 3450 1292 praecpit,
3492 1229 3546 1271 ut
3577 1218 3670 1288 qui

2088 1323 2333 1374 nuntiant
2373 1319 2737 1388 Eeaugelium,
2763 1336 2826 1372 es:
2860 1319 3145 1387 Evangelia
3179 1316 3354 1369 vivant
3394 1312 3438 1365 ⁸.
3466 1309 3670 1364 Neces-

2087 1414 2381 1468 situdinem
2442 1429 2658 1469 rursum
2683 1422 2738 1466 et
2765 1411 3151 1480 cognationem
3184 1405 3316 1473 legis
3376 1412 3432 1459 et
3482 1400 3672 1472 gratim

2089 1504 2289 1557 clarius
2317 1505 2631 1567 ostendens,
2702 1501 2843 1555 Nolo
2872 1515 2982 1566 vos,
3010 1497 3208 1566 inquit,
3234 1498 3502 1564 ignorare,
3546 1492 3668 1559 fra-

2090 1606 2216 1656 tres,
2244 1596 2383 1662 quod
2409 1605 2587 1660 patres
2608 1595 2768 1647 nostri
2804 1607 2980 1645 omnes
3012 1592 3104 1642 sub
3136 1586 3269 1640 nube
3327 1585 3558 1653 fuerunt,
3618 1589 3671 1634 et

2090 1701 2266 1739 omnes
2294 1700 2387 1753 per
2409 1684 2918 1746 maretransierunt,
2959 1689 3010 1734 et
3041 1694 3217 1733 onmes
3246 1680 3301 1730 in
3336 1673 3481 1728 Moss
3545 1673 3672 1737 bap-

2091 1775 2243 1828 tizati
2271 1784 2394 1828 sunt
2418 1776 2473 1827 in
2497 1776 2631 1827 nube
2652 1783 2701 1827 et
2749 1774 2803 1826 in
2826 1773 2984 1837 mari,
3005 1779 3054 1824 et
3079 1783 3257 1822 omnes
3308 1764 3547 1820 eumdem
3595 1762 3677 1815 ci-

401 1863 527 1933 φοὶ,
567 1865 657 1917 ὅτι
693 1868 748 1919 οί
772 1868 1026 1936 πατέρες
1058 1868 1228 1938 ἡμῶν
1263 1869 1486 1937 πάντες
1510 1872 1631 1926 ὑπὸ
1664 1872 1779 1939 τὴν
1808 1874 1983 1941 regee-

2089 1867 2207 1919 bum
2235 1866 2560 1934 spiritualem
2596 1864 2953 1926 comederunt,
2978 1870 3028 1916 et
3060 1875 3239 1915 omnes
3291 1856 3529 1911 eumdem
3578 1869 3675 1922 po-

398 1960 523 2023 λην
543 1952 726 2027 ἦσαν,
755 1959 856 2013 καὶ
877 1958 1101 2029 πάντες
1117 1962 1216 2017 διὰ
1232 1963 1342 2031 τῆς
1363 1964 1686 2034 θαλάσσης
1703 1964 1981 2035 διῆλθον,

401 2049 503 2102 καὶ
546 2049 773 2115 πάντες
808 2052 877 2106 ἐν
902 2051 976 2123 τῇ
1002 2055 1231 2124 νεφέλῃ
1265 2055 1751 2124 ἐϐαπτίσθησαν,
1785 2059 1895 2111 καὶ⁴
1916 2061 1985 2113 ἐν

402 2135 479 2206 τῇ
508 2138 791 2208 θαλάσσῃ
820 2144 909 2208 εἰς
942 2142 1051 2197 τὸν
1067 2144 1357 2213 Μωῢσῆν,
1376 2145 1474 2199 καὶ
1495 2146 1722 2214 πάντες
1744 2149 1811 2201 τὸ
1838 2150 1985 2203 αὐτὸ

396 2229 611 2300 ,ϐρῶμα
638 2235 1044 2303 πνευματικὸν
1067 2238 1315 2307 ἔφαγον,
1348 2238 1447 2292 καὶ
1470 2238 1697 2307 πάντες
1744 2244 1807 2296 τὸ
1840 2244 1983 2297 αὐτὸ

400 2324 567 2392 πόμα
596 2328 1006 2395 πνευματικὸν
1044 2329 1242 2383 ἔπιον.
1290 2331 1538 2385 Ἕπινον
1567 2333 1678 2403 γὰρ
1703 2334 1773 2388 ἐκ
1806 2352 1988 2390 πνευ-

395 2415 657 2484 ματικῆς
682 2418 1148 2489 ἀκολουθούσης
1187 2421 1428 2490 πέτρας,
1458 2424 1494 2493 ἡ
1525 2424 1593 2477 δὲ
1622 2426 1811 2495 πέτρα
1836 2423 1916 2497 ἦν
1953 2431 1986 2482 d

400 2508 676 2574 Χριστός.
742 2509 1011 2575 Ἀκούεις,
1058 2513 1197 2584 ὅπερ
1235 2515 1264 2567 ὁ
1310 2514 1550 2587 Χριστὸς
1585 2516 1677 2571 τὸν
1713 2520 1985 2589 πατρικὸν

400 2597 618 2664 έπότιζε
641 2599 792 2667 λαὸν,
825 2602 942 2657 ἴσον
976 2603 1034 2658 δὲ
1065 2605 1242 2658 εἰπεῖν
1271 2604 1365 2659 τὸν
1399 2607 1600 2661 οἰκεῖον
1629 2623 1645 2638 ·
1681 2610 1775 2663 καὶ
1808 2611 1924 2676 πῶς
1953 2611 1981 2664 ὁ

402 2692 594 2765 Πατὴρ
623 2692 824 2764 eam:
855 2695 946 2749 τὸν
970 2695 1191 2766 Ἰσραὴλ
1217 2697 1298 2756 εἰς
1314 2697 1411 2767 τὴν
1433 2696 1529 2750 τοῦ
1550 2699 1679 2751 Υξοῦ
1702 2700 1981 2771 λατρείαν,

401 2784 495 2837 καὶ
533 2786 878 2857 ἐπιστροφὴν
907 2787 998 2841 διὰ
1019 2786 1181 2841 τινων
1209 2806 1221 2850 ;
1249 2789 1283 2859 ἢ
1320 2789 1563 2861 δηλονότι
1598 2790 1689 2844 διὰ
1728 2794 1977 2859 Μωσέως

400 2876 498 2928 καὶ
522 2874 632 2930 τῶν
664 2877 982 2949 προφητῶν;
1043 2877 1153 2933 Ποῦ
1194 2874 1287 2933 οὖν
1335 2880 1571 2935 ἐνταῦθα
1624 2882 1652 2932 ὁ
1709 2886 1983 2955 πονηρός;

400 2965 506 3019 ποῦ
541 2967 642 3037 τῆς
678 2971 927 3040 πονηρᾶς
964 2970 1145 3041 ἀρχῆς
1176 2971 1236 3023 τὸ
1263 2971 1457 3043 ἔργον;
1485 2972 1588 3027 ποῦ
1624 2976 1670 3027 oi
1704 2976 1861 3046 νόμοι
1885 2978 1986 3049 τῆς

399 3060 783 3131 ἀντικειμένης
806 3063 1001 3133 μοίρας
1022 3080 1038 3129 ;
1069 3058 1203 3117 Εἶτα
1226 3063 1389 3119 πάλιν
1406 3068 1564 3136 φησι·
1589 3068 1757 3137 Μηδὲ
1784 3071 1984 3128 ἐκπει-

2090 1970 2198 2013 tum
2224 1957 2552 2029 spiritualem
2575 1957 2834 2010 biberunt.
2869 1953 3121 2008 Bibebant
3157 1952 3294 2005 enim
3313 1964 3379 2003 ex
3403 1944 3674 2016 spirituali

2091 2060 2339 2120 sequente
2375 2058 2547 2113 petra,
2572 2054 2721 2116 petra
2747 2057 2922 2099 autem
2949 2054 3059 2098 erat
3089 2042 3329 2097 Christus
3385 2040 3429 2091 ⁸.
3478 2037 3671 2101 Audis,

2089 2141 2360 2209 quomodo
2390 2137 2638 2193 Christus
2669 2135 2884 2188 Patrum
2905 2133 3181 2211 populum,
3248 2129 3301 2182 id
3358 2136 3462 2194 est,
3515 2139 3671 2180 suum

2090 2231 2388 2301 putaverit?
2429 2230 2495 2283 Et
2528 2227 2799 2298 quomodo
2835 2225 2995 2280 Pater
3025 2224 3259 2277 ducebat
3287 2219 3545 2275 lsraelem
3604 2218 3670 2270 ad

2089 2320 2209 2374 Filii
2242 2320 2577 2388 agnitionem
2609 2329 2664 2374 et
2695 2313 3111 2373 adoratiouem?
3141 2313 3248 2369 Per
3275 2324 3414 2380 quos
3453 2307 3675 2364 autem?

2089 2412 2192 2466 Per
2244 2409 2445 2464 Moseut
2501 2410 2684 2479 utique
2710 2417 2776 2471 pet
2837 2408 3148 2477 praphctas.
3212 2402 3313 2460 Ubi
3376 2400 3540 2471 igitur
3584 2397 3675 2452 hic

2088 2504 2307 2561 malus?
2340 2505 2429 2560 ubi
2462 2505 2590 2561 mali
2622 2504 2871 2574 principii
2909 2502 3090 2573 opus?
3166 2500 3258 2556 ubi
3308 2498 3455 2566 leges
3500 2493 3674 2565 partis

2087 2599 2419 2655 contraria?
2483 2599 2611 2655 Post
2664 2605 2846 2652 autem
2903 2597 3038 2652 dicit
3092 2611 3107 2650 :
3168 2593 3349 2665 Neque
3411 2598 3672 2645 tentemus

2089 2691 2379 2758 Christum,
2412 2693 2548 2747 sicut
2589 2692 2806 2763 quidam
2837 2692 3010 2760 ipsum
3050 2694 3381 2743 tentaveruut
3435 2685 3476 2737 '.
3538 2679 3673 2745 Qui-

2090 2782 2258 2838 nam?
2291 2782 2497 2852 Nempe
2526 2783 2757 2855 populus
2778 2781 3047 2837 Israelita.
3080 2781 3146 2833 Et
3181 2792 3305 2849 quae
3358 2770 3673 2843 supplicia?

2089 2877 2131 2928 Α
2165 2876 2494 2944 serpentibus
2521 2876 2792 2944 perierunt
2836 2875 2881 2947 ⁷,.
2927 2873 3299 2939 Quamobrem
3356 2868 3451 2936 qui
3507 2866 3675 2919 Deum

2090 2969 2142 3023 in
2167 2969 2283 3040 lege
2324 2976 2691 3035 tentaveruut,
2726 2968 2784 3031 .ii
2837 2980 2934 3035 per
2985 2965 3200 3020 Patrem
3253 2966 3533 3016 tentarunt
3584 2954 3676 3009 Fi-

2094 3060 2250 3115 lium.

397 3150 662 3223 ρὰζωμεν
704 3153 813 3209 τὸν
846 3153 1144 3223 Χριστὸν,
1188 3154 1384 3223 καθὼς
1417 3157 1519 3211 καί
1575 3176 1741 3227 τινες
1799 3165 1988 3223 αὑτὸν
2050 3172 2411 3242 ἐπείρασαν.
2444 3173 2640 3239 Τίνες;
2690 3172 2723 3243 ἢ
2771 3170 3016 3241 δηλονότι
3042 3173 3089 3245 ο
3119 3168 3461 3239 Ἰσραηλείτης
3521 3161 3692 3225 λαός..

401 3247 514 3301 Καὶ
539 3245 660 3301 τινα
696 3245 768 3301 τὰ
798 3248 1081 3321 ἐπιχειρα;
1112 3249 1251 3304 Ὑπὸ
1280 3250 1402 3306 τῶν
1423 3251 1621 3323 ὄφεων
1650 3255 1987 3315 ἀπώλοντο.
2018 3262 2181 3321 Ὥστε
2208 3268 2257 3320 οἱ
2290 3264 2645 3339 πειράζοντες
2666 3266 2762 3319 τὸν
2786 3266 2844 3318 ὲν
2870 3263 2947 3335 τῷ
2976 3263 3128 3333 νόμῳ
3151 3262 3286 3316 Θεὸν
3312 3259 3402 3313 διὰ
3426 3255 3520 3312 τοῦ
3562 3255 3677 3308 Πα-

400 3341 529 3413 τρδς
560 3344 654 3395 τὴν
679 3342 809 3397 Υἰὸν
837 3343 1153 3414 ἐπείραζον.

482 3432 754 3504 Ἑϐραίοις
792 3434 822 3487 ὁ
875 3434 1091 3499 Παῦλος
1138 3436 1473 3493 ἐπιστέλλων
1499 3440 1633 3510 φησι
1665 3457 1678 3471 ·
1718 3446 1986 3515 Πολυμε-

2169 3445 2251 3498 Ad
2282 3443 2540 3499 Hebraeos
2568 3443 2815 3499 scribens
2842 3440 3043 3497 Paulus
3076 3458 3090 3496 :
3156 3439 3537 3509 Muttifariaut,
3593 3437 3683 3491 in-

392 3521 520 3592 ρῶς
550 3523 649 3578 καὶ
683 3524 1078 3594 πολυτρόπως
1101 3526 1291 3582 πάλαι
1317 3528 1351 3582 ό
1389 3530 1533 3598 Θεὸς
1552 3534 1837 3604 λαλήσας
1860 3541 1985 3607 τοῖς

400 3613 708 3682 πατράσιν
733 3615 804 3671 ἐν
831 3617 957 3683 τοῖς
1004 3618 1365 3688 προφήταις,
1403 3621 1495 3677 ἐπ’
1536 3624 1808 3692 ἐσχάτων
1860 3631 1983 3686 τῶν

400 3704 641 3775 ’ἡμερῶν
686 3708 915 3763 τούτων
951 3709 1266 3779 ἐλάλησεν
1292 3711 1440 3781 ἡμῖν
1467 3714 1538 3768 ἐν
1569 3715 1701 3782 Υίῷ.
1731 3718 1866 3775 Ἰδοὺ
1894 3722 1988 3776 τὸν

401 3796 565 3852 αὐτὸν
585 3798 740 3864 Θεὸν,
769 3799 863 3853 καὶ
888 3800 989 3854 οὐκ
1016 3801 1178 3857 ἀλλον
1231 3802 1326 3856 καὶ
1357 3804 1520 3861 ἄλλον
1559 3808 1732 3862 πάλαι
1793 3811 1894 3881 μὲν
1926 3814 1986 3866 ὲν

400 3893 517 3954 τοῖς
568 3892 877 3963 προφήταις
927 3892 1160 3964 λαλῆσαι
1194 3894 1367 3963 λέγει,
1425 3895 1657 3968 ὕστερον
1688 3901 1746 3954 δὲ
1799 3904 1857 3956 ἐν
1905 3904 1987 3974 τῷ

403 3980 538 4053 Υἰῷ.
570 3980 734 4038 Ὅθεν
762 3980 861 4052 τὴν
905 3982 1100 4055 καινὴν
1131 3983 1411 4056 Διαθήκην
1447 3988 1507 4041 ὲν
1544 3988 1623 4059 τῷ
1676 3989 1790 4060 Υἱῷ
1828 4011 1990 4065 χαρι-

404 4075 644 4145 σάμενος
679 4072 759 4145 τῷ
799 4073 1027 4145 κόσμῷ,
1058 4074 1222 4141 αὐτὸς
1270 4077 1369 4132 καὶ
1418 4076 1480 4131 ιν
1521 4082 1636 4145 τοῖς
1673 4086 1990 4151 προφήταις

401 4165 610 4220 διέθετο
629 4166 730 4238 τὴν
760 4164 1019 4233 παλαιὰν,
1080 4168 1178 4222 καὶ
1210 4167 1329 4233 πῶς
1375 4170 1409 4240 ἡ
1466 4170 1643 4244 πλάνη
1674 4172 1835 4229 ἄλλον
1883 4176 1984 4245 μὲν

402 4257 845 4329 ὲκείνης,ἓτερον
864 4256 922 4312 δὲ
949 4259 1048 4330 τῆς
1077 4260 1273 4332 καινῆς
1293 4261 1630 4318 ἀναπλάττει
1688 4266 1991 4342 νομοθέτην

405 4353 498 4411 καὶ
528 4351 659 4406 Θεόν
676 4370 690 4419 ;

472 4446 643 4502 Πάλιν
672 4446 701 4500 ὁ
730 4444 895 4511 αὐτὸς
941 4444 1267 4509 Ἀπόστολος
1316 4446 1467 4515 λέγει
1503 4465 1519 4481 ο
1551 4451 1986 4519 Κατανοήσατε

401 4539 511 4592 τὸν
534 4538 885 4593 ἀπόστολον
911 4536 1011 4591 καὶ
1036 4536 1314 4606 ἀρχιερέα
1338 4537 1448 4606 τῆς
1471 4542 1797 4609 ὁμολογίας
1815 4542 1987 4611 ἡμῶν

414 4630 658 4699 Ἰησοῦν
689 4630 967 4699 Χριστὸν,
1001 4629 1224 4684 πιστὸν
1247 4629 1394 4683 ὄντα
1424 4630 1505 4697 τῷ
1528 4632 1853 4701 ποιήσαντι
1881 4638 1989 4690 αὐ.

402 4719 530 4785 τὸν,
560 4719 801 4789 δηλονότι
850 4717 1135 4789 ἀρχιερέα.
1162 4713 1295 4771 Εἶτα
1320 4719 1439 4783 πῶς
1476 4714 1549 4791 ἦν
1567 4724 1779 4789 πιστὸς,
1817 4722 1985 4789 ὑπεξ-

2089 3536 2230 3606 qttit,
2254 3536 2535 3603 multisque
2560 3535 2733 3588 modis
2756 3532 2884 3587 olim
2914 3533 3053 3588 Deus
3083 3534 3300 3599 loquens
3343 3530 3584 3598 patribus
3622 3529 3686 3581 in

2088 3626 2376 3695 prophetis,
2412 3626 2692 3681 nouissime
2714 3625 2924 3680 loeutus
2953 3634 3031 3678 est
3052 3625 3202 3677 nobis
3221 3624 3278 3676 in
3305 3622 3445 3676 bilio
3473 3621 3519 3673 ⁸.
3542 3619 3680 3673 Ecce

2090 3721 2340 3778 eumdem
2375 3720 2566 3786 Deum,
2604 3734 2658 3777 et
2688 3736 2792 3775 non
2829 3719 2996 3774 alium
3030 3719 3159 3773 olim
3201 3714 3569 3786 inprophetis
3598 3724 3687 3768 ιοαι

2090 3823 2276 3866 cutum
2299 3812 2452 3877 dicit,
2483 3820 2604 3881 post
2630 3824 2812 3866 autem
2843 3812 2901 3867 in
2936 3809 3093 3865 Filio.
3139 3810 3242 3877 Qui
3294 3809 3500 3862 Novum
3566 3803 3673 3859 Te-

2090 3911 2421 3958 stamentum
2453 3904 2506 3957 in
2537 3903 2676 3959 Filio
2711 3904 2937 3974 largitus
2970 3913 3054 3958 est
3086 3903 3308 3968 mundo,
3353 3902 3494 3956 idem
3522 3907 3599 3959 ct
3622 3896 3679 3949 in

2090 3994 2373 4066 prophetis
2401 3993 2569 4049 Vetus
2593 3994 2850 4050 instituit.
2881 3995 3129 4062 Quonam
3160 3994 3324 4063 igitur
3342 3992 3503 4046 modo
3539 3990 3675 4042 isto-

2093 4097 2213 4135 rum
2247 4096 2401 4137 error
2424 4098 2589 4137 unum
2612 4084 2830 4151 veteris,
2848 4093 2904 4141 et
2931 4084 3169 4140 alterum
3186 4082 3311 4138 novi
3351 4080 3688 4139 Testametm

2044 4223 2051 4231 .
2094 4174 2132 4227 ti
2174 4173 2330 4245 tingit
2351 4174 2672 4230 auctorem?

2162 4443 2399 4498 Rursum
2432 4443 2572 4498 idem
2602 4443 2877 4515 apostolus
2905 4443 2975 4497 ait
3002 4461 3018 4500 :
3051 4442 3399 4498 Considerate
3468 4455 3691 4512 aposto-

2093 4532 2200 4586 lum
2230 4543 2279 4586 et
2299 4532 2608 4600 pontiﬁcem
2635 4532 2983 4602 confessionis
3042 4548 3236 4590 nostra
3284 4532 3473 4589 Jesum
3522 4534 3681 4589 Chri-

2090 4634 2253 4686 stum,
2285 4624 2566 4693 quiﬁdelis
2588 4622 2692 4689 fuit
2724 4624 2773 4677 ei
2805 4624 2896 4692 qui
2920 4623 3040 4691 fecit
3075 4641 3129 4677 se
3159 4627 3203 4689 ⁹,
3234 4638 3427 4692 nempe
3504 4627 3682 4694 ponti-

2092 4721 2268 4774 ﬁcem.
2304 4720 2507 4774 Deinde
2530 4720 2802 4789 quomodo
2833 4720 3004 4775 ﬁdelis
3039 4720 3221 4785 fuerit,
3249 4722 3549 4790 explicans,
3578 4738 3677 4793 per

401 4810 708 4881 ηγούμενος
752 4810 840 4863 διὰ
871 4808 965 4863 τοῦ
1016 4810 1296 4873 Μωῦσέως
1329 4810 1586 4867 δεικνύει·
1606 4812 1701 4878 Ὠς
1741 4815 1986 4870 καὶΜω-

2095 4813 2297 4867 Mosem
2330 4814 2586 4867 ostendit.
2622 4811 3081 4877 Quemadmodmn
3108 4810 3304 4874 Moses,
3361 4813 3560 4884 inquit,
3620 4816 3678 4869 in

400 4900 543 4971 σῆς,
578 4903 766 4973 φησὶν,
787 4901 857 4954 έν
874 4901 998 4969 ὅλῳ
1023 4900 1100 4967 τῷ
1121 4902 1267 4968 οἴκῳ
1286 4897 1497 4958 αὑτοῦ.
1554 4904 1712 4967 Τίνος
1749 4904 1885 4977 οτκῳ
1910 4922 1927 4971 ;
1952 4906 1985 4978 ἢ

400 4995 641 5066 δηλονότι
674 4993 768 5047 τοῦ
808 4995 1136 5065 ποιήσαντος
1160 4994 1427 5065 ἀρχιερέα
1461 4996 1553 5047 τὸν
1581 4995 1787 5067 Κύριον
1828 4999 1987 5069 ἡμῶν

413 5085 620 5154 Ἰησοῦν
646 5085 901 5154 Χριστόν.
926 5082 1059 5138 Εἶτα
1102 5083 1198 5138 καὶ
1227 5084 1326 5155 τὴν
1355 5084 1688 5156 ἀσύγκριτον
1719 5090 1988 5160 διαφορὰν

399 5176 494 5229 τοῦ
532 5177 807 5230 Δεσπότου
864 5177 1000 5247 πρὸς
1031 5177 1121 5230 τὸν
1141 5177 1327 5231 δοῦλον
1349 5177 1640 5242 διδάσκων,
1676 5181 1984 5249 ἐπήγαγεν,

400 5270 481 5321 ὅτι
511 5256 801 5337 Πλείονος
824 5270 1010 5339 δόξης
1035 5265 1214 5337 οὗτος
1235 5271 1394 5340 παρὰ
1426 5271 1695 5341 Μωυσῆν
1721 5272 1995 5341 ἠξίωται,

401 5360 532 5412 καθ’
549 5358 702 5413 ὅσον
723 5363 976 5415 πλείονα
993 5360 1174 5431 τιμὴν
1209 5360 1338 5429 ἔχει
1377 5356 1486 5416 τοῦ
1520 5361 1691 5416 οἴκου
1710 5366 1743 5416 d
1765 5380 1993 5418 κατασ-

399 5451 671 5516 κευάσας
681 5454 887 5508 αὐτόν.
902 5454 1029 5521 Πᾶς
1049 5454 1159 5525 γὰρ
1176 5449 1343 5521 οἶκος
1360 5454 1857 5515 κατασκευάζεται
1874 5457 1997 5512 ὑπό

398 5561 585 5611 τινος,
616 5549 650 5600 ὁ
677 5545 744 5598 δὲ
772 5546 968 5600 πάντα
997 5546 1463 5613 κατασκευάσας
1486 5549 1648 5614 Θεός.
1672 5548 1803 5601 Ἰδοὺ
1832 5544 1941 5620 γὰρ
1966 5551 1995 5601 ὁ

403 5637 503 5705 μὲν
535 5638 770 5707 Χριστὸς
808 5639 933 5702 Υἱὸς
963 5639 1057 5692 τοῦ
1098 5639 1308 5708 ἀγαθοῦ
1368 5640 1603 5709 Πατρδς,
1635 5640 1664 5693 ὁ
1692 5639 1751 5693 δὲ
1780 5639 1984 5711 Μωσῆς

474 5780 487 5807 ¹
522 5775 541 5834 ι
572 5778 697 5834 Cur.
734 5795 851 5844 vm,
884 5779 937 5839 8,
966 5779 1020 5833 9.
1145 5783 1167 5815 ³
1197 5781 1325 5836 ibid.
1434 5781 1455 5812 ³
1510 5779 1641 5834 ihid.
1670 5782 1775 5835 40.

402 5848 424 5879 ι
463 5846 628 5904 Hebr.
671 5866 711 5918 ι,
750 5850 828 5904 li.

1145 5783 1167 5815 ³
1197 5781 1325 5836 ibitl.

1887 5782 1909 5816 δ
1944 5780 2076 5834 ibid.
2108 5782 2195 5847 i3,
2228 5781 2314 5837 Η.

926 5844 1148 5906 ’lchr.
1192 5854 1339 5920 1",].
1424 5850 1715 5908 ’°ibid.2.
1797 5854 1835 5884 ιι
1869 5850 2003 5908 ibid.
2039 5851 2095 5917 δ,
2130 5852 2184 5906 .t.

2089 4914 2202 4959 tota
2226 4904 2389 4957 domo
2422 4902 2535 4972 ejus
2572 4904 2637 4957 ²⁰.
2669 4901 2835 4972 Cujus
2872 4903 3070 4957 domo?
3100 4903 3248 4957 Illius
3275 4903 3558 4971 nimirum,
3585 4908 3677 4977 qui

2089 4996 2216 5053 fecit
2243 4999 2553 5069 pontiﬁcem
2586 4996 2873 5051 Dominum
2896 5006 3142 5053 nostrum
3167 4996 3353 5053 Jesum
3379 4998 3690 5065 Christum.

2088 5091 2292 5147 Deinde
2350 5092 2830 5162 incomparabilem
2872 5089 3085 5145 Domini
3125 5109 3249 5146 cum
3302 5108 3460 5149 servo
3527 5093 3681 5171 dim--

2091 5187 2323 5240 rentiaut
2359 5186 2743 5239 demonstrans
2806 5184 3008 5253 adjecit
3048 5203 3062 5239 :
3124 5184 3204 5240 Eo
3258 5186 3460 5255 majore
3505 5187 3679 5253 gloria

2092 5277 2197 5341 hic,
2225 5293 2382 5349 quam
2416 5276 2590 5332 Moses
2622 5275 2810 5346 dignus
2832 5275 2959 5346 fuit,
2987 5287 3184 5347 quanta
3222 5279 3474 5348 majorem
3506 5278 3673 5329 hono-

2093 5385 2199 5423 rem
2230 5370 2383 5423 habet
2404 5371 2582 5434 domo,
2613 5374 2659 5421 is
2685 5368 2775 5439 qui
2799 5367 2923 5436 fecit
2960 5384 3099 5423 eam.
3158 5367 3344 5421 Omnis
3370 5362 3373 5363 ⁷
3397 5368 3533 5420 enim
3584 5368 3687 5419 a'o-'

2095 5475 2212 5513 mus
2236 5460 2535 5527 wdiﬁcatur
2558 5460 2624 5513 ab
2655 5461 2854 5523 aliqua,
2884 5463 3165 5530 quiuutem
3220 5460 3394 5510 omnia
3418 5458 3574 5525 facit,
3606 5469 3688 5512 est

2092 5549 2233 5604 Deus
2258 5553 2318 5606 “.
2364 5552 2503 5606 Ecce
2534 5551 2787 5608 Christus
2832 5548 2999 5604 Filius
3055 5548 3179 5603 boni
3242 5546 3441 5602 Patris.
3504 5547 3679 5602 Muses

2095 5652 2276 5698 autent
2301 5658 2491 5699 servus
2525 5646 2666 5715 ejus,
2703 5659 2803 5698 ncc
2829 5641 3153 5709 simpliciter
3180 5655 3388 5703 servus,
3425 5640 3518 5695 sed
3542 5640 3677 5694 tide-

2422 5784 2443 5814 ⁸
2508 5780 2759 5849 lCor.x,
2809 5780 2859 5834 l.
2914 5780 2967 5837 ὁ,
3078 5779 3097 5810 ⁸
3156 5777 3287 5833 ibid.
3323 5776 3377 5832 9.
3481 5774 3499 5805 τ
3540 5776 3673 5831 ibid.
