4132 6414
499 350 636 416 1943

1740 352 2114 413 ΕυΤΙΙΥΜΙΙ
2169 349 2520 411 ZIGABENI

3635 346 3773 413 1244

495 471 735 537 ipsorum
768 468 834 521 ab
882 485 1072 524 errore
1121 472 1441 541 principium
1499 472 1816 540 sumpserit,
1873 472 1925 524 in
1962 486 2071 524 om-

2183 468 2294 537 Τῆς
2325 469 2436 537 γὰρ
2464 468 2703 527 πίστεως
2742 464 2926 519 αὐτῶν
2958 463 3281 534 ἀρξαμένης
3313 463 3379 515 ἐκ
3405 460 3637 529 πλάνης,
3664 464 3771 516 duo

495 561 656 614 uibus
703 560 961 631 deinceps
1008 564 1414 617 aberraverunt.
1469 565 1657 634 Capita
1711 573 1891 618 tamen
1965 565 2076 617 lue-

497 658 785 704 reticarum
835 653 1144 720 opinionum
1184 665 1239 708 et
1286 654 1658 721 fundamenta,
1705 665 1759 710 et
1817 656 2072 720 radicem,

494 750 551 795 et
581 742 784 795 [autem
814 744 1213 812 quodammodo
1237 746 1744 802 demonstrabimus.
1777 749 1908 812 Qua:
1949 747 2077 800 reli—

493 836 671 902 gionis
725 845 779 889 et
837 837 1051 904 pietatis
1105 838 1347 893 doctrina
1398 840 1466 893 ab
1501 840 1654 894 initio
1726 842 1793 895 ab
1845 843 1945 897 hoc
1981 858 2074 897 us-

493 941 600 994 que
641 936 853 996 tempus
906 929 1202 997 redarguit,
1256 939 1309 984 et
1356 940 1610 1000 tanquam
1671 947 1885 987 araneae
1940 932 2074 988 telas

492 1015 697 1081 disjecit
744 1031 907 1087 alque
969 1020 1240 1087 dissolvit,
1280 1032 1335 1076 et
1396 1024 1637 1091 ipsorum
1672 1022 1912 1078 tenebris
1961 1023 2073 1077 dis-

491 1109 667 1162 cussis
712 1112 996 1164 veritatem
1060 1111 1318 1166 ostendit.
1364 1112 1493 1179 Quae
1524 1128 1653 1168 vero
1708 1118 2072 1182 praetermissa

491 1209 634 1267 sunt,
669 1198 828 1254 facile
875 1202 1081 1256 eisdem
1126 1204 1426 1259 rationibus
1457 1206 1653 1275 quibus
1687 1206 1889 1275 reliqua
1941 1221 2073 1260 con-

490 1291 786 1346 futavimus
815 1302 1149 1349 evertentur.
1195 1294 1252 1350 Si
1285 1297 1427 1351 enim
1464 1299 1552 1365 qui
1586 1298 1805 1352 haeresis
1867 1311 2075 1352 veneno

488 1392 616 1434 sunt
686 1382 897 1449 infecti,
944 1386 1288 1453 resipiscam,
1347 1401 1412 1442 ex
1470 1388 1776 1457 graviorum
1837 1388 2071 1458 capitum

486 1472 853 1528 confutatione
906 1475 1112 1544 reliqua
1172 1488 1521 1548 cognoscent.
1573 1478 1705 1534 Nam
1750 1480 1803 1534 in
1865 1487 2071 1535 rectam

489 1564 707 1618 deducti
736 1566 897 1632 viam,
930 1566 1091 1622 facile
1130 1570 1277 1623 omni
1305 1570 1583 1625 mendacio
1607 1580 1865 1641 tanquam
1901 1572 2071 1627 offen-

490 1656 667 1711 diculo
727 1668 780 1711 et
838 1659 1227 1728 impedimento
1257 1662 1472 1717 sublato
1495 1664 1801 1734 rejectoqne
1848 1664 1900 1718 in
1958 1680 2074 1718 om-

491 1765 611 1803 nem
647 1751 864 1805 venient
893 1754 1197 1810 veritatem.
1223 1756 1373 1821 Quod
1405 1758 1451 1811 si
1479 1758 1605 1812 caeci
1631 1772 1753 1813 esse
1779 1757 2067 1823 voluerint,

2176 559 2384 621 λούθως
2440 561 2498 611 ὲν
2548 558 2755 612 ἅπασιν
2801 556 3211 628 ἐπλανήθησαν.
3254 556 3336 609 Τὰ
3389 555 3574 625 μέντοι
3598 572 3772 623 κεφα-

2174 649 2542 719 λαιωδέστερα
2603 648 2712 701 τῶν
2745 650 2803 701 ὲν
2850 649 3036 711 αὐτοῖς
3098 646 3394 716 αίρετικῶν
3450 645 3768 715 δογμάτων,

2173 742 2269 798 καὶ
2293 744 2393 796 ὅσα
2420 742 2693 810 θεμέλιος,
2714 742 2809 794 καὶ
2836 742 2984 809 ῥίζα,
3016 740 3110 793 καὶ
3132 735 3247 793 οἷον
3280 739 3432 809 πηγὴ
3461 739 3769 808 πεφύκασι,

2172 832 2347 887 ταῦτά
2378 834 2540 897 εἰσιν,
2576 830 2679 883 ὅσα
2720 828 3014 901 προλαδὼν
3045 830 3175 899 ἄχρι
3204 828 3301 881 τοῦ
3327 828 3596 899 παρόντος
3623 831 3651 882 ὁ
3678 829 3775 882 εὖ·

2175 924 2337 995 σεὸὴς
2367 923 2528 988 λόγος
2566 923 2790 995 ἤλεγξε,
2819 923 2917 976 καὶ
2944 921 3020 984 ὡς
3059 922 3308 992 ἀράχνης
3341 920 3492 976 ἱστὸν
3519 921 3765 984 διέλυσε,

2173 1018 2267 1071 καὶ
2306 1015 2368 1068 τὸ
2393 1017 2585 1077 σκότος
2617 1015 2806 1068 αὐτῶν
2835 1013 3196 1075 διασκεδάσας
3218 1011 3467 1077 ὑπέδειξε
3496 1014 3600 1085 τὴν
3619 1014 3762 1083 ἀλήυ

2174 1107 2349 1162 θειαν.
2380 1107 2563 1162 Τᾶλλα
2592 1106 2649 1160 δὲ
2681 1105 3083 1177 παρειάθησαν,
3112 1105 3189 1168 ὡς
3218 1104 3465 1175 εὐχερῶς
3493 1103 3606 1159 aut:
3650 1103 3772 1157 τῶν

2173 1197 2598 1266 ἀνατραπέντων
2631 1196 2861 1267 λυθῆναι
2895 1197 2988 1250 καὶ
3028 1194 3170 1249 αὐτὰ
3210 1195 3509 1264 δυνάμενα.
3552 1196 3614 1248 Εἰ
3661 1197 3770 1265 μὲν

2172 1288 2282 1359 γὰρ
2311 1287 2562 1341 πείσουσι
2588 1289 2721 1351 τοὺς
2749 1288 2849 1357 τῆς
2880 1287 3151 1356 αἱρέσεως
3173 1287 3224 1340 οἱ
3260 1286 3372 1340 τῶν
3394 1288 3769 1357 κεφαλαιωδε-

2174 1380 2383 1453 στέρων
2414 1381 2699 1451 δογμάτων
2728 1380 2966 1450 ἔλεγχοι,
3005 1380 3237 1450 περιττή
3265 1378 3375 1433 τῶν
3407 1378 3768 1447 ὑπολειφθέν-

2172 1475 2337 1543 τωνὴ
2376 1472 2518 1527 κατὰ
2578 1473 2743 1542 μέρος
2777 1471 3068 1537 ἐξέτασιςο
3120 1470 3445 1541 εναχθέντες
3509 1473 3622 1539 γὰρ
3680 1472 3768 1532 είς

2172 1566 2272 1634 τὴν
2299 1565 2516 1619 εὐθεῖαν
2545 1565 2665 1618 ὁδὸν
2698 1565 2898 1635 ῥᾳδίως
2930 1564 3148 1617 ἔσονται
3190 1562 3503 1633 βαδίζοντες
3526 1563 3622 1615 ἐπὶ
3649 1563 3763 1617 πᾶ-

2175 1677 2274 1730 σαν
2304 1660 2585 1730 ἀλήθειαν,
2627 1662 2735 1713 πᾶν
2755 1658 2954 1728 ψεῦδος
2980 1659 3234 1729 καθάπερ
3270 1658 3615 1727 πρόσκομμα
3666 1657 3765 1708 καὶ

2175 1752 2381 1805 σκῶλον
2442 1755 2506 1805 ὲκ
2543 1752 2712 1820 μέσου
2755 1751 3038 1814 ποιοῦντες
3066 1753 3162 1804 καὶ
3194 1749 3610 1821 διαρῤίπτοντες
3636 1764 3652 1779 ·
3712 1750 3766 1801 εἰ

489 1840 869 1897 claudicabunt
905 1844 1087 1899 adhuc
1149 1847 1540 1918 mendacioque
1614 1850 1838 1917 protecti
1885 1861 2070 1903 contra

2174 1843 2219 1895 δ’
2249 1843 2807 1910 ὲθολοτυφλώττοντες
2850 1843 3079 1912 μυοῦσιν
3112 1845 3197 1895 ἐτι
3227 1844 3363 1911 πρὸς
3396 1842 3457 1894 τὸ
3495 1840 3634 1908 φῶς,
3666 1841 3769 1895 καὶ

486 1933 805 2001 semetipsos
876 1934 1088 1990 fortiter
1148 1949 1329 2006 agent,
1372 1948 1426 1992 et
1459 1939 1525 1993 ad
1576 1941 1781 1996 erroris
1825 1940 2071 2008 spiritum

488 2017 718 2079 deficere
747 2028 1090 2083 recusabunt.
1112 2030 1287 2098 Atque
1311 2030 1382 2084 ita
1433 2047 1644 2086 rursum
1673 2047 2073 2100 supervacanea

486 2114 591 2167 crit
615 2115 869 2170 subtilior
898 2133 1084 2172 eorum
1109 2134 1229 2189 qua:
1275 2131 1483 2175 restant
1504 2123 1815 2191 explicatio.
1839 2124 2076 2178 l’utridis

487 2206 631 2258 enim
668 2206 1033 2267 fundamentis
1079 2212 1129 2267 in
1159 2228 1376 2269 cassum
1406 2215 1612 2285 aliquid
1643 2216 2075 2285 superstruxeris

400 2342 419 2347 ﬁ
490 2298 853 2371 inutilemque
894 2303 1131 2360 laborem
1163 2308 1491 2377 susceperis.

1017 2484 1322 2544 TITULUS
1345 2488 1512 2548 XXV.

558 2569 632 2625 De
663 2588 839 2639 cruce,
882 2574 948 2628 de
999 2588 1183 2632 saneto
1234 2580 1496 2645 baptisma
1534 2594 1581 2638 et
1630 2584 1693 2639 de
1740 2584 2074 2641 eucltaristice

1133 2652 1396 2720 mysterio.

558 2753 751 2808 Verum
774 2759 1031 2826 quoniam
1050 2770 1104 2816 et
1127 2777 1345 2818 crucem
1370 2768 1729 2824 venerabilem
1741 2770 2068 2840 despiciunt,

482 2853 541 2898 et
557 2846 798 2901 divinum
812 2850 1138 2919 baptismum
1156 2865 1585 2925 contemnunt,et
1598 2876 1810 2917 sacram
1832 2866 2071 2932 mystica

483 2952 654 2992 cinna:
689 2941 1511 3016 traussumptiouemfirridcnt,
1537 2959 1592 3006 et
1620 2953 1686 3007 de
1720 2954 1805 3009 his
1853 2971 2069 3028 quoque

485 3028 689 3097 aliquid
720 3048 787 3087 ex
819 3034 1098 3090 beatorqu
1147 3036 1370 3095 Patrum
1423 3040 1575 3098 libris
1597 3044 1973 3116 depromptum
2008 3049 2064 3105 in

486 3126 722 3184 medium
769 3130 1077 3186 alferemus.
1234 3130 1239 3135 ’

982 3270 1297 3326 Damasceni
1337 3273 1399 3327 de
1424 3290 1595 3328 cruce.

559 3408 752 3464 Rerum
804 3413 922 3481 ipsa
980 3415 1181 3468 creatio
1214 3416 1460 3472 humanis
1510 3420 1805 3477 rationibus
1834 3440 2071 3493 compre-

489 3501 644 3553 hendi
680 3519 783 3554 non
832 3513 1018 3571 potest.
1087 3504 1251 3560 Fides
1297 3510 1542 3564 universa
1577 3516 1892 3570 necessaria.
1931 3518 2072 3584 Quid

489 3592 641 3659 fides.
680 3621 750 3633 -—
789 3593 1012 3648 Verbum
1081 3599 1255 3652 crucis
1314 3602 1655 3667 pereuntibus
1690 3605 1898 3673 quidem
1935 3608 2072 3662 stul-

493 3686 614 3737 titia
646 3695 724 3739 est
756 3703 773 3740 :
806 3688 873 3741 iis
899 3696 1071 3741 autem
1108 3692 1198 3758 qui
1225 3691 1362 3744 salvi
1389 3692 1544 3761 ﬁunt,
1565 3695 1618 3747 id
1648 3708 1726 3751 est
1753 3698 1931 3762 nobis,
1970 3701 2068 3756 Dei

488 3776 656 3828 virtus
688 3785 763 3829 est
798 3775 843 3827 ⁸.
872 3774 1005 3829 Nam
1038 3780 1337 3846 spiritualis
1371 3784 1581 3851 quidem
1600 3787 1814 3854 judicat
1844 3794 2021 3845 omnia
2050 3811 2069 3848 :

487 3867 737 3918 animalis
765 3876 939 3918 autent
963 3867 1115 3922 homo
1135 3887 1235 3923 non
1260 3875 1481 3942 percipit
1506 3892 1568 3929 ea
1590 3894 1706 3947 qua:
1732 3878 1827 3935 Dei
1856 3892 1979 3935 sunt
2024 3887 2064 3938 ⁵.

487 3957 733 4012 Stultitia
762 3960 912 4012 enim
949 3959 1059 4016 illis
1090 3970 1197 4026 est,
1226 3964 1320 4033 qui
1353 3980 1417 4020 ea
1466 3968 1799 4039 suscipiunt,
1832 3990 1935 4030 nec
1974 3974 2068 4032 Dei

484 4048 781 4103 bonitatem
804 4058 857 4104 et
872 4051 1323 4121 omuipoteutiam
1344 4057 1724 4128 considerant;
1749 4078 1937 4119 verum
1979 4082 2069 4121 res

483 4140 697 4195 divinas
718 4141 979 4197 ‘humanis
1003 4146 1457 4216 naturalibusque
1497 4151 1806 4209 rationibus
1846 4156 2069 4212 investi-

485 4238 638 4299 gant.
654 4230 869 4284 Etenim
893 4248 1017 4302 quae
1046 4232 1136 4288 Dei
1165 4243 1318 4299 sunt,
1339 4249 1589 4293 naturam
1609 4249 1660 4296 ct
1676 4243 1994 4301 Sermonem
2015 4257 2070 4304 et

485 4319 864 4389 cogitationem
917 4334 1206 4391 superant.
1241 4324 1376 4380 Nam
1411 4328 1456 4384 si
1492 4330 1616 4399 quis
1677 4332 1864 4389 animo
1890 4339 2070 4393 volvat

2177 1932 2300 1985 καθ’
2326 1933 2536 1986 ἑαυτῶν
2562 1934 2907 2003 ἀνδρίζονται
2950 1932 3029 2003 τῷ
3062 1932 3247 2003 ψεύδει
3290 1933 3638 1999 σκεπόμενοι,
3668 1933 3767 1986 καὶ

2179 2024 2257 2097 μὴ
2283 2024 2527 2088 θέλοντες
2587 2024 2896 2095 ἀποστῆναι
2954 2025 3050 2077 τοῦ
3115 2024 3494 2091 πλανήσαντος
3563 2022 3767 2085 αὐτοὺς

2176 2118 2510 2185 πνεύματος,
2546 2117 2641 2169 καὶ
2686 2116 2830 2169 οὕτω
2855 2116 3017 2169 πάλιν
3057 2115 3292 2187 περιττὴ
3342 2114 3452 2167 τῶν
3491 2115 3634 2166 κατὰ
3662 2117 3765 2184 μέν

2176 2224 2269 2277 ρος
2305 2210 2338 2278 ή
2374 2208 2694 2278 συζήτησις.
2760 2207 2992 2278 Σαθροίς
3055 2210 3165 2278 γὰρ
3230 2208 3507 2277 θεμελίοις
3578 2208 3763 2276 μάτην

2174 2298 2591 2369 ὲποικοδομήσει
2612 2318 2716 2366 τις,
2741 2301 2838 2353 καὶ
2863 2300 3124 2371 ἀνόνητον
3149 2301 3520 2370 ὑποστήσεται
3542 2298 3636 2352 τὸν
3663 2296 3766 2351 1:6-

2176 2408 2266 2445 νον
2273 2429 2288 2445 .

2742 2507 2990 2561 ΤΙΤΛΟΣ
3040 2504 3164 2563 KE’.

2173 2594 2313 2664 napi
2354 2597 2461 2671 τοῦ
2489 2598 2781 2671 σταυροῦ,
2809 2599 2943 2667 περὶ
2972 2599 3079 2653 τοῦ
3113 2598 3289 2671 ᾀγίου
3311 2600 3758 2671 βαπτίσματος,

2276 2669 2373 2720 καὶ
2408 2670 2542 2735 περὶ
2582 2669 2685 2723 τοῦ
2704 2670 3045 2738 μυστηρίου
3072 2669 3183 2739 τῆς
3216 2669 3628 2741 εὐχαριστίας.

2257 2777 2409 2833 Ἐπεὶ
2438 2780 2497 2835 δὲ
2543 2783 2635 2834 τόν
2686 2800 2744 2835 τε
2790 2782 2973 2851 τίμιον
3024 2782 3262 2852 σταυρὸν
3304 2782 3667 2852 ἀτιμάζουσιν
3703 2782 3759 2834 οἱ

2171 2869 2549 2940 Παυλικιάνοι,
2586 2873 2682 2926 καὶ
2714 2874 2774 2926 τὸ
2796 2874 2938 2927 θεῖον
2978 2873 3261 2944 βάπτισμα
3293 2873 3635 2939 διαπτύουσι,
3660 2873 3760 2927 καὶ

2169 2960 2267 3033 τὴν
2301 2962 2457 3032 ἱερὰν
2477 2964 2781 3035 μετάληψιν
2799 2964 2893 3017 τοῦ
2924 2964 3188 3034 μυστικοῦ
3213 2964 3431 3017 δείπνου
3455 2964 3757 3035 χλευάζου-

2173 3070 2251 3119 σι,
2288 3054 2725 3126 προστεθήσεται
2753 3057 2846 3109 καὶ
2875 3057 2945 3110 τὰ
2975 3057 3107 3128 περὶ
3134 3058 3340 3110 τούτων
3367 3057 3474 3111 ἀπὸ
3502 3055 3613 3110 τῶν
3640 3058 3757 3121 τοῖς

2096 3180 2139 3238 c
2175 3146 2473 3216 μακαρίοις
2501 3148 2740 3217 πατράσι
2776 3147 3195 3217 πεπονημένων.

2395 3279 2505 3333 Τοῦ
2531 3282 2932 3351 Δαμασκηνοῦ
2962 3280 3096 3352 περὶ
3123 3279 3228 3335 τοῦ
3251 3281 3545 3349 σταυροῦ.

2255 3426 2319 3481 '0
2344 3429 2529 3497 λόγος
2556 3431 2589 3483 ὀ
2608 3428 2714 3483 τοῦ
2742 3430 3030 3499 σταυροῦ,
3069 3431 3195 3499 τοῖς
3228 3432 3345 3502 μὲν
3389 3433 3753 3501 ἀπολλυμέ-

2170 3534 2301 3584 νοις
2326 3520 2516 3588 μωρία
2544 3520 2695 3584 ἐστι,
2722 3521 2847 3587 τοῖς
2872 3521 2941 3575 δὲ
2971 3521 3333 3593 σωζομένοις
3365 3525 3530 3594 ἡμῖν,
3564 3525 3753 3580 δύνα-

2166 3628 2267 3680 μις
2296 3612 2443 3665 Θεοῦ
2493 3613 2682 3667 ἐστιν.
2726 3613 2790 3667 '0
2827 3614 2942 3683 μὲν
2970 3614 3077 3685 γὰρ
3126 3618 3525 3686 πνευματικὸς
3550 3616 3751 3672 πάντα

2171 3703 2501 3771 ἀνακρίνει,
2532 3704 2797 3772 ψυχικὸς
2833 3704 2903 3757 δὲ
2958 3704 3270 3773 ἄνθρωπος
3302 3709 3375 3761 οὑ
3411 3706 3649 3775 δέχεται
3674 3710 3749 3763 τὰ

2168 3795 2277 3850 τοῦ
2338 3798 2703 3865 Πνεύματος.
2773 3797 2972 3867 Μωρία
3026 3799 3133 3870 γάρ
3162 3800 3278 3852 ἐστι
3312 3801 3425 3862 τοῖς
3459 3799 3533 3869 μὴ
3564 3801 3748 3855 πίστει

2169 3889 2506 3960 δεχομένοις,
2558 3892 2651 3944 καὶ
2704 3892 2765 3945 τὸ
2820 3892 3024 3960 ἀγαθὸν
3057 3893 3149 3946 καὶ
3193 3894 3603 3964 παντοδύναμον
3649 3896 3745 3949 τοῦ

2169 3980 2306 4034 Θεοῦ
2348 3980 2741 4051 λογιζομένοις,
2808 3983 2923 4037 ἀλλ’
2958 3985 3322 4055 ἀνθρωπίνοις
3367 3987 3462 4039 καὶ
3492 3990 3747 4054 φυσικοῖς

2169 4073 2447 4143 λογισμοῖς
2482 4073 2806 4144 ἐξερευνῶσι
2856 4085 2883 4127 P
2925 4077 2994 4131 τὰ
3027 4077 3180 4130 θεῖαο
3215 4079 3392 4133 πάντα
3417 4078 3527 4150 γὰρ
3549 4080 3618 4133 τὰ
3647 4081 3746 4133 τοῦ

2171 4162 2304 4215 Θεοῦ
2331 4163 2472 4234 ὑπὲρ
2506 4165 2671 4233 φύσιν
2703 4166 2833 4229 sici,
2884 4170 2980 4219 καὶ
3017 4167 3195 4234 λόγον,
3243 4168 3342 4222 καὶ⁵
3391 4168 3621 4224 ἔννοιαν.
3681 4172 3748 4225 ΕΞ

2171 4253 2281 4323 γάρ
2312 4270 2395 4317 τις
2422 4256 2708 4326 λογίσηται
2740 4258 2889 4319 ὅπως
2920 4259 2985 4311 ὲκ
3006 4257 3097 4311 τοῦ
3119 4260 3194 4329 μὴ
3212 4260 3366 4323 ὄντος
3390 4261 3469 4323 είς
3497 4261 3559 4314 τὸ
3580 4258 3746 4328 εἶναι,

2166 4346 2313 4411 τίνος
2370 4364 2431 4400 τε
2462 4348 2650 4402 ἕνεκεν
2683 4350 3005 4421 παρήγαγεν
3049 4351 3079 4403 ὁ
3118 4350 3252 4414 Θεὸς
3315 4351 3382 4404 τὰ
3416 4352 3615 4415 πάντα,
3651 4356 3751 4406 καὶ

485 4426 726 4480 quonam
783 4424 964 4482 pacto,
999 4424 1053 4470 et
1092 4431 1193 4471 cur
1234 4416 1375 4474 Deus
1415 4423 1599 4479 omnia
1634 4440 1699 4481 ex
1742 4428 1914 4485 nihilo
1943 4448 2069 4501 pro-

485 4503 701 4537 Ληναιρίι
816 4509 1274 4537 ..αι-..ιηΙΗυηυ-..Α
1343 4515 1647 4537 -..ΑΖΔ-ξι.--
1728 4521 1778 4537 σι
2052 4526 2061 4537 .

2172 4442 2417 4508 φυσικοῖς
2440 4440 2722 4510 λογισμοῖς
2764 4416 2981 4510 *φθάσαι
3027 4442 3317 4515 ἐϐστιλήθη,
3356 4444 3418 4497 οὑ
3456 4443 3748 4515 καταλαμ-

483 4503 736 4569 duxerit,
812 4509 1276 4581 naturalibusque
1340 4515 1653 4575 rationibus
1726 4521 1780 4575 id
1844 4526 2064 4595 assequi

2172 4503 2339 4587 δάνει.
2372 4503 2733 4604 ΨυχικὴΙγάρ
2767 4503 2913 4586 ἐστιν
2942 4536 2974 4603 ἡ
3008 4503 3381 4606 γνῶσις-αῦτη
3411 4538 3505 4590 καὶ
3548 4503 3744 4606 δαιμο-

482 4597 797 4661 contendat,
818 4615 1162 4673 nequaquam
1203 4607 1306 4662 boc
1329 4613 1772 4681 comprehendet.
1797 4617 2067 4676 Auimalis

2172 4619 2383 4690 νιώδης.
2420 4597 2559 4673 Εί-δέ
2581 4597 2674 4685 ’τις
2703 4597 2892 4675 ’πίστει
2935 4597 3475 4695 γει-ραγωγούμενος,
3509 4597 3744 4694 ἀγαθὸν,

481 4688 627 4741 enim
659 4699 714 4742 et
743 4690 1012 4747 diabolica
1045 4704 1129 4751 est
1151 4698 1471 4768 ltujusmodi
1496 4708 1750 4761 scientia.
1793 4707 1897 4774 Qui
1929 4728 2060 4766 vero

2172 4714 2261 4765 xui.
2290 4688 2724 4781 παντοδύναμον,
2776 4716 2871 4769 καὶ
2916 4688 3133 4783 ἀληθὲς,
3164 4688 3261 4770 καὶ
3293 4688 3488 4786 σοφὸν,
3540 4688 3635 4771 καὶ
3667 4688 3749 4771 δίέ

482 4777 586 4831 tide
616 4780 779 4832 veluti
810 4797 972 4837 manu
1006 4786 1226 4853 ductus,
1258 4789 1426 4846 Deum
1468 4795 1694 4863 bonum,
1730 4807 1783 4852 et
1812 4803 2063 4870 omnipo-

2172 4820 2319 4855 καιον
2359 4802 2421 4854 τὸ
2450 4777 2616 4855 Θεῖον
2658 4804 2965 4874 λογίσηται,
3005 4777 3229 4877 εὑρήσει
3280 4777 3612 4861 πάνταλεϊα
3647 4810 3746 4861 καὶ

482 4874 705 4965 tentem,
742 4878 794 4923 et
838 4889 1049 4940 verum,
1087 4886 1141 4931 et
1167 4881 1491 4947 sapientem,
1522 4886 1798 4954 etjustum
1835 4894 2059 4962 cogitat,

2172 4894 2365 4963 ὁμαλὰ,
2392 4895 2489 4947 καὶ
2535 4895 2654 4948 ὁδὸν
2698 4896 2933 4951 εὐθεῖαν.
2979 4874 3169 4960 Ἐκτδς
3198 4898 3307 4969 γὰρ
3347 4898 3584 4962 πίστεως
3614 4899 3745 4952 ἁδύ-

482 4956 664 5008 omnia
707 4959 867 5025 plana
913 4974 964 5018 et
995 4969 1309 5036 aequabilia,
1365 4974 1627 5046 viamque
1662 4989 1866 5034 rectam
1904 4956 2062 5037 inve-

2172 4956 2321 5041 νατον
2353 4956 2614 5056 ’σωθῆναι
2639 5003 2677 5051 ³,
2714 4988 2892 5041 πίστει
2945 4989 3055 5059 γὰρ
3096 4956 3297 5056 πάντα,
3332 4990 3403 5043 τά
3432 5006 3493 5042 τε
3527 4956 3747 5059 ἀνθρώ-

481 5048 613 5101 niet.
642 5046 774 5102 Nam
814 5052 928 5107 ﬁeri
969 5073 1074 5112 non
1101 5072 1279 5128 potest
1307 5075 1366 5119 ut
1404 5070 1528 5137 quis
1559 5071 1679 5125 sine
1703 5072 1804 5127 fide
1824 5076 2056 5131 salutem

2172 5096 2315 5143 πινα,
2371 5080 2442 5134 τά
2484 5097 2545 5133 τε
2589 5081 2937 5151 πνευματικὰ
3013 5083 3383 5137 συνίστανται.
3442 5083 3578 5137 Οὔτε
3632 5083 3742 5154 γὰρ

478 5150 852 5207 consequatur
893 5144 937 5195 ³.
973 5144 1107 5203 Fide
1134 5153 1402 5220 siquidem
1435 5165 1549 5211 tum
1578 5160 1819 5216 humana
1850 5166 2058 5231 omnia,

2172 5171 2405 5243 γεωργὸς
2457 5174 2613 5236 ἐκτὸς
2663 5144 2900 5238 πίστεως
2954 5175 3145 5246 τάμνει
3194 5175 3299 5245 γῆς
3350 5175 3603 5229 αὕλακα’
3635 5144 3740 5231 οὐκ

479 5242 591 5284 ιιιιη
665 5232 975 5300 spiritualia
1024 5250 1301 5298 constant.
1339 5246 1525 5317 Neque
1570 5252 1715 5307 enim
1747 5256 1987 5323 agricola
2035 5256 2058 5290 δ

2435 5232 2616 5332 μικρῷ
2664 5260 2804 5333 ξύλῳ
2856 5232 2957 5335 τὴν
3011 5232 3217 5318 ἑαυτοῦ.
3256 5232 3451 5335 ¹ιίιυχὴν
3498 5265 3575 5336 τῷ
3608 5284 3741 5337 μαι-

477 5322 594 5375 sine
652 5322 757 5377 (ide
797 5339 985 5379 arvum
1032 5331 1354 5398 proscindit,
1398 5353 1499 5392 nec
1542 5322 1817 5398 mercator
1851 5348 2050 5416 exiguo

2172 5322 2491 5421 itanempe-7'};
2521 5322 2797 5424 θαλάσσης
2824 5322 3056 5423 πελάγει
3094 5322 3465 5426 παραδίδωσιν
3486 5373 3498 5386 ⁸
3532 5322 3739 5424 δι’γά-

476 5408 624 5479 ligno
660 5422 849 5469 vectus
880 5415 1120 5471 animam
1144 5434 1300 5474 suam
1327 5422 1646 5484 furentibus
1693 5433 1859 5488 maris
1893 5408 2055 5493 undis

2172 5458 2251 5511 Mt
2282 5442 2652 5509 συνίστανται,
2681 5445 2782 5498 οὐκ
2819 5446 2949 5499 ἄλλο
2974 5463 3029 5498 τι
3058 5445 3168 5498 τῶν
3201 5448 3260 5499 ὲν
3287 5446 3364 5515 τῷ
3392 5446 3511 5517 βίῳ.
3544 5447 3739 5500 Πίστει

474 5500 791 5569 committit,
833 5520 935 5560 nec
971 5510 1321 5567 matrimonia
1351 5519 1780 5587 contrahuntur,
1822 5541 1924 5581 nec
1961 5530 2054 5582 de-

2172 5532 2386 5603 ιοοῠμεν
2416 5535 2481 5587 ἐκ
2503 5533 2596 5588 τοῦ
2669 5536 2745 5607 μὴ
2781 5536 2937 5602 ὄντος
2987 5539 3065 5600 είς
3092 5537 3153 5591 τὸ
3203 5531 3345 5591 εἶναι
3366 5540 3434 5591 τὰ
3465 5538 3643 5591 πάντα
3666 5542 3735 5610 τῇ

472 5593 639 5660 nique
660 5593 808 5648 aliud
846 5598 1145 5669 quidquam
1185 5618 1377 5660 eorum
1420 5624 1544 5679 qua:
1571 5613 1684 5669 vita
1717 5615 1841 5682 fert,
1874 5623 2054 5677 susci-

2172 5625 2248 5679 ιοῦ
2278 5593 2413 5681 Θεοῦ
2445 5593 2681 5698 δυνάμει
2733 5593 3021 5701 παρῆέθαι
3046 5593 3062 5661 ζ
3096 5632 3277 5699 πάντα
3313 5632 3382 5687 τά
3402 5650 3464 5688 τε
3488 5632 3609 5685 θεῖα
3638 5593 3739 5688 κέί

548 5759 564 5791 ¹
609 5759 626 5813 l
660 5759 846 5826 Cor.t,
873 5763 962 5821 25.
1078 5768 1099 5798 ²
1135 5767 1304 5825 lCor.
1345 5786 1405 5840 ιι,
1440 5772 1521 5827 l5.
1637 5776 1655 5807 ³
1687 5776 1855 5839 llcbr.
1888 5796 1962 5847 ιιι,
2000 5780 2051 5835 li.

2172 5781 2187 5812 ⁵
2225 5782 2389 5841 Basil.
2417 5785 2468 5847 in
2500 5788 2634 5858 psal.
2672 5804 2797 5849 cxv.
