2066 3203
190 190 258 221 Ῑὲ45

684 194 872 225 PANOPLIA
890 194 1162 226 DOGMATICAr‘
1179 197 1255 228 TlT.
1272 197 1372 229 XXIV.

1753 199 1822 230 1246

186 254 222 279 τὰ
238 251 396 287 ἀνθρώπινα
411 253 502 279 πίστει
522 252 726 289 κατορθοῦμεν.
746 254 841 286 Πίστις
862 254 891 281 δὲ
905 254 978 282 ἐστὶν

1033 255 1111 289 pitur.
1142 254 1207 284 Fide
1242 255 1421 291 intelligimus
1448 255 1495 283 Dei
1528 256 1649 290 polentia
1663 261 1760 283 cuncta
1789 266 1822 285 ex

187 298 476 335 ἀπολυπραγμόνητος
493 300 706 335 συγκατάθεσις.

177 410 186 426 ζ

227 439 306 466 Πᾶσα
328 439 378 476 μὲν
410 439 456 466 οὖν
486 439 587 476 πρᾶξις
613 439 661 467 καὶ
688 440 902 476 θαυματουργία
932 440 980 467 τοῦ

187 484 311 520 Χριστοῦ
341 484 471 519 μεγίστη,
499 486 546 511 καὶ
569 485 638 517 θεία,
666 487 714 512 καὶ
737 486 894 521 θαυμαστή·
914 486 981 514 ἀλλὰ

188 531 297 557 πάντων
306 531 364 556 ἐστὶ
376 530 599 565 θαυμαστότερον
616 531 630 557 6
649 531 738 566 τίμιος
753 530 835 558 αὑτοῦ
853 532 980 567 σταυρός.

187 576 229 602 Δι’
242 576 348 608 οὐδενὸς
361 577 414 612 γὰρ
431 577 526 611 ἐτέρου
544 576 681 608 ὁθάνατος
697 578 885 613 κατήργηται,
900 578 916 613 ὴ
933 578 980 604 τοῦ

188 623 362 658 προπάτορος
384 622 508 658 ἁμαρτία
538 622 656 654 λέλυται,
677 623 691 649 6
707 622 774 659 ᾅδης
800 624 977 658 ἑσκύλευται,

188 669 206 704 ή
221 669 370 701 ἀνάστασις
381 669 544 704 δεδώρηται,
559 668 674 703 δύναμις
686 669 752 703 ἡμῖν
776 669 825 696 τοῦ
842 679 978 706 καταφρο-

187 720 244 745 νεῖν
259 718 314 744 τῶν
331 718 473 753 παρόντων
489 719 537 746 καὶ
560 718 644 746 αὐτοῦ
667 719 714 746 τοῦ
731 720 847 747 θανάτου
863 720 979 752 δέδοται,

188 766 206 800 ἡ
223 764 291 800 πρὸς
304 764 352 799 τὴν
368 764 487 800 ἀρχαίαν
517 766 706 800 μακαριότητα
723 766 854 798 ἐπάνοδος
871 766 979 802 κατώρ-

189 810 285 842 θωται,
303 810 386 837 πύλαι
401 811 567 847 παραδείσου
575 811 754 847 ἠνοίχθησαν,
782 813 885 847 ἡφύσις
900 812 980 848 ἡμῶν

188 856 221 881 ἐκ
240 855 336 887 δεξιῶν
350 855 398 882 τοῦ
414 856 481 882 Θεοῦ
504 857 646 889 κεκάθικε,
668 857 750 884 τέκνα
765 857 833 884 Θεοῦ
853 859 900 885 καὶ
914 859 980 894 κλη-

1032 301 1118 329 nihilo
1142 302 1274 336 producta
1298 310 1371 330 esse.
1390 301 1457 329 Fide
1474 302 1566 329 omnia
1583 308 1656 329 recte
1691 303 1823 337 gerimus,

1032 352 1088 374 tum
1106 348 1236 379 humana.
1252 353 1307 375 tum
1320 348 1423 375 divina.
1445 348 1527 376 Fides
1539 356 1622 383 porro
1639 352 1680 376 est
1694 356 1823 377 assensus

1033 394 1107 420 omni
1126 393 1237 421 curiosa
1251 394 1430 428 inquisitione
1444 401 1554 422 vacans.

1069 438 1168 466 Christi
1179 447 1266 465 rerum
1287 440 1362 466 nulla
1376 440 1526 467 mirabilior
1539 448 1625 468 cruce.
1641 439 1709 475 Ejus
1726 441 1823 476 beneﬁ-

1034 483 1085 510 cia.
1098 500 1132 504 —
1144 484 1306 519 Quanquam
1325 491 1414 513 autem
1427 487 1516 513 otnnis
1531 487 1633 514 Christi
1648 487 1720 514 actio
1735 493 1761 514 et
1774 489 1824 514 tni-

1032 531 1187 557 raculorum
1219 531 1312 565 editio,
1344 532 1486 567 prmclara,
1512 533 1603 561 divina
1632 541 1664 560 ac
1687 534 1823 560 mirabilis

1035 581 1096 605 est:
1115 576 1183 604 nihil
1200 583 1290 605 tamen
1313 584 1355 606 est
1375 587 1408 606 ex
1441 580 1570 607 omnibus
1600 580 1673 614 quod
1704 580 1823 607 admira-

1033 623 1108 650 tione
1123 623 1231 659 dignins
1247 624 1294 657 sit,
1313 633 1393 659 quatit
1406 626 1560 652 veneranda
1577 626 1663 660 ipsius
1680 634 1758 654 crttx.
1772 627 1824 655 Ne-

1035 677 1088 704 que
1118 670 1190 696 enim
1207 670 1259 697 alia
1288 671 1342 697 ulla
1367 679 1396 698 re
1412 671 1549 699 destructa
1567 680 1639 699 mors
1663 672 1725 705 fuit,
1742 673 1823 708 primi

1033 717 1156 751 parentis
1169 721 1312 751 peccatum
1328 718 1508 750 exstinctum,
1537 717 1661 744 infernus
1679 718 1824 752 spoliatusI

1031 763 1202 789 resurrectio
1231 762 1344 795 donata,
1362 764 1403 790 vis
1423 768 1482 790 tum
1499 764 1653 798 praesentia,
1670 768 1728 790 tum
1749 772 1824 791 mor-

1032 813 1086 835 tem
1106 809 1194 843 ipsam
1212 809 1407 837 contemnendi
1424 810 1503 837 nobis
1512 816 1656 842 concessa,
1673 810 1779 837 reditus
1791 811 1825 837 ad

1031 856 1172 890 antiquam
1189 856 1384 884 beatitudinem
1400 861 1523 891 paratus,
1540 855 1661 891 paradisi
1680 856 1825 890 patefacta:

191 902 300 936 ρονόμοι
311 902 474 937 γεγόναμεν,
489 903 513 929 εὶ
533 903 571 938 μὴ
585 902 631 930 διὰ
656 903 701 929 τοῦ
726 903 847 939 σταυροῦ
861 903 907 930 τοῦ
921 904 979 930 Κυ-

1033 900 1130 934 ianuae,
1155 907 1254 928 natura
1278 907 1372 929 nostra
1400 902 1433 929 ad
1461 903 1507 930 Dei
1518 902 1660 930 dexteram
1679 903 1824 935 collocata,

190 946 249 985 ρίου
263 947 340 982 ἡμῶν
363 948 449 982 Ἰησοῦ
463 948 594 983 Χριστοῦ.
615 949 663 975 Διὰ
673 949 791 985 σταυροῦ
827 949 879 985 γὰρ
890 950 980 976 πάντα

189 991 387 1027 κατώρθωται·
412 993 499 1020 Ὅσοι
521 994 576 1027 γὰρ
600 994 823 1028 ἐϐαπτίσθημεν
846 996 891 1027 εὶς
913 996 979 1029 Χρι-

189 1038 275 1070 στὸν,
292 1038 376 1073 φησιν
387 1039 401 1065 6
421 1038 593 1071 Ἀπόστολος,
612 1040 655 1071 εἷς
677 1040 729 1066 τὸν
746 1040 874 1067 θάνατον
884 1040 977 1067 αὐτοῦ

188 1083 412 1118 ἐϐαπτίσθημεν
423 1092 429 1099 ·
460 1084 527 1111 ὅσοι
541 1084 575 1110 δὲ
597 1086 640 1117 εἰς
652 1086 782 1120 Χριστὸν
796 1086 977 1120 ἐϐαπτίσθη-

186 1137 255 1164 μεν,
273 1129 401 1164 Χριστὸν
413 1127 628 1165 ὲνεὸυσὰμεθα.
643 1131 769 1167 Χριστὸς
789 1132 817 1158 δέ
831 1133 888 1158 ἐστι
904 1132 978 1160 Θεοῦ

188 1175 316 1210 δύναμις
336 1175 384 1202 καὶ
397 1176 471 1203 Θεοῦ
492 1177 595 1211 σοφία.
617 1177 680 1203 Ἰδοὺ
692 1178 705 1203 6
722 1177 837 1209 θάνατος
847 1178 894 1204 τοῦ
911 1178 978 1213 Χρι-

190 1221 266 1253 στοῦ,
287 1222 346 1257 ἦτοι
368 1223 381 1249 6
408 1222 533 1256 σταυρὸς,
557 1223 606 1258 τὴν
631 1223 813 1250 ὲνυπόστατον
838 1223 885 1250 τοῦ
909 1223 977 1250 Θεοῦ

189 1268 287 1303 σοφίαν
312 1268 359 1294 καὶ
386 1268 502 1304 δύναμιν
526 1270 600 1304 ἡμᾶς
629 1269 786 1304 περιέϐαλε.
806 1270 926 1305 Δύναμις
947 1270 976 1296 δὲ

188 1313 257 1346 Θεοῦ
273 1314 346 1340 ἐστιν
360 1314 374 1339 6
387 1314 473 1347 Λόγος
497 1315 511 1340 ὁ
533 1313 581 1340 τοῦ
595 1314 750 1351 σταυροῦ,ἧ
766 1315 806 1341 ὅτι
819 1315 851 1341 τὸ
866 1315 980 1342 δυνατὸν

188 1357 236 1385 τοῦ
247 1357 325 1389 Θεοῦ,
340 1358 399 1393 ἢτοι
417 1359 434 1393 ὴ
454 1359 524 1385 κατὰ
549 1358 595 1385 τοῦ
628 1359 744 1390 θανάτου
761 1360 834 1395 νίκη,
847 1360 880 1387 δι’
897 1361 980 1390 αὑτοῦ

188 1405 255 1444 ημῖν
271 1403 474 1439 πεφανέρωται,
491 1404 507 1439 ἢ
523 1405 574 1436 ὅτι,
603 1404 698 1439 ὥσπερ
712 1405 747 1431 τὰ
769 1406 893 1441 τέσσαρα
908 1406 981 1444 ἄκρα

188 1449 235 1476 τοῦ
249 1449 366 1485 σταυροῦ
381 1449 426 1477 διὰ
442 1449 489 1479 τοῦ
508 1449 593 1485 μέσου
610 1450 722 1489 κέντρου
745 1451 910 1487 κρατοῦνται
934 1452 982 1479 καὶ

190 1494 387 1529 συσφίγγονται
401 1512 408 1524 ,
447 1494 535 1526 οὕτως
550 1495 593 1521 διὰ
609 1494 659 1531 τῆς
675 1495 723 1522 τοῦ
741 1495 808 1522 Θεοῦ
827 1495 980 1532 δυνάμεως,

188 1541 220 1572 τό
244 1549 273 1567 τε
304 1540 371 1575 ὕψος
399 1540 446 1567 καὶ
470 1540 501 1567 τδ
518 1540 610 1576 βάθος,
638 1541 724 1576 μῆκός
744 1550 773 1568 τε
796 1542 843 1569 καὶ
868 1543 980 1577 πλάτος,

1030 954 1081 974 nos
1097 947 1216 982 denique
1232 948 1280 975 lilii
1310 948 1355 975 Dei
1370 952 1453 983 atque
1473 948 1594 975 hmredes
1611 948 1689 978 iacti,
1711 949 1763 975 nisi
1777 957 1826 983 per

1028 1000 1138 1019 crucem
1152 992 1258 1019 Domini
1273 993 1357 1020 nostri
1374 993 1438 1020 Jesu
1450 993 1563 1020 Christi.
1615 992 1755 1028 Siquidem
1768 994 1825 1021 haec

1029 1038 1121 1065 omnia
1137 1046 1204 1065 crux
1219 1039 1345 1073 praestitit
1360 1046 1367 1064 :
1388 1038 1540 1074 Quicunque
1553 1039 1633 1069 enim,
1650 1039 1737 1072 inquit
1751 1039 1826 1074 Apo—

1029 1084 1129 1116 stolus,
1142 1084 1167 1110 in
1181 1083 1315 1112 Christum
1327 1084 1457 1117 baptizuti
1470 1092 1572 1117 sumus,
1583 1084 1609 1111 in
1621 1090 1729 1110 mortem
1741 1084 1825 1118 ipsius

1029 1129 1158 1163 baptizati
1175 1138 1266 1157 sumus
1290 1132 1310 1158 ¹.
1321 1131 1474 1165 Quicunque
1489 1136 1576 1158 autent
1589 1131 1616 1157 in
1626 1130 1758 1157 Christum
1779 1131 1826 1157 ba—

1028 1176 1230 1210 ptizatisumus,
1240 1175 1515 1203 Cltristuminduimus
1531 1177 1550 1205 ‘.
1565 1176 1685 1203 Christus
1698 1181 1826 1211 porroest

1030 1221 1079 1248 Dei
1098 1223 1181 1249 virtus
1201 1226 1225 1248 et
1240 1222 1370 1255 sapientia
1389 1221 1452 1249 ³.Εη
1462 1230 1516 1256 quo
1529 1226 1608 1256 pacto
1624 1222 1725 1249 Christi
1742 1230 1825 1254 mors,

1029 1267 1087 1295 sive
1102 1275 1168 1294 crux
1194 1268 1355 1295 subsistenti
1367 1267 1413 1295 Dei
1427 1268 1561 1302 sapientia
1572 1275 1622 1296 nos
1641 1267 1760 1295 vestivit.
1779 1267 1827 1294 Dei

1031 1318 1123 1341 autem
1152 1315 1242 1341 virtus
1268 1314 1383 1341 verbum
1401 1314 1493 1342 crucis
1508 1314 1621 1346 dicitur,
1640 1314 1682 1341 vel
1698 1314 1762 1349 quia
1779 1313 1827 1341 Dei

1033 1360 1074 1386 vis
1088 1368 1119 1387 ac
1139 1360 1273 1395 potentia,
1288 1360 1341 1388 hoc
1352 1365 1404 1393 est,
1420 1360 1536 1387 victoria
1549 1360 1683 1388 adversus
1700 1366 1826 1392 mortem,

1034 1411 1082 1438 per
1096 1411 1155 1430 eam
1173 1404 1254 1431 nobis
1267 1404 1446 1431 manifestata
1460 1408 1518 1437 est;
1537 1404 1578 1431 vel
1588 1404 1664 1438 quia,
1675 1404 1747 1431 sicut
1761 1411 1829 1439 qua-

1033 1453 1097 1476 tuor
1124 1453 1255 1476 extrema:
1272 1449 1364 1477 erucis
1383 1453 1476 1484 partes
1493 1457 1541 1484 per
1557 1450 1686 1477 medium-
1701 1455 1827 1477 centrum

1032 1495 1104 1522 inter
1126 1503 1157 1523 se
1177 1495 1318 1522 cohaerent
1333 1499 1361 1523 et
1379 1496 1624 1530 constringuntur,
1654 1495 1690 1522 ita
1712 1503 1759 1530 per
1782 1496 1828 1523 Dei

1033 1542 1181 1576 potentiam
1201 1541 1359 1569 sublimitas
1387 1544 1414 1568 et
1430 1540 1614 1576 profunditas,
1645 1541 1787 1577 longitudo
1801 1546 1828 1568 et

189 1586 250 1621 ἦτοι
285 1586 360 1612 πᾶσα
393 1586 479 1622 ὁρατή
517 1595 547 1613 τε
578 1587 637 1624 και
658 1587 774 1623 ἀόρατος
798 1588 887 1620 κτίσις
918 1597 981 1615 συν-

1037 1587 1165 1618 latitudo,
1190 1587 1242 1614 hoc
1267 1591 1320 1619 est,
1348 1586 1440 1614 omnis
1458 1592 1514 1613 tam
1549 1587 1667 1614 visibilis
1683 1595 1765 1622 quam
1784 1587 1828 1614 in-

189 1631 293 1667 ἔχεται.

225 1675 308 1710 Οὗτος
322 1678 390 1713 ἡμῖν
406 1679 519 1714 σημεῖον
602 1679 709 1710 δέδοται
724 1680 770 1707 ἐπὶ
781 1679 828 1707 τοῦ
843 1680 980 1715 μετώπου,

188 1723 218 1749 6v
231 1723 332 1758 τρόπον
342 1723 380 1758 τῷ
388 1723 497 1758 Ἰσραὴλ
507 1724 524 1762 ἡ
536 1725 686 1759 περιτομή·
697 1725 731 1751 δι’
743 1725 825 1751 αὑτοῦ
837 1726 891 1762 γὰρ
899 1726 924 1752 οἱ
935 1734 982 1756 πι-

190 1770 249 1798 στοὶ
262 1769 318 1796 τῶν
334 1770 458 1798 ἀπίστων
474 1770 693 1805 ἀποδιιστάμεθα
718 1772 765 1798 καὶ
777 1772 981 1807 γνωριζόμεθα.

190 1812 275 1847 Οὗτος
291 1815 389 1850 θυρεὸς
401 1816 449 1842 καὶ
462 1816 544 1844 ὅπλον
562 1816 609 1842 καὶ
623 1816 754 1850 τρόπαιον
772 1818 843 1847 κατὰ
868 1817 915 1844 τοῦ
926 1819 983 1846 δια-

190 1861 281 1888 66).ou.
293 1858 377 1893 Οὗτος
387 1861 517 1897 σφραγὶς,
529 1862 573 1888 ῐνα
583 1863 620 1898 μὴ
633 1862 695 1901 θίγῃ
705 1862 785 1898 ἡμῶν
794 1864 808 1890 ὁ
818 1863 982 1899 ὀλοθρεύων,

189 1908 227 1939 ὼς
242 1908 258 1942 ἡ
272 1907 369 1944 Γραφή
388 1916 483 1943 φησιν.
500 1905 584 1940 Οὗτος
601 1908 656 1935 τῶν
669 1909 803 1944 κειμένων
822 1910 981 1944 ἀνάστασις,

190 1955 245 1981 τῶν
258 1954 385 1981 ἑστώτων
406 1956 558 1991 στήριγμα,
571 1955 692 1982 ἀσθενῶν
704 1955 853 1992 βακτηρία,
870 1965 982 1992 ποιμαι-

191 2001 312 2035 νομένων
332 2001 441 2036 ράὸδος,
456 2001 678 2038 ἐπιστρεφόντων
703 2002 887 2038 χειραγωγία,
913 2011 983 2038 προ-

191 2046 348 2076 κοπτόντων
366 2046 519 2079 τελείωσις,
534 2047 624 2082 ψυχῆς
644 2048 767 2084 σωτηρία
780 2048 828 2074 καὶ
846 2048 982 2083 σώματος,

191 2091 300 2124 πάντων
316 2091 371 2118 τῶν
385 2092 477 2118 κακῶν
489 2093 686 2128 ἀποτρόπαιον,
704 2094 814 2120 πάντων
834 2094 890 2120 τῶν
912 2094 983 2127 ἀγα-

191 2137 247 2166 θῶν
263 2137 401 2176 πρόξενος,
420 2137 558 2172 ἁμαρτίας
585 2137 736 2174 ἀναίρεσις,
761 2138 845 2174 φυτὸν
864 2139 983 2167 ἀναστά-

192 2190 272 2216 σεως,
286 2182 365 2216 ξύλον
379 2181 452 2218 ζωῆς
472 2183 596 2211 αἰωνίου.

227 2270 297 2297 Αὐτὸ
318 2270 368 2305 μὲν
383 2267 430 2296 οὖν
454 2270 485 2296 τὸ
510 2270 601 2305 τίμιον
626 2269 705 2302 ξύλον
808 2271 846 2302 ὡς
872 2271 983 2306 ἀληθῶς

192 2317 240 2343 καὶ
256 2316 417 2351 σεϐάσμιον,
434 2316 464 2342 ὲν
475 2312 498 2350 ᾧ
509 2316 605 2342 ἑαυτὸν
616 2315 656 2347 εἰς
680 2315 776 2342 θυσίαν
789 2316 859 2354 ὑπὲρ
871 2317 950 2351 ἡμῶν
969 2319 983 2344 6

192 2361 309 2396 Χριστὸς
336 2362 537 2396 προσενήνοχεν
550 2381 558 2393 ,
589 2361 627 2392 ὡς
653 2361 782 2394 ἁγιασοὶν
803 2363 837 2398 τῇ
857 2363 912 2398 ἁφῇ
934 2363 981 2390 τοῦ

192 2408 271 2442 ἁγίου
286 2407 415 2444 σώματός
439 2417 468 2436 τε
484 2410 531 2436 καὶ
551 2408 669 2444 αἵματος
690 2409 901 2445 προσκυνητέον,
923 2409 986 2436 τοὺς

193 2454 275 2489 ἥλους
290 2474 298 2487 ,
333 2455 384 2490 τὴν
398 2455 513 2490 λόγχην,
528 2454 565 2481 τὰ
585 2454 732 2489 ἐνδύματα,
749 2455 797 2482 καὶ
811 2455 844 2481 τὰ
862 2455 923 2490 ἱερὰ
934 2454 985 2481 αὺ-

193 2498 240 2524 τοῦ
259 2500 426 2537 σκηνώματα
438 2508 444 2515 '
461 2500 541 2527 ἆτινά
559 2500 628 2526 εἰσιν
646 2500 662 2535 ή
680 2501 780 2536 φάτνη,
796 2500 827 2526 τὸ
841 2501 986 2535 σπήλαιον,

193 2545 208 2570 6
222 2544 370 2580 Γοργοθᾶς,
386 2546 400 2572 6
413 2546 547 2580 σωτήριος
564 2563 571 2575 ,
603 2546 617 2571 6
633 2545 764 2577 ζωοποιδς
775 2545 874 2579 κάρος,
891 2544 987 2580 ήΣιὼν

194 2589 249 2616 τῶν
270 2590 439 2626 Ἐκκλησιῶν
458 2591 616 2626 ἀκρόπολις,
634 2592 682 2617 καὶ
696 2591 730 2618 τὰ
744 2592 826 2626 ὃμοια
835 2599 841 2606 ·
855 2591 893 2622 ῶς
903 2599 986 2626 φησιν

193 2636 208 2662 6
224 2635 364 2673 Θεοπάτωρ
377 2638 458 2667 Δαόίδ
475 2645 482 2652 ’
560 2637 805 2672 Εῐσελευσόμεθα
818 2638 860 2669 είς
868 2637 904 2662 τὰ
911 2644 986 2669 σκη-

194 2680 315 2715 νώματα
343 2683 447 2714 αὑτοῦ,
475 2682 733 2717 προσκυνήσομεν
750 2684 794 2715 εις
822 2682 875 2708 τὸν
894 2682 987 2708 τόπον

195 2724 231 2754 οὗ
247 2729 385 2762 ἔστησαν
403 2730 429 2755 οὶ
441 2728 532 2760 πόδες
545 2728 648 2755 αὐτοῦ.
660 2728 721 2754 Ὀτι
730 2728 758 2754 δὲ
770 2727 887 2762 σταυρὸν
901 2726 986 2760 λέγει,

195 2773 271 2808 δηλοῖ
281 2774 312 2800 τὸ
326 2774 460 2809 ἑπόμενον
471 2782 478 2789 ·
494 2774 659 2808 Ἀνάστηθι,
677 2774 774 2808 Κύριε,
787 2774 830 2807 εις
842 2772 901 2806 τὴν
913 2772 986 2804 ἀνά-

195 2820 313 2853 παυσίγ
326 2827 396 2847 σου.
415 2820 530 2853 "Euam
543 2820 597 2854 γὰρ
612 2819 651 2855 τῷ
672 2819 780 2854 σταυρῷ
795 2821 812 2854 ἡ
828 2819 987 2851 ἀνάστασις.

1033 1631 1151 1658 visibilis
1167 1635 1306 1662 creatura.
1324 1631 1490 1658 continetur.

1072 1675 1168 1706 Crucis
1181 1677 1287 1711 signum
1304 1677 1394 1710 ﬁdeles
1411 1677 1481 1703 inter
1490 1681 1514 1703 et
1525 1676 1645 1711 inﬁdeles
1658 1677 1830 1705 discernit...

1034 1720 1099 1749 llaec
1120 1722 1201 1749 nobis
1223 1722 1293 1756 signi
1310 1722 1371 1749 loco
1396 1722 1424 1748 in
1441 1722 1531 1750 fronte
1555 1722 1618 1749 data
1633 1728 1687 1755 est,
1702 1723 1773 1751 haud
1786 1732 1830 1751 ses

1034 1775 1085 1796 cus
1103 1775 1134 1795 ac
1151 1768 1327 1794 circumcisio
1344 1767 1450 1794 lsraeli.
1463 1768 1516 1795 Per
1535 1768 1606 1795 hanc
1619 1776 1668 1796 nos
1682 1769 1776 1796 lideles
1796 1770 1830 1797 ab

1033 1814 1192 1841 inﬁdelibus
1221 1814 1418 1848 distinguimur
1444 1820 1527 1848 atque
1551 1814 1740 1849 agnoscitnur.
1766 1815 1830 1843 llaec

1034 1859 1158 1895 clypcus,
1183 1864 1335 1892 armatura,
1362 1863 1445 1898 atque
1470 1864 1601 1894 tropaeum
1629 1864 1671 1888 est
1697 1860 1830 1889 adversus

1034 1905 1183 1933 diabolum.
1205 1904 1267 1932 llaec
1283 1905 1456 1940 signaculum
1472 1909 1525 1938 est,
1541 1913 1575 1934 ne
1594 1913 1645 1933 nos
1664 1907 1831 1934 extermina-

1034 1955 1077 1979 tor
1103 1953 1218 1986 angelus
1256 1955 1361 1987 tangat,
1389 1956 1417 1979 ut
1430 1952 1574 1988 Scriptura
1595 1953 1716 1988 loquitur
1732 1955 1749 1981 ⁸.
1767 1953 1831 1981 Haec

1033 1996 1186 2031 jacentiutn
1204 1998 1306 2024 erectio
1338 2002 1389 2030 est,
1410 1997 1545 2024 stantium
1568 1997 1769 2031 fulcimentum,
1788 2000 1830 2026 iu-

1038 2043 1179 2070 lirmorum
1210 2043 1339 2075 baculus,
1368 2043 1462 2075 ovium
1494 2043 1582 2078 virga,
1608 2044 1829 2079 resipiscentium

1036 2089 1248 2119 adminiculum,
1285 2089 1495 2124 proﬁcientium
1523 2089 1667 2127 perfectio,
1693 2091 1791 2118 anima:
1805 2096 1832 2118 et

1035 2135 1160 2170 corporis
1180 2136 1267 2167 salus,
1297 2136 1432 2162 malorum
1446 2135 1571 2162 omnium
1596 2136 1733 2173 depulsio,
1746 2136 1832 2164 bono-

1035 2188 1097 2207 rum
1114 2181 1235 2207 omnium
1253 2187 1349 2212 causa,
1365 2180 1470 2214 peccati
1484 2180 1832 2215 exstinctio,resurrectio-

1037 2226 1081 2253 nis
1098 2226 1201 2260 planta,
1218 2226 1279 2253 vita:
1292 2229 1401 2252 aeternae
1416 2225 1529 2265 lignum.

999 2264 1026 2291 ι)
1073 2270 1149 2306 Ligni
1178 2272 1264 2298 crucia
1282 2270 1416 2303 adoratio,
1437 2279 1468 2297 ac
1487 2271 1604 2298 aliorum
1630 2280 1688 2307 qua:
1710 2272 1831 2301 Christus

1036 2322 1159 2344 contactu
1175 2324 1223 2344 suo
1238 2317 1427 2352 sancti/ienuit.
1443 2332 1479 2337 —
1495 2316 1553 2344 Hoc
1566 2317 1658 2353 itaque
1674 2320 1829 2353 pretiosum

1036 2371 1103 2391 sane
1116 2371 1148 2390 ac
1163 2364 1322 2391 venerabile
1338 2364 1452 2398 lignum,
1470 2363 1497 2389 in
1515 2371 1570 2399 quo
1581 2371 1611 2390 se
1632 2364 1763 2392 Christus
1781 2374 1832 2400 pro

1039 2406 1121 2434 nobis
1135 2405 1255 2433 hostiam
1275 2405 1384 2438 obtulit,
1397 2406 1436 2433 uti
1460 2407 1629 2435 sanctissimi
1646 2408 1774 2443 corporis
1786 2413 1830 2435 at-

1039 2459 1093 2486 que
1107 2451 1249 2486 sanguinis
1262 2455 1335 2478 tactu
1355 2451 1569 2483 sanctiﬁcatum.
1585 2453 1645 2487 iure
1673 2454 1752 2481 debet
1769 2454 1832 2481 ado-

1041 2497 1096 2523 rari
1110 2505 1117 2522 :
1131 2496 1342 2531 claviqueitem,
1352 2496 1494 2530 etlancea,
1509 2502 1536 2524 et
1552 2498 1727 2530 indumenta.
1742 2503 1769 2526 et
1789 2507 1835 2526 sa-

1041 2552 1094 2571 cra:
1109 2544 1168 2577 ejus
1184 2544 1352 2577 mansiones,
1376 2544 1427 2571 hoc
1442 2549 1495 2576 est,
1518 2553 1647 2581 prtesepe,
1666 2554 1777 2581 specus,
1789 2554 1835 2573 sa-

1041 2588 1138 2616 lutaris
1150 2587 1293 2623 Golgotha,
1313 2590 1451 2616 vivilicum
1465 2590 1635 2624 sepulcrum,
1657 2591 1724 2617 Sion
1739 2590 1833 2617 Eccle-

1041 2636 1146 2662 siarum
1164 2643 1222 2665 arx.
1238 2643 1269 2663 ac
1286 2636 1399 2668 similia,
1418 2636 1647 2671 quemadmodum
1670 2636 1716 2663 Dei
1735 2644 1835 2671 parens

1046 2681 1131 2708 David
1144 2681 1250 2711 aiebat:
1267 2680 1440 2710 Introibimus
1457 2683 1483 2709 in
1498 2681 1733 2716 tabernaculaejus
1746 2690 1755 2708 :
1769 2682 1835 2708 ndo-

1044 2727 1161 2753 rubimus
1173 2727 1200 2753 in
1215 2727 1284 2760 loco,
1298 2728 1477 2754 ubisteterunt
1491 2727 1567 2762 pedes
1583 2726 1640 2760 ejus
1653 2729 1674 2753 ⁵.
1691 2726 1769 2759 Quod
1785 2735 1835 2753 att-

1045 2776 1097 2800 lem
1117 2773 1162 2800 hic
1178 2780 1288 2801 erucem
1311 2773 1457 2807 intelligat,
1475 2776 1641 2806 argumento
1653 2777 1707 2804 est,
1721 2771 1746 2799 id
1761 2771 1834 2805 quod

1043 2819 1185 2852 sequitur:
1202 2818 1296 2851 δινσε,
1315 2818 1434 2850 Domine,
1449 2818 1477 2844 in
1493 2818 1607 2851 requiem
1620 2821 1693 2844 tuam.
1702 2818 1722 2845 ".
1736 2817 1835 2845 Comes

238 2906 247 2932 ε
265 2906 346 2944 liora.
358 2916 395 2942 vt,
410 2906 437 2934 5.
476 2909 486 2924 ²
502 2906 563 2937 Gal.
585 2915 626 2940 tu,
641 2907 685 2935 27.
725 2907 734 2923 '
754 2907 837 2937 lCor.
854 2916 872 2941 t,
887 2907 933 2937 24.
973 2906 982 2923 ⁵
996 2905 1189 2941 Exod.tx,12.
1226 2906 1237 2922 '
1258 2907 1328 2935 l’sal.
1341 2913 1432 2942 cem,
1450 2907 1476 2936 7.
1517 2908 1528 2925 ⁶
1543 2907 1611 2938 ibid.
1625 2908 1654 2939 8.
