4132 6404
510 394 645 460 1251

503 606 806 668 veteribus,
847 611 901 654 et
951 602 1161 654 divinos
1211 614 1277 653 ex
1307 597 1396 651 illo
1419 594 1565 665 quod
1591 611 1801 660 sumus,
1828 596 1947 648 sine
1971 594 2094 663 igne

394 722 407 763 ε
506 701 779 768 reﬁngens
801 707 855 751 et
875 697 991 751 sine
1015 694 1392 749 contractione
1412 707 1687 748 recreans.
1707 689 1866 750 Nam,
1896 700 1951 741 ut
1984 702 2095 742 rem

506 793 744 846 breviter
774 788 1208 855 conplectamur,
1230 785 1484 854 baptismi
1505 786 1676 838 virtus
1699 781 1830 837 nihil
1847 780 1991 834 aliud
2010 786 2098 833 est

508 883 613 939 nisi
635 883 854 936 alterius
882 882 1003 934 vitae
1038 881 1383 949 puriorisqne
1414 877 1627 933 vivendi
1658 875 1887 929 rationis
1922 872 2098 927 foedus

506 979 651 1045 quod
688 976 889 1029 inimus
944 989 1066 1028 cum
1109 974 1240 1038 Deo,
1272 971 1418 1041 quod
1478 972 1533 1025 in
1601 969 1793 1039 primis
1851 976 2100 1022 metuen-

505 1068 634 1122 dum
674 1075 777 1130 est,
808 1073 862 1118 et
898 1062 1577 1119 omnicura'custodienda
1618 1070 1703 1116 est
1753 1060 1934 1114 anima
1982 1058 2100 1112 cui-

507 1176 612 1229 que
637 1176 731 1214 sua
762 1174 829 1212 ne
852 1159 901 1212 in
929 1160 1029 1211 hoc
1053 1160 1194 1226 quod
1224 1156 1452 1227 professi
1482 1152 2097 1219 sumus,mendacesre-

508 1252 948 1323 periammuNam
966 1251 1007 1305 si
1029 1260 1182 1319 pacta
1200 1264 1318 1318 qua:
1336 1264 1457 1301 cum
1478 1246 1788 1301 hominibus
1826 1244 2097 1309 faciimus,

508 1346 652 1400 Deus
686 1346 896 1399 medius
930 1343 1208 1398 adhibitus
1249 1351 1365 1396 rata
1401 1341 1567 1394 habet
1590 1345 1757 1408 atque
1785 1337 2096 1397 confirmat,

505 1446 768 1508 quantum
827 1436 1053 1491 instabit
1109 1432 1408 1503 periculum
1462 1430 1508 1485 si
1561 1445 1624 1484 ea
1682 1444 1802 1499 quas
1851 1428 1950 1496 ipsi
1992 1427 2099 1480 Deo

508 1530 734 1600 polliciti
792 1543 979 1583 sumus
1048 1527 1419 1587 violabitnus,
1478 1534 1687 1593 nosque
1740 1536 1843 1574 non
1923 1518 2098 1574 solum

508 1622 631 1675 aliis
663 1617 1005 1683 criminibus,
1069 1617 1163 1672 sed
1199 1616 1303 1670 hoc
1324 1614 1486 1669 etiam
1526 1612 1829 1676 mendacio,
1866 1608 2103 1665 obstrin-

508 1727 698 1782 gemus
748 1709 1008 1765 veritati?
1076 1708 1379 1762 Przesertim
1447 1720 1568 1759 cum
1612 1704 1717 1759 alia
1772 1719 1878 1757 nou
1943 1702 2101 1756 detur

508 1804 852 1873 regeneratio
919 1815 1093 1870 neque
1137 1799 1386 1860 refectio,
1458 1813 1639 1866 neque
1692 1795 1984 1866 pristinum
2043 1795 2098 1848 in

506 1906 704 1952 statum
740 1892 1172 1954 restitutio,|icet
1195 1906 1314 1946 eam
1346 1891 1581 1945 maxime
1604 1888 1788 1943 multis
1811 1888 2100 1958 gemitilms

507 1998 562 2043 et
590 1986 870 2056 lacrymis,
900 2001 965 2041 ex
996 1985 1215 2053 quibus,
1266 1992 1327 2037 ιιι
1351 1997 1450 2052 ego
1483 1981 1701 2052 quidem
1735 1980 1911 2036 sentio
1939 1989 2105 2050 atque

510 2087 810 2154 statuo,vix
843 2085 1116 2140 cicatricis
1151 2082 1404 2137 obductio
1438 2079 1709 2147 sequitur,
1742 2079 2101 2147 inquirannts.

510 2182 767 2249 Sequitur
782 2178 925 2231 enim
947 2178 1102 2245 idque
1125 2174 1418 2230 credimus.
1448 2171 1602 2238 Quod
1627 2172 1671 2227 si
1697 2172 1986 2227 cicatrices
2009 2171 2106 2224 de-

510 2274 750 2337 leantur,
798 2270 1060 2341 prmclare
1101 2268 1385 2323 uobiscum
1406 2267 1619 2337 agitur,
1667 2266 2101 2335 quandoquidem

510 2374 565 2439 ct
609 2368 724 2435 ipse
751 2363 1107 2419 bmuanitatis
1148 2361 1383 2431 indigeo.

510 2479 751 2552 Gregorii
786 2476 980 2549 Nyssa:
1047 2474 1313 2552 pontiﬁcis
1350 2489 1434 2552 ex_
1467 2472 1707 2527 oratione
1742 2473 2060 2527 calechetica
2086 2511 2102 2536 ,

1040 2544 1165 2600 item
1194 2550 1260 2599 de
1290 2544 1568 2611 baptismo.

580 2642 779 2697 Verum
809 2643 935 2711 quia
998 2616 1239 2708 mystica:
1310 2636 1570 2691 doctrina:
1634 2651 1760 2705 pars
1810 2644 1893 2689 est
1941 2636 2103 2689 etiam

510 2735 713 2790 lavacri
740 2730 1027 2794 institutio,
1054 2730 1160 2783 hoc
1193 2737 1250 2781 ιιι
1283 2727 1368 2781 vel
1392 2726 1727 2797 baptismum
1753 2726 1835 2780 vel
1866 2726 2107 2780 illustra-

510 2830 712 2883 tionem
760 2826 842 2879 vel
905 2822 1379 2895 regenerationem
1436 2821 1676 2891 appelles
1742 2819 1903 2875 licet:
1960 2820 2105 2874 nulla

508 2919 653 2971 enim
704 2916 843 2970 inter
888 2929 989 2969 nos
1023 2914 1088 2967 de
1120 2913 1345 2968 nomine
1378 2912 1490 2967 erit
1525 2910 1832 2967 dill‘erentia
1873 2928 1887 2964 :
1927 2926 2106 2981 Opera:

510 3009 743 3079 pretium
793 3009 916 3071 erit,
965 3015 1024 3060 ut
1053 3006 1120 3061 de
1153 3007 1253 3059 hoc
1289 3006 1451 3059 etiam
1482 3017 1653 3074 pauca
1695 3019 2104 3072 percurranms.

508 3102 645 3157 Cum
692 3100 836 3155 enim
878 3114 908 3151 a
938 3097 1094 3152 nobis
1147 3096 1481 3162 audiverint,
1516 3097 1643 3166 quia
1681 3098 1824 3166 quod
1878 3096 2107 3150 mortale

1728 388 2105 451 EUTHYMH
2150 388 2321 448 ZIGA
2337 390 2511 450 BENI

396 566 399 569 ,
502 529 629 569 cum
678 511 866 581 prima:
911 502 1275 580 generationis
1318 506 1536 573 adjutor
1572 502 1758 568 luerit,
1801 514 1971 555 novos
2028 514 2093 551 cx

2210 486 2496 571 ἑπίκουρία
2526 502 2819 574 τυγχάνον,
2857 502 3076 564 καινοὺς
3102 502 3221 555 ἀντὶ
3249 499 3516 563 παλαιῶν,
3549 501 3648 554 καὶ
3668 501 3794 555 θεο-

3654 389 3792 455 1252

2201 594 2357 657 ειδεῖς
2387 595 2509 648 ἀντὶ
2536 596 2645 649 τῶν
2678 597 2772 649 νῦν
2802 596 2977 650 ὄντων
3032 597 3355 666 ἐργάζεται,
3414 596 3583 666 χωρὶς
3614 597 3796 667 πυρὸς

2199 687 2566 756 ἀναχωνεῦον,
2601 689 2695 743 καὶ
2718 689 3009 754 ἁνακτίζον
3037 690 3161 761 δίχα
3186 688 3551 758 συντρίψεως.
3589 686 3649 741 Εί
3680 689 3799 761 γὰρ

2203 779 2489 850 συντόμως
2514 781 2597 835 δεῖ
2622 784 2823 846 εἰπεῖν,
2867 781 3148 852 συνθήκας
3190 783 3331 852 πρὸς
3364 782 3496 835 Θεδν
3528 782 3796 851 δευτέρου

2203 873 2340 942 βίου,
2390 876 2487 928 καὶ
2543 876 2830 941 πολιτείας
2882 877 3284 947 καθαρωτέρας
3321 876 3661 943 ὑποληπτέον
3692 876 3799 943 τὴν

2202 964 2296 1017 τοῦ
2331 966 2719 1039 βαπτίσματος
2749 968 3006 1039 δύναμιν,
3057 970 3084 1023 ὃ
3109 970 3173 1040 δὴ
3216 971 3311 1024 καὶ
3350 971 3589 1040 μάλιστα
3623 969 3797 1039 φοϐη-

2202 1058 2347 1123 τέον,
2378 1059 2475 1112 καὶ
2521 1062 2670 1133 πάσῃ
2704 1063 2923 1134 φυλακῇ
2952 1066 3221 1133 τηρητέον
3252 1066 3354 1133 τὴν
3381 1064 3578 1117 ἑαυτοῦ
3610 1065 3803 1132 ψυχὴν

2202 1150 2465 1216 ἕκαστον,
2506 1154 2581 1224 μὴ
2616 1154 2850 1223 ψεῦσται
2875 1156 2971 1225 τῆς
3008 1155 3306 1225 ὁμολογίας
3362 1156 3569 1226 ταύτης
3596 1157 3803 1224 scamb-

2206 1243 2373 1311 μεθα.
2422 1242 2485 1297 Et
2508 1245 2619 1316 γὰρ
2642 1247 2739 1309 τὰς
2774 1245 2910 1316 πρὸς
2941 1247 3267 1317 ἀνθρώπους
3294 1249 3592 1318 ὁμολογίας
3617 1251 3803 1317 ἐμπε-

2201 1335 2283 1387 δοῖ
2314 1335 2473 1401 Θεὸς,
2501 1337 2666 1407 μέσος
2718 1338 3126 1409 παραληφθεὶς,
3172 1341 3339 1405 πόσος
3364 1342 3395 1391 ὁ
3443 1342 3687 1403 κίνδυνος
3718 1333 3803 1395 ὧν

2207 1429 2345 1498 πρὸς
2380 1422 2544 1483 αὑτὸν
2567 1431 2807 1501 ὲθέμεθα
2865 1435 2957 1487 τὸν
3017 1434 3152 1488 Θεδν
3211 1434 3524 1503 συνθηκῶν,
3584 1433 3802 1487 τούτων

2207 1522 2537 1591 παραϐάτας
2590 1525 2970 1595 εὑρίσκεσθαι,
3015 1527 3111 1581 καὶ
3158 1526 3235 1599 μὴ
3268 1529 3431 1597 μόνον
3462 1526 3573 1582 τῶν
3614 1528 3803 1583 ἄλλων

2205 1615 2648 1685 ἁμαρτημάτων,
2683 1618 2820 1673 ἀλλὰ
2857 1620 2951 1673 καὶ
2984 1619 3150 1673 αὐτοῦ
3191 1620 3286 1673 τοῦ
3344 1619 3574 1689 ψεύδους
3610 1620 3804 1674 ὑποδί-

2209 1725 2341 1770 κους
2374 1707 2515 1763 εἶναι
2546 1713 2613 1783 τῇ
2646 1712 2897 1786 ἀληθείᾳ,
2931 1714 3028 1769 καὶ
3057 1712 3232 1769 ταῦτα
3268 1714 3369 1767 ούκ
3423 1712 3592 1783 οὔσης
3613 1714 3801 1768 δευτέ-

2208 1816 2307 1868 ρας
2370 1802 2806 1875 ἀναγεννήσεως,
2862 1806 2982 1859 οὐδὲ
3025 1806 3414 1871 ἀναπλάσεως,
3454 1806 3577 1860 οὐδὲ
3623 1808 3707 1868 είς
3737 1806 3805 1859 τὸ

2209 1887 2439 1957 ἀρχαῖον
2472 1893 2999 1960 ἀποκαταστάσεως,
3055 1896 3158 1950 κᾶν
3190 1896 3274 1949 ὅτι
3323 1896 3567 1966 μάλιστα
3599 1894 3807 1967 ἐπιζηυ

2206 1980 2394 2050 τῶμεν
2421 1983 2632 2054 ταύτην
2661 1986 2717 2038 ὲν
2746 1987 2963 2050 πολλοῖς
2993 1990 3326 2057 στεναγμοῖς
3361 2005 3421 2041 τε
3454 1989 3549 2041 καὶ
3583 1990 3803 2058 δάκρυ-

2208 2089 2316 2137 σιν,
2359 2073 2417 2140 ἐξ
2442 2068 2518 2128 ὧν
2556 2076 2889 2142 συνούλωσις
2916 2079 3019 2149 μὲν
3066 2079 3289 2150 ἔρχεται
3339 2080 3521 2151 μόγις,
3560 2079 3705 2133 κατά
3732 2096 3806 2148 γε

2206 2164 2297 2218 τὸν
2339 2167 2471 2233 ἐμὸν
2496 2168 2623 2241 ὅρον
2647 2172 2741 2223 καὶ
2771 2173 2938 2242 νόμον
2968 2189 2982 2204 ο
3014 2171 3235 2243 ἔρχεται
3260 2174 3390 2245 γὰρ,
3422 2174 3515 2226 καὶ
3538 2172 3803 2226 πιστεύο-

2208 2274 2309 2328 μεν
2332 2275 2346 2289 ο
2383 2261 2433 2311 εί
2467 2261 2522 2314 δὲ
2551 2263 2646 2315 καὶ
2672 2264 2770 2328 τὰς
2795 2264 2962 2327 οὐλὰς
2987 2265 3373 2335 ὲξαλείφομεν,
3404 2264 3677 2336 ἀγαπῴην
3707 2266 3800 2332 ἂν,

2207 2354 2398 2425 ἐπειδὴ
2432 2356 2527 2409 καὶ
2562 2358 2725 2422 αὐτὸς
2762 2356 2951 2430 χρῄζω
2979 2358 3417 2430 φιλανθρωπίας.

2271 2471 2381 2526 Τοῦ
2414 2473 2673 2543 Νὐσισης
2704 2472 2773 2526 ἐκ
2804 2473 2911 2527 τοῦ
2943 2472 3350 2544 κατηχητηικοῦ
3372 2474 3561 2543 λόγου
3602 2475 3740 2544 περὶ

2697 2544 2805 2600 τοῦ
2848 2546 3300 2614 Βαπτίσματος.

2291 2634 2436 2690 Ἀλλ’
2469 2638 2663 2709 ἐπειδὴ
2696 2638 2864 2709 μέρος
2910 2654 2961 2689 τι
2988 2636 3113 2690 τῶν⁹
3129 2636 3415 2708 μυστικῶν
3437 2636 3802 2707 διδαγμάτων

2208 2729 2304 2781 καὶ
2337 2730 2369 2798 ή
2429 2732 2571 2785 κατὰ
2604 2734 2665 2784 τὸ
2709 2730 2935 2799 λουτρόν
2969 2731 3120 2783 ἐστιν
3151 2730 3460 2800 οἰκονομία,
3494 2730 3523 2784 ό
3550 2733 3665 2784 εἴτε
3699 2730 3805 2801 βά-

2209 2835 2444 2889 πτισμα,
2481 2822 2592 2874 εἴτε
2622 2820 2908 2891 φώτισμα,
2942 2822 3054 2875 εἴτε
3087 2820 3518 2889 παλιγγενεσίαν
3549 2819 3805 2890 βούλοιτό

2208 2927 2288 2973 τις
2316 2910 2627 2980 ὀνομάζειν,
2659 2912 2813 2965 οὐδὲν
2861 2912 2999 2982 πρὸς
3029 2912 3129 2980 τὴν
3181 2912 3484 2981 ὀνομασίαν
3533 2912 3802 2980 διαφερό-

2213 3002 2376 3071 μεθα,
2410 3003 2594 3065 καλῶς
2623 3002 2689 3058 ἂν
2719 3004 2834 3075 ιχοι
2864 3004 3072 3075 βραχέα
3099 3005 3232 3075 περὶ
3258 3005 3450 3057 τούτου
3480 3002 3801 3070 ιἰεξελθείν.

2222 3094 2479 3149 Ἐπειδὰν
2509 3096 2619 3166 γὰρ
2645 3095 2773 3168 παρ’
2794 3098 2956 3167 ἡμῶν
2982 3097 3044 3151 τὸ
3061 3097 3313 3155 τοιοῦτον
3335 3095 3500 3151 ἀκούι,
3515 3106 3667 3159 ωσιν,
3690 3099 3804 3161 ὅτι,

508 3203 635 3257 est,
697 3192 762 3245 ad
822 3190 990 3243 vitam
1050 3190 1291 3255 transit,
1334 3202 1455 3243 esse
1515 3198 1979 3251 consentaneum,
2049 3197 2103 3243 ut

2211 3187 2309 3241 τοῦ
2351 3188 2549 3258 θνητοῦ
2585 3191 2725 3259 πρὸς
2778 3190 2927 3260 ζωὴν
2984 3189 3442 3259 μεταϐαίνοντος,
3498 3190 3807 3245 ἀκόλουθον

512 3302 633 3339 cum
676 3286 850 3352 prima
912 3283 1192 3351 generatio
1241 3282 1307 3333 ad
1366 3281 1533 3335 vitam
1567 3281 1853 3335 mortalem
1912 3282 2100 3347 ducat,

513 3376 683 3428 altera
741 3372 1024 3442 generatio
1105 3370 1430 3438 reperietur,
1513 3384 1634 3437 qua:
1715 3385 1817 3423 nec
1883 3370 2105 3438 incipiat

513 3486 542 3523 ιι
576 3467 953 3536 corruptione,
998 3477 1174 3527 neque
1225 3462 1279 3518 in
1314 3462 1592 3516 interitum
1626 3463 1859 3528 desinat,
1890 3463 1983 3518 sed
2008 3478 2102 3531 ge-

511 3562 683 3615 nitum
705 3562 771 3613 ad
792 3560 959 3611 vitam
978 3557 1143 3610 ducat
1169 3556 1620 3622 immortalem,ut
1638 3557 2102 3623 quemadmodum

514 3670 580 3709 ex
610 3652 826 3708 mortali
854 3651 1207 3721 generatione
1231 3651 1544 3705 necessario
1577 3653 1821 3705 nascitur
1845 3652 1991 3722 quod
2019 3662 2105 3707 est

515 3747 766 3811 mortale,
796 3747 877 3801 sic
902 3744 1049 3813 quod
1089 3760 1157 3798 ex
1210 3744 1563 3814 generatione
1608 3759 1728 3813 quas
1778 3759 1883 3798 non
1936 3745 2106 3800 sentit

516 3843 794 3896 interitum
826 3839 1072 3893 nascitur
1100 3838 1454 3905 praestantius
1477 3838 1722 3906 sitquam
1739 3848 1798 3889 ut
1828 3837 2103 3891 interitum

513 3950 583 3989 ex
610 3947 788 3988 morte
810 3932 1079 4002 patiatur,
1114 3930 1233 3985 haec
1261 3938 1315 3984 et
1342 3930 1541 3984 similia
1578 3943 1702 3984 cum
1736 3929 2108 3984 intellexerint

516 4025 847 4094 modumth
863 4021 1175 4087 didicerint,
1208 4035 1401 4090 nempe
1426 4020 1799 4090 precationem
1831 4020 1899 4073 ad
1936 4018 2104 4073 Deum

512 4130 568 4174 et
592 4117 783 4189 gratia:
810 4114 1051 4170 caelestis
1082 4112 1481 4169 invocationem
1509 4122 1565 4167 et
1613 4127 1807 4181 aquam
1864 4121 1920 4165 et
1946 4112 2104 4167 (idem

504 4225 635 4267 esse
684 4212 883 4279 quibus
912 4207 1339 4279 regenerationis
1390 4207 1709 4277 mysterium
1794 4205 2103 4274 expleatur,

516 4304 659 4358 haud
739 4300 901 4356 facile
974 4302 1317 4355 adducuntur
1371 4308 1430 4353 ut
1480 4298 1756 4354 credant:
1813 4299 2109 4370 respiciunt

514 4393 663 4447 enim
695 4392 761 4446 ad
809 4392 860 4445 id
886 4389 1032 4460 quod
1059 4391 1326 4454 cernitur,
1363 4401 1463 4443 nec
1511 4389 1859 4458 promissioni
1916 4400 2108 4460 putant

518 4480 847 4550 respondere
874 4480 1017 4550 quod
1053 4480 1265 4535 ratione
1296 4493 1561 4549 corporea
1607 4482 1904 4552 peragitur.
1963 4482 2108 4549 Quo~

2208 3272 2302 3347 ἦν,
2324 3276 2423 3347 τῆς
2456 3275 2683 3347 πρώτης
2713 3278 2985 3345 γενέσεως
3026 3281 3120 3332 ἐπὶ
3146 3280 3237 3333 τὸν
3280 3279 3477 3347 θνητὸν
3510 3281 3807 3349 παραγού-

2212 3384 2312 3438 σης
2342 3366 2483 3437 βίον,
2531 3369 2728 3438 ἑτέραν
2771 3370 3032 3440 γέννησιν
3075 3370 3459 3442 ἐξευρεθῆναι,
3521 3373 3658 3442 μήτε
3691 3372 3809 3425 ἀπὸ

2212 3461 2425 3531 φθορᾶς
2460 3462 2799 3534 ἀρχομένην,
2836 3463 2976 3533 μήτε
3008 3463 3090 3526 είς
3122 3463 3331 3533 φθορὰν
3354 3463 3803 3535 καταλήγουσαν,

2212 3554 2328 3609 ἀλλ’
2351 3556 2434 3617 είς
2460 3554 2730 3609 ἀθάνατον
2757 3555 2903 3627 ζωὴν
2933 3556 3024 3608 τὸν
3069 3558 3475 3627 γεγεννημένον
3510 3557 3808 3626 -ιαράγουο

2214 3665 2337 3715 σαν,
2367 3647 2435 3700 ἶν’
2463 3647 2656 3719 ὥσπερ
2677 3650 2739 3701 ὲκ
2763 3647 2967 3718 θνητῆς
2992 3649 3303 3720 γεννήσεως
3336 3649 3535 3719 θνητὸν
3553 3648 3612 3711 ἐξ
3636 3648 3805 3715 ἀνάγ-

2214 3755 2320 3809 κης
2353 3740 2414 3792 τὸ
2445 3739 2855 3809 γεγεννημένον
2889 3740 3127 3810 ὑπέστη,
3153 3739 3333 3804 οὕτως
3365 3741 3550 3809 ἑκτῆς
3587 3740 3663 3810 μὴ
3696 3756 3809 3791 πα-

2216 3833 2592 3904 ραδεχομένης
2613 3831 2824 3902 φθορὰν
2835 3834 2897 3885 τὸ
2920 3831 3268 3903 γεννώμενον
3292 3834 3545 3903 κρεῖττον
3572 3832 3808 3902 γένηται

2212 3924 2313 3994 τῆς
2347 3927 2413 3977 ὲκ
2442 3924 2537 3977 τοῦ
2580 3924 2817 3979 θανάτου
2869 3924 3085 3995 φθορᾶς
3119 3942 3134 3957 °
3190 3924 3413 3980 ἔπειδὰν
3446 3919 3540 3978 οὖν
3594 3924 3808 3979 τούτων

2214 4019 2311 4070 καὶ⁵
2342 4015 2452 4070 τῶν
2480 4015 2745 4071 τοιούτων
2775 4016 3079 4081 ἀκούσωσι,
3114 4018 3212 4072 καὶ
3244 4017 3688 4088 προσδιδαχθῶσι
3709 4017 3807 4070 τὸν

2212 4110 2444 4180 τρόπον,
2467 4110 2551 4163 ὅτι
2579 4109 2716 4179 εὐχὴ
2742 4116 2881 4181 πρὸς
2910 4111 3068 4175 Θεὸν,
3098 4112 3199 4165 καὶ
3252 4112 3480 4181 χάριτος
3533 4112 3805 4180 οὐρανίας

2214 4200 2530 4278 ιπίκλησις,
2560 4202 2656 4255 καὶ
2688 4201 2856 4274 ὕδωρ,
2892 4204 2990 4259 καὶ
3023 4205 3212 4268 πίστις
3248 4205 3390 4268 ἐστὶ,
3419 4203 3490 4259 δι’
3514 4197 3591 4259 ὧν
3616 4205 3677 4257 τὸ
3699 4205 3809 4274 τῆς

2214 4296 2635 4367 ἁναγεννήσεως
2692 4294 2999 4366 πληροῦται
3082 4296 3408 4368 μυστήριον,
3491 4295 3809 4359 δυσπειθῶς

2216 4385 2407 4457 ἔχουσι
2442 4387 2582 4459 πρὸς
2612 4389 2672 4441 τὸ
2708 4387 3040 4457 φαινόμενον
3074 4370 3391 4458 βλέποντες,
3429 4388 3507 4451 ὡς
3554 4390 3614 4441 ού
3659 4404 3809 4458 cup.

2214 4479 2404 4535 ϐαῖνον
2443 4485 2511 4553 τῇ
2538 4482 2847 4552 litansqu
2878 4481 2940 4534 τὸ
2991 4481 3329 4551 σωματικῶς
3375 4483 3805 4553 ὲνεργούμενον.

514 4574 676 4629 modo
699 4572 868 4635 enim,
887 4571 1164 4640 inquiunt,
1191 4570 1305 4626 ﬁeri
1324 4579 1499 4640 potest
1520 4581 1577 4624 ut
1596 4586 1785 4641 preces
1803 4582 1860 4627 et
1906 4573 2103 4629 divina:

2212 4571 2336 4632 Πῶς
2361 4573 2490 4642 γὰρ,
2550 4573 2744 4644 φησιν,
2796 4572 2930 4643 εὐχὴ
2989 4574 3086 4626 καὶ
3145 4572 3429 4643 δυνάμεως
3471 4573 3623 4636 θείας
3676 4574 3807 4626 ἐπί-

514 4664 736 4717 virtutis
787 4662 1058 4718 invocatio
1086 4662 1137 4716 in
1173 4676 1311 4730 aqua
1346 4660 1507 4728 facta,
1549 4662 1672 4718 vitae
1731 4663 1992 4719 sitcausa
2037 4664 2104 4719 iis

513 4756 606 4824 qui
662 4754 942 4808 initiantur
970 4754 993 4807 ?
1026 4754 1106 4807 Ad
1137 4768 1299 4820 quos,
1328 4753 1432 4810 nisi
1470 4754 1769 4810 admodum
1828 4756 2105 4810 obstinate

514 4860 575 4898 se
608 4848 827 4911 trahent,
858 4862 956 4913 pro
996 4847 1229 4903 instituti
1298 4846 1462 4916 hujus
1512 4848 1905 4916 approbatione
1972 4849 2101 4902 sim-

516 4937 638 5002 plex
674 4938 807 4990 satis
840 4938 945 4991 erit
981 4938 1285 5007 responsio.
1350 4938 1459 4993 Nos
1488 4940 1630 4993 enim
1661 4939 1899 4994 vicissim
1954 4954 2106 5010 qua:-

517 5042 699 5082 remus
728 5030 998 5095 quomodo
1039 5032 1129 5083 ﬂat
1162 5032 1216 5084 in
1240 5044 1406 5085 carne
1438 5031 1739 5100 generatio.
1777 5030 1914 5084 Nam
1978 5046 2103 5085 cum

514 5119 769 5175 omnibus
800 5120 1145 5174 manifestum
1176 5124 1248 5177 sit
1300 5122 1429 5176 illud
1469 5122 1744 5178 hominem
1781 5122 1923 5185 ﬁeri,
1961 5122 2106 5191 quod

514 5213 881 5271 caustituendi
915 5213 1161 5267 animalis
1193 5214 1368 5283 gratia
1409 5216 1679 5283 injicitur,
1740 5216 1889 5270 nulla
1920 5227 2105 5270 tatneu

517 5309 700 5364 aﬂ‘erri
733 5307 870 5362 ratio
900 5314 1097 5377 potest,
1132 5321 1239 5375 qua
1263 5308 1315 5360 id
1348 5316 1407 5360 ut
1460 5305 1723 5361 elliciatur
1757 5307 2119 5376 probabiliter

514 5402 833 5472 persuaderi
852 5409 1035 5470 queat.
1055 5399 1193 5466 Quid
1215 5400 1359 5454 enim
1383 5415 1673 5455 commune
1696 5402 1856 5455 habet
1874 5403 2109 5457 hominis

514 5496 781 5560 deﬁnitio,
795 5496 840 5549 si
862 5509 988 5548 cum
1018 5493 1132 5559 illa,
1165 5508 1288 5562 quae
1317 5490 1563 5546 cernitur
1583 5495 1844 5562 qualitate
1878 5509 2098 5564 compa-

516 5588 712 5642 retur?
738 5587 912 5642 llotno
942 5588 1085 5641 enim
1120 5588 1333 5641 ratione
1365 5583 1624 5654 praeditus
1641 5595 1744 5650 est,
1773 5595 1829 5642 et
1860 5590 2109 5659 cogitan-

451 5708 456 5721 ο
514 5682 565 5734 di
586 5682 691 5734 vim
714 5680 894 5734 habet.
914 5678 1049 5733 lllnd
1072 5691 1252 5733 autem
1281 5680 1333 5731 iu
1360 5676 1579 5730 lmmida
1602 5679 1834 5746 quadam
1858 5680 2108 5735 consistit

513 5774 792 5843 qualitate.
828 5770 939 5826 Nec
970 5772 1205 5841 amplius
1237 5771 1535 5841 quidquam
1581 5786 1645 5825 eo
1680 5773 1824 5842 quod
1859 5774 2107 5829 cernitur

509 5864 839 5936 cogitatione
902 5864 1236 5948 praecipitur.
1294 5863 1445 5929 Quod
1479 5862 2101 5948 igiturcousentaneum

2212 4665 2406 4735 κλησις
2456 4669 2551 4719 ἐπὶ
2604 4667 2698 4720 τοῦ
2762 4666 2952 4730 ὓδατος
3020 4666 3289 4736 γενομένη
3353 4667 3497 4738 ζωῆς
3554 4666 3805 4737 ἀρχηγὸς

2210 4759 2324 4819 τοῖς
2386 4757 2639 4829 μυηθεῖσι
2703 4759 2947 4826 γίνεται;
2995 4759 3141 4831 Πρὸς
3197 4758 3313 4822 οὒς,
3367 4760 3526 4830 εῐπερ
3561 4760 3637 4828 μὴ
3681 4759 3808 4813 λίαν

2213 4849 2391 4919 ἔχοιεν
2428 4850 2763 4917 ἀντιτύπως,
2813 4851 3020 4916 ἁπλοῦς
3049 4852 3274 4923 ἐξαρκεῖ
3307 4853 3467 4922 λόγος
3514 4853 3654 4923 πρὸς
3705 4856 3805 4922 τὴν

2214 4941 2309 4993 τοῦ
2340 4940 2610 5012 δόγματος
2640 4944 2868 5013 ἀγαγεῖν
2894 4945 3327 5014 συγκατάθεσιν.
3394 4947 3807 5016 Ἀντερωτήσο-

2220 5051 2341 5104 μεν,
2376 5034 2473 5088 τοῦ
2513 5037 2718 5105 τρόπου
2775 5034 2877 5105 τῆς
2907 5036 3052 5090 κατὰ
3111 5038 3293 5107 σάρκα
3333 5039 3602 5105 γενέσεως
3637 5039 3810 5091 πᾶσιν

2213 5128 2367 5190 ὄντος
2391 5128 2686 5199 προδήλου,
2723 5130 2849 5193 Πῶς
2872 5130 3161 5201 ἄνθρωπος
3190 5132 3369 5184 ἐκεῖνο
3404 5132 3619 5198 γίνεται
3643 5132 3704 5183 τὸ
3725 5133 3810 5193 εἰς

2216 5218 2476 5290 ἀφορμὴν
2507 5220 2607 5289 τῆς
2639 5221 2954 5284 συστάσεως
2982 5220 3075 5274 τοῦ
3112 5221 3252 5286 ζώου
3283 5223 3763 5292 καταϐαλλόμενον
3790 5242 3808 5289 ;

2230 5310 2393 5363 Ἀλλά
2417 5312 2523 5380 μὴν
2547 5310 2723 5374 οὐδεὶς
2763 5310 2851 5364 ἐπ’
2879 5313 3089 5365 ἐκείνου
3121 5312 3277 5380 λόγος
3309 5315 3466 5366 ἐστὶν
3503 5316 3531 5367 ὁ
3555 5315 3813 5383 λογισμῷ

2215 5417 2327 5453 τινι
2357 5400 2419 5452 τὸ
2459 5400 2690 5453 πιθανὸν
2708 5400 3075 5471 ἐξευρίσκων.
3107 5400 3173 5454 Τί
3195 5403 3305 5473 γὰρ
3335 5402 3514 5457 κοινὸν
3542 5404 3656 5473 ἕλει
3680 5405 3812 5475 ὅρος

2218 5492 2515 5564 ἀνθρώπου
2535 5493 2675 5564 πρὸς
2695 5494 2795 5562 τὴν
2822 5496 2881 5547 ὲν
2904 5496 3105 5566 ἐκείνῳ
3122 5495 3506 5567 θεωρουμένην
3542 5497 3813 5565 ποιότητα

2222 5588 2697 5659 συγκρινόμενος;
2758 5587 3091 5658 Ἀνθρωπος
3154 5590 3254 5659 μὲν
3312 5593 3421 5661 γὰρ
3478 5591 3693 5658 λογικόν
3755 5608 3812 5643 τι

2219 5680 2409 5751 χρῆμα
2454 5680 2550 5731 καὶ
2602 5680 2947 5750 διανοητικόν
3001 5684 3174 5745 ἐστιν,
3230 5684 3411 5736 ἐκεῖνο
3455 5683 3511 5736 δὲ
3550 5686 3608 5736 ἐν
3664 5684 3813 5753 ὑγρᾷ

2219 5790 2329 5825 τινι
2364 5772 2653 5843 θεωρεῖται
2705 5773 2983 5846 ποιότητι,
3028 5775 3126 5828 καὶ
3156 5776 3323 5828 πλέον
3349 5776 3503 5829 οὐδὲν
3555 5776 3649 5829 τοῦ
3682 5777 3812 5831 κατ’

2219 5866 2474 5935 αἴσθησιν
2501 5866 2784 5937 ὁρωμένου
2820 5866 3241 5937 καταλαμὸἁνει
3268 5871 3300 5935 ἡ
3325 5872 3526 5925 ἔννοια.
3564 5870 3667 5923 Ἦν
3696 5872 3816 5923 τοία
