4132 6406
339 356 476 417 ι253

1227 365 1596 424 PANUPLIA
1644 369 2104 434 DUGMATICA.
2149 397 2219 408 ·-
2252 375 2400 436 ΤΙΤ.
2439 377 2617 439 XXV.

3480 389 3614 453 1254

331 479 426 516 νυν
457 463 762 536 ἀπόκρισιν
786 466 935 532 είκός
968 480 1116 523 εστιν
1156 472 1291 542 ἡμῖν
1321 472 1570 540 γίνεσθαι
1624 477 1779 546 παρὰ
1808 476 1893 530 τῶε

2021 488 2127 546 est,
2151 492 2208 535 ut
2228 482 2302 536 illi
2325 485 2478 538 nobis
2505 485 2888 553 respondeant,
2914 489 3038 543 dum
3062 493 3128 544 ah
3147 492 3277 562 ipsis
3293 496 3590 564 quaerimus

333 557 748 626 ἐρωτηθέντων,
779 561 862 614 ὅτι
905 561 1024 625 πῶς
1071 563 1220 618 ἐστιν
1255 563 1316 629 ἐξ
1355 566 1568 620 ἐκείνου
1599 569 1792 622 πιστὸν
1827 585 1893 622 συ

2019 574 2115 642 qui
2158 574 2274 629 ﬁeri
2305 578 2476 646 possit
2509 588 2566 632 ut
2594 592 2660 634 ex
2696 594 2757 634 ea
2780 582 2943 637 homo
2975 586 3358 656 consumatur,
3398 589 3448 643 id
3483 592 3610 645 item

332 649 529 718 στῆναι
556 650 872 724 ἄνθρωπον,
898 655 1058 709 τοῦτο
1086 656 1183 711 καὶ
1215 658 1344 728 περὶ
1369 662 1469 729 τῆς
1500 659 1572 712 δι’
1599 659 1794 722 ὓδατος
1820 660 1915 715 καὶ

332 742 653 812 Πνεῦματος
703 748 1002 818 γινομένης
1065 751 1484 821 άναγεννήσεως
1540 753 1915 823 ἐρωτηθέντες

329 834 803 906 ἀποκρινούμεθα.
847 839 1002 894 Ἐκεῖ
1032 843 1142 914 γὰρ
1167 843 1462 915 πρόχειρόν
1515 846 1666 899 ἐστιν
1696 846 1914 917 ἑκάστῳ

328 925 437 976 τῶν
475 927 851 998 ἠρωτημένων
879 933 1084 997 εἰπεῖν,
1145 936 1228 987 ὅτι
1271 935 1395 1008 θείᾳ
1453 937 1691 1006 δυνάμει
1730 939 1909 992 ἐκεῖνο

326 1016 613 1088 ἄνθρωπος
639 1022 875 1086 γίνεται,
900 1017 968 1094 ἦς
1017 1026 1092 1096 μὴ
1138 1027 1426 1099 παρούσης
1471 1029 1732 1098 ἀκίνητόν
1763 1031 1913 1083 ἐστιν

326 1109 508 1162 ἐκεῖνο
532 1111 628 1163 καὶ
656 1114 1046 1184 άνενέργητον.
1082 1118 1143 1170 Ei
1172 1118 1266 1172 οὖν
1293 1121 1490 1174 ἐκεῖσύ
1516 1121 1578 1174 τὸ
1612 1123 1909 1190 ὑποκείμε-

324 1218 415 1254 νον
443 1206 593 1256 ποιεῖ
626 1206 719 1258 τὸν
755 1207 1071 1279 ἄνθρωπον,
1105 1211 1226 1265 ἀλλ’
1259 1213 1292 1283 ἡ
1335 1213 1462 1268 θεία
1489 1213 1730 1287 δύναμις
1768 1217 1909 1287 πρὸς

323 1294 617 1364 ἀνθρώπου
645 1298 809 1367 φύσιν
839 1305 1131 1370 μεταποιεῖ
1163 1305 1222 1358 τὺ
1245 1305 1600 1376 φαινόμενον,
1632 1309 1731 1379 τῆς
1752 1310 1911 1380 ἐσχά-

320 1401 420 1456 της
446 1386 512 1439 ἂν
528 1387 614 1456 εἴη
631 1389 1052 1463 ἀγνωμοσύνης,
1071 1395 1188 1448 ἐκεῖ
1207 1396 1483 1460 τοσαύτην
1500 1397 1577 1468 τῷ
1599 1398 1717 1469 Θεῷ
1740 1416 1908 1470 προσ-

323 1475 743 1552 μαρτυροῦντας
768 1478 1001 1551 δύναμιν
1035 1484 1246 1538 άτονεῖν
1293 1486 1351 1538 ἐν
1398 1486 1476 1557 τῷ
1532 1487 1697 1558 μέρει
1729 1489 1906 1560 τούτῳ

320 1571 384 1622 τὸ
417 1569 580 1623 Θεῖον
603 1568 814 1626 οἴεσθαι
848 1574 987 1645 πρὸς
1013 1575 1116 1648 τὴν
1149 1577 1511 1649 ἐκπλήρωσιν
1539 1581 1636 1634 τοῦ
1660 1581 1906 1654 θελήμα-

320 1679 434 1725 τος.
464 1662 529 1715 Τί
559 1663 759 1729 κοινὸν,
811 1667 1000 1735 φησιν,
1028 1666 1182 1721 ὕδατι
1217 1670 1311 1722 καὶ
1340 1669 1492 1742 (toﬁ;
1526 1671 1593 1724 Τί
1616 1672 1674 1726 δὲ
1698 1673 1899 1740 κοινὸν,

322 1753 461 1820 πρὸς
511 1753 712 1819 αὐτοὺς
763 1755 1026 1828 ἐροῦμεν,
1059 1758 1324 1829 ὑγρότητι
1375 1763 1469 1814 καὶ
1523 1762 1693 1816 εἰκόνι
1726 1764 1898 1831 Θεοῦ;

2019 678 2118 719 nos
2176 668 2652 737 respondebimus,
2695 689 2817 727 cum
2878 690 2944 730 ex
3015 679 3169 733 nobis
3215 691 3466 748 quaetuut
3507 701 3613 752 quo

2018 768 2174 825 pacto
2197 760 2288 814 ﬁat
2307 776 2402 829 per
2422 778 2616 830 aquam
2637 769 3127 836 regeneratioJllic
3146 773 3283 827 enim
3305 788 3609 845 promptum
3650 819 3660 843 ,

2015 860 2096 903 est
2128 852 2421 924 unicuique
2450 860 2797 926 respondere,
2828 862 3011 916 divina
3053 869 3254 920 virtute
3283 869 3410 922 illud
3439 872 3612 924 homi-

2015 957 2137 996 nem
2181 945 2319 1012 lieri,
2373 949 2516 1016 quod
2554 950 2794 1020 alioquin
2858 956 3131 1011 inunohile
3184 969 3239 1013 et
3311 961 3462 1016 iners
3515 965 3609 1029 sit,

2013 1034 2121 1090 nisi
2159 1036 2248 1090 illa
2287 1037 2446 1094 adsit.
2497 1040 2862 1106 Quamobrem
2895 1049 2938 1101 si
2981 1047 3092 1102 illic
3141 1066 3242 1104 non
3285 1056 3426 1120 quod
3477 1055 3610 1109 sub-

2009 1125 2211 1194 jectum
2239 1141 2321 1184 est
2355 1131 2627 1188 hominem
2663 1136 2812 1202 facit,
2848 1138 2941 1192 sed
2973 1140 3153 1194 divina
3219 1143 3390 1199 virtus
3423 1146 3474 1198 in
3506 1146 3609 1202 ho-

2013 1210 2172 1264 minis
2193 1222 2438 1267 naturam
2462 1227 2634 1271 mutat
2656 1220 2704 1271 id
2729 1223 2872 1287 quod
2904 1225 3357 1290 ccrnitur,uonue
3379 1245 3608 1284 summa:

2010 1292 2238 1348 inscitia:
2293 1296 2364 1350 sit
2408 1307 2614 1354 tantam
2676 1302 2729 1356 in
2787 1319 2851 1359 ea
2904 1322 2997 1376 rei
3029 1307 3122 1363 Dei
3181 1312 3433 1366 virtutem
3485 1329 3608 1368 esse

2009 1379 2337 1442 conliteri,in
2365 1383 2464 1437 hoc
2479 1393 2657 1440 autem
2676 1389 2922 1443 eumdem
2949 1406 3070 1446 esse
3118 1403 3225 1447 tam
3249 1395 3611 1464 imbecillum,

2011 1469 2069 1514 ut
2095 1464 2240 1532 quod
2267 1467 2381 1520 vult
2435 1468 2657 1538 explere
2684 1486 2790 1526 non
2841 1475 3062 1542 ρος)ξίιῖ
3103 1477 3243 1543 Quid
3292 1493 3605 1548 commune,

2008 1558 2460 1624 inquinnt,habet
2478 1575 2616 1631 aqua
2643 1580 2768 1618 cum
2791 1568 2963 1634 gratia
2989 1568 3236 1636 ?Quibus
3269 1585 3368 1624 nos
3393 1584 3607 1635 contra,

2006 1644 2144 1711 Quid
2172 1647 2330 1702 habet
2382 1665 2672 1708 commune
2700 1655 2994 1712 luttniditas
3027 1673 3152 1714 cum
3190 1660 3424 1731 imagine
3464 1662 3609 1717 Dei?

2004 1738 2212 1793 Acillic
2237 1740 2432 1796 mirum
2473 1759 2581 1798 non
2618 1756 2723 1812 est,
2757 1748 2802 1802 si
2837 1748 2932 1802 Dei
2987 1751 3270 1807 voluntate
3311 1755 3366 1808 in
3402 1755 3608 1811 animat

327 1846 474 1900 Ἀλλ’
503 1847 658 1901 οὐδὲν
688 1850 809 1903 ἐκεῖ
835 1849 896 1904 τὸ
927 1851 1254 1922 παράδοξον,
1280 1855 1349 1920 εί,
1377 1853 1514 1909 Θεοῦ
1547 1829 1893 1927 βουλομένου,

2009 1829 2494 1898 prteclarissimum
2577 1835 2870 1892 humiditas
2922 1851 3309 1899 commutatur.
3398 1845 3465 1900 Et
3510 1848 3603 1902 hic

317 1940 456 2011 πρὸς
480 1939 540 1993 τὸ
569 1942 908 2011 τιμιώτατον
938 1942 1082 2009 ζῶον
1122 1944 1184 1999 τὸ
1235 1947 1406 2018 ὑγρὸν
1445 1948 1788 2017 μεταϐαίνει.
1823 1951 1901 2003 Tb

317 2027 435 2083 ἴσον
463 2029 558 2083 καὶ
592 2031 687 2086 ἐπὶ
711 2031 904 2086 τούτου
937 2035 1144 2104 φαμὲν,
1180 2037 1347 2108 μηδὲν
1377 2032 1521 2091 εἶναι
1551 2037 1894 2108 θαυμαστὸν,

312 2125 361 2174 τι
392 2121 511 2176 θεία
545 2123 830 2193 δυνάμεως
870 2127 1151 2197 παρουσία
1188 2129 1328 2198 πρὸς
1358 2129 1675 2199 ἀφθαρσίαν
1728 2147 1898 2202 μετα-

311 2215 573 2280 σκευάζει
603 2216 662 2270 τὸ
698 2220 757 2271 ἐν
780 2221 848 2290 τῇ
879 2219 1097 2290 φθαρτῇ
1151 2219 1318 2288 φύσει
1369 2222 1688 2290 γενόμενον.
1736 2223 1899 2276 Ἀλλὰ

310 2308 573 2378 ζητοῦσιν
606 2311 886 2376 ἀπόδειξιν
921 2311 1016 2366 τοῦ
1054 2315 1313 2385 παρεῖναι
1339 2315 1400 2367 τὸ
1427 2314 1584 2368 Θεῖον
1610 2316 1704 2368 ἐπὶ
1738 2317 1896 2384 ἁγια-

311 2399 439 2469 σμῷ
471 2401 582 2452 τῶν
613 2402 918 2471 γινομένων
947 2402 1310 2473 καλούμενον.
1361 2405 1423 2457 Ἦ
1447 2405 1767 2475 κατασκευὴ
1798 2405 1895 2458 τοῦ

309 2492 411 2563 τὴν
446 2491 535 2546 διά
568 2493 771 2564 σαρκὸς
801 2497 935 2565 ἡμῖν
968 2497 1334 2567 ἐπιφανεῖσαν
1382 2497 1618 2568 δύναμιν
1675 2497 1896 2569 ἀληθῶς

309 2583 464 2637 θείαν
495 2581 635 2640 εἶναι
668 2585 764 2640 τοῦ
795 2588 1064 2656 παρόντος
1100 2589 1263 2657 λόγου
1317 2590 1622 2662 συνηγορία
1655 2593 1893 2659 γίνεται.

306 2677 626 2747 Δειχθέντος
658 2679 766 2750 γὰρ
797 2679 893 2733 τοῦ
950 2680 1085 2734 Θεὸν
1138 2675 1279 2734 εἶναι
1313 2681 1403 2734 τὸν
1435 2683 1491 2735 ἐν
1519 2683 1688 2751 σαρκὶ
1723 2699 1894 2750 φανε-

307 2771 582 2842 ρωθέντα,
639 2773 735 2826 καὶ
780 2772 868 2826 διὰ
923 2773 1034 2826 τῶν
1089 2775 1396 2844 γινομένων
1451 2773 1752 2842 θαυμάτων
1792 2773 1893 2844 τὴν

305 2866 472 2934 φύσιν
512 2863 709 2918 ἑαυτοῦ
733 2865 1012 2932 δείξαντα,
1052 2865 1453 2938 συναπεδείχθη
1486 2868 1546 2920 τὸ
1590 2869 1704 2930 τοῖς
1741 2884 1896 2940 γινο-

307 2951 496 3017 μένοις
526 2952 786 3016 παρεῖναι
817 2952 980 3005 αὐτὸν
1020 2955 1164 3007 κατά
1195 2956 1374 3008 πάντα
1431 2955 1628 3024 καιρὸν
1663 2956 1895 3026 ἐπικλή-

305 3060 467 3107 σεως.
504 3043 720 3114 Ὠσπερ
745 3051 854 3114 γὰρ
891 3044 1129 3098 ἑκάστου
1165 3044 1275 3098 τῶν
1311 3043 1486 3099 όντων
1523 3045 1643 3099 ἐστι
1673 3063 1757 3109 τις
1796 3047 1894 3100 ίδι-

301 3135 433 3205 ότης
459 3135 494 3204 ἡ
524 3133 624 3207 τὴν
649 3134 810 3204 φύσιν
848 3136 1223 3207 γνωρίζουσα,
1251 3135 1426 3200 οὓτως
1457 3137 1587 3191 ἴδιον
1610 3138 1708 3208 τῆς
1735 3138 1885 3202 θείας
1917 3183 1959 3240 C

303 3227 521 3296 φύσεώς
552 3229 760 3302 ἐστινὴ
789 3229 1040 3300 ἀλήθεια.
1083 3231 1246 3286 Ἀλλὰ
1275 3232 1384 3303 μὴν
1416 3232 1505 3286 ἀεὶ
1539 3235 1886 3302 παρέσεσθαι

300 3321 414 3382 τοῖς
468 3319 927 3389 ἐπικαλουμένοις
966 3321 1328 3393 ἐπήγγελται,
1368 3323 1463 3376 καὶ
1493 3325 1553 3376 ἐν
1593 3325 1748 3395 μέσῳ
1778 3327 1888 3381 τῶν

299 3411 672 3466 πιστευόντων
703 3407 868 3479 εἶναι,
908 3413 1004 3468 καὶ
1037 3415 1096 3465 ὲν
1127 3416 1262 3467 πᾶσι
1297 3417 1506 3484 μένειν,
1539 3417 1636 3469 καὶ
1668 3418 1887 3490 ἑκάστῳ

299 3502 563 3555 συνεῖναι.
650 3502 764 3557 Οὐκ
850 3500 945 3558 οὖν
1004 3505 1201 3575 ἐτέρας
1254 3507 1337 3569 είς
1395 3507 1457 3560 τὸ
1507 3510 1766 3579 παρεῖναι
1825 3511 1887 3562 τὸ

296 3595 456 3648 Θείον
482 3598 594 3659 τοῖς
626 3598 942 3667 γινομένοις
972 3599 1308 3666 ἀποδείξεως
1363 3600 1789 3672 προσδεοίμεθα,
1823 3603 1885 3657 τὸ

298 3680 401 3750 μὲν
432 3681 566 3736 Θεὸν
598 3681 742 3738 εἶναι
770 3685 858 3740 διὰ
892 3686 1001 3739 τῶν
1031 3687 1330 3756 θαυμάτων
1367 3691 1533 3744 αὑτὸν
1580 3703 1884 3747 πεπιστευ-

297 3770 478 3836 κότες,
523 3773 652 3828 ἴδιον
683 3767 766 3829 δὲ’
792 3777 896 3847 τῆς
940 3778 1210 3850 Θεότητος
1259 3782 1321 3835 τὸ
1366 3784 1620 3854 ἀμίκτως
1655 3787 1793 3856 πρὸς
1822 3789 1884 3842 τὸ

292 3863 495 3931 ψεῦδος
526 3867 672 3938 ἔχειν
699 3869 923 3938 εἰδότες,
959 3874 1018 3926 ἐν
1056 3873 1112 3926 δὲ
1142 3875 1220 3946 τῷ
1247 3874 1477 3947 ἀψευδεῖ
1507 3879 1607 3949 τῆς
1646 3881 1883 3954 ὑποσχέ-

294 3975 436 4023 σεως
468 3964 728 4032 παρεῖναι
745 3963 804 4015 τὸ
828 3966 1246 4038 ἐπηγγελμένον
1276 3969 1377 4022 οὐκ
1412 3971 1877 4042 άμφιὸάλλοντες.

340 4090 453 4146 Τοῦ
492 4093 901 4166 Δαμασκηνοῦ
939 4099 1035 4155 ’ἔτι
1067 4104 1203 4172 περὶ
1250 4105 1362 4161 τοῦ
1397 4107 1846 4180 βαπτίσματος.

374 4228 778 4302 Ὀμολογοῦμεν
809 4233 865 4288 δέ
901 4235 960 4288 ἓν
997 4238 1286 4312 βάπτισμα
1318 4247 1398 4310 είς
1449 4247 1646 4318 ἄφεσιν
1698 4253 1884 4326 ἁμαρ-

290 4322 422 4374 τιῶν
445 4325 539 4378 καὶ
569 4327 650 4390 είς
681 4328 827 4400 ζωὴν
855 4329 1095 4388 αἰώνιον.
1113 4335 1187 4388 Τὸ
1217 4345 1326 4409 γάρ
1360 4341 1644 4416 βάπτισμα
1668 4347 1760 4402 τὸν
1785 4322 1879 4402 τοῦ

291 4416 498 4486 Κυρίου
529 4419 759 4475 θάνατον
781 4423 950 4493 δηλοῖ.
976 4426 1416 4501 Συνθαπτόμεθα
1444 4435 1578 4504 γοῦν
1599 4438 1881 4514 τῷΚυρίῷ

287 4509 376 4562 διὰ
401 4511 493 4564 τοῦ
531 4510 933 4586 βαπτίσματος,
958 4516 1032 4582 ὥς
1055 4519 1246 4592 ξφησιν
1270 4527 1297 4578 ό
1332 4526 1478 4599 θεῖος
1525 4509 1877 4598 Ἀπόστολος.
1913 4531 1957 4586 D

289 4601 503 4674 ’Ὥσπερ
528 4600 620 4658 οὖν
668 4607 818 4673 ἅπαξ
847 4609 1105 4683 ἐτελέσθη
1145 4615 1179 4668 ό
1212 4613 1307 4668 τοῦ
1346 4619 1558 4689 Κυρίου
1616 4621 1872 4692 Θάνατος,

287 4692 464 4758 οὕτως
516 4701 609 4749 καὶ
637 4696 788 4763 ἅπαξ
831 4700 913 4754 δεῖ
962 4702 1363 4772 βαπτίζεσθαιο
1420 4710 1790 4781 βαπτίζεσθαι
1815 4717 1874 4771 δὲ

287 4786 431 4838 κατὰ
457 4787 549 4840 τὸν
568 4787 662 4842 τοῦ
693 4791 901 4863 Κυρίου
933 4794 1130 4864 Λόγον,
1164 4801 1245 4863 είς
1270 4802 1330 4854 τὸ
1346 4801 1635 4874 ὃνοματοῦ
1657 4810 1874 4882 Πατρός

288 4878 503 4932 καὶτοῦ
537 4880 696 4947 Υἱοῦ,
729 4885 822 4936 καὶ
850 4884 941 4940 τοῦ
975 4889 1140 4956 ἁγίου
1164 4892 1502 4965 Πνεύματος,
1541 4901 1870 4974 διδασκομέ-

286 4989 410 5037 νους
437 4975 534 5046 τὴν
557 4978 636 5039 είς
655 4977 879 5050 Πατέρα
916 4982 1008 5035 καὶ
1030 4982 1155 5037 Υἱδν
1178 4989 1272 5040 καὶ
1291 4988 1450 5055 ἅγιον
1477 4993 1708 5064 Πνεῦμα
1730 4999 1862 5068 ὀμο-

285 5065 496 5136 λογίαν.
559 5060 717 5124 Ὅσοι
783 5071 964 5126 τοίνυν
1025 5078 1104 5140 εἰς
1155 5079 1400 5152 Πατέρα,
1439 5088 1534 5139 καὶ
1590 5060 1872 5156 Ϋῶνίκαὶ

288 5155 449 5225 ἅγιον
503 5157 728 5232 Πνεῦμα
760 5161 1173 5235 βαπτισθέντες,
1221 5172 1351 5242 μίαν
1378 5173 1544 5244 φύσιν
1584 5180 1686 5250 τῆς
1727 5155 1874 5236 θεό-

287 5265 451 5320 τητος
480 5250 538 5304 ἐν
570 5257 749 5324 τρισὶν
788 5256 1502 5337 ὑποστάσεσιδιδαχθέντες,
1545 5271 1705 5336 αὖθις
1730 5277 1870 5332 άνα-

289 5340 671 5415 ϐαπτίζονται,
694 5364 839 5403 ουτοι
893 5353 1300 5427 ἀνασταυροῦσι
1365 5365 1456 5415 τὸν
1496 5366 1758 5437 Χριστὸν,
1785 5373 1864 5438 ὥς

288 5451 456 5504 φησιν
510 5437 540 5490 ὁ
573 5436 714 5502 θεῖος
768 5439 1112 5512 Ἀπόστολος.
1157 5439 1485 5510 Ἀδύνᾶτον
1531 5436 1645 5530 γὰρ
1708 5436 1852 5533 τούξ

288 5525 456 5617 ᾇπαξ
475 5531 912 5602 φωτισθέντας,
933 5541 1028 5593 καὶ
1060 5542 1130 5596 τὰ
1152 5545 1301 5616 ἑξῆς,
1337 5545 1510 5617 αὖθις
1538 5525 1860 5613 div-attat”:-

285 5615 406 5678 ζειν
432 5621 517 5686 εὶς
540 5624 890 5694 μετάνοιαν,
914 5629 1452 5710 ἀνασταυροῦντας
1485 5645 1723 5717 ἑαυτοῖς
1751 5655 1859 5707 τὸν

2005 1937 2103 1978 nos
2141 1923 2268 1977 item
2325 1925 2558 1982 dicimus
2610 1943 2717 1982 non
2765 1945 2886 1985 esse
2916 1933 3135 1999 mirum,
3172 1936 3215 1990 si
3259 1937 3455 1993 divina:
3491 1941 3604 1994 vir-

2009 2014 2144 2070 tutis
2174 2017 2462 2083 praesentia
2489 2020 2556 2071 ad
2599 2009 3061 2090 incorruptionem
3093 2025 3287 2095 redigit
3318 2029 3371 2092 id
3447 2030 3592 2099 quod

2001 2106 2056 2162 in
2095 2117 2287 2163 natura
2327 2111 2666 2180 corruptibili
2700 2123 2882 2168 natum
2915 2125 3018 2170 est.
3052 2117 3312 2183 Qumrnnt
3372 2136 3592 2178 rursum

2000 2211 2056 2254 ut
2080 2200 2520 2256 demonstremus
2558 2202 2724 2257 Demn
2773 2205 2864 2274 qui
2917 2206 3204 2261 invocatur
3238 2221 3439 2278 pra-sto
3471 2227 3596 2268 esse

1997 2295 2064 2348 ad
2092 2308 2154 2348 ea
2194 2308 2317 2362 qua
2385 2295 2520 2349 tinnt
2561 2297 2974 2352 sanctiﬁcanda.
3045 2297 3458 2370 Respondemus
3525 2307 3596 2360 ad

1999 2387 2101 2440 hoc
2123 2387 2606 2443 demonstrandum
2639 2390 2690 2443 id
2715 2403 2837 2447 esse
2863 2393 3016 2458 satis,
3052 2397 3198 2462 quod
3231 2409 3446 2452 constet
3489 2403 3599 2454 vir-

2001 2489 2167 2534 intem
2219 2495 2341 2550 qua!
2372 2482 2525 2535 nobis
2555 2495 2649 2550 per
2677 2494 2898 2540 carnem
2948 2488 3222 2556 apparuit,
3281 2505 3407 2546 vere
3458 2493 3597 2547 divi-

1999 2587 2124 2627 nam
2154 2587 2295 2628 esse.
2331 2573 2467 2628 Cum
2528 2576 2670 2628 enim
2718 2576 3150 2634 demonstratum
3198 2580 3364 2636 fuerit
3422 2583 3591 2640 Deum

1994 2681 2136 2732 esse,
2175 2667 2268 2736 qui
2301 2668 2354 2720 in
2395 2683 2558 2722 carne
2587 2669 2896 2725 declaratus
2921 2682 3027 2737 est,
3076 2674 3274 2742 quique
3304 2675 3582 2731 miraculis

1995 2757 2293 2814 efﬁciendis
2342 2772 2590 2814 natur-am
2619 2775 2773 2815 suam
2803 2764 3061 2829 ostendit,
3089 2766 3248 2820 simul
3275 2769 3437 2822 etiam
3495 2769 3589 2825 de-

1997 2863 2360 2908 monstratum
2392 2862 2499 2919 est,
2527 2868 2650 2908 enm
2685 2855 2752 2909 iis
2781 2871 2903 2924 qua:
2939 2859 3096 2924 ﬁunt,
3127 2861 3339 2928 adt-sse,
3373 2866 3589 2933 quoties

1997 2947 2303 3001 invOcatur.
2383 2947 2844 3013 Quemadmodum
2928 2953 3073 3006 enim
3145 2953 3370 3024 singulis
3424 2957 3594 3013 rebus

1997 3041 2244 3108 quietiam
2305 3042 2448 3094 inest
2524 3043 2825 3111 proprietas
2877 3058 2999 3113 quae
3055 3058 3301 3099 naturam
3370 3049 3584 3104 illarum

1997 3143 2254 3201 tanquam
2287 3141 2410 3186 nota
2439 3138 2684 3201 quadam
2741 3136 2986 3190 declarat
3017 3137 3119 3205 ita,
3155 3151 3362 3195 natum
3391 3142 3586 3198 dmintr

1995 3227 2208 3295 pr0pria
2245 3234 2324 3281 est
2349 3227 2572 3280 veritas.
2603 3228 2783 3294 Quare
2807 3244 2926 3282 cum
2957 3230 3226 3299 pollicitu~
3251 3248 3282 3289 θ
3304 3245 3342 3301 ι,
3372 3250 3430 3290 se
3456 3251 3584 3291 cum

1993 3319 2276 3375 invocatus
2308 3319 2490 3382 fuerit,
2517 3320 2851 3385 adfuturum,
2874 3330 2928 3377 et
2960 3325 3011 3378 itt
3039 3339 3124 3379 ue
3165 3326 3214 3379 io
3245 3330 3581 3383 credrntium

1992 3427 2133 3477 esse,
2165 3423 2218 3466 et
2253 3413 2304 3465 in
2339 3413 2655 3469 hominibus
2688 3430 2931 3478 manere,
2977 3427 3030 3471 et
3079 3432 3200 3470 cum
3260 3435 3586 3491 unoquoque

1991 3517 2132 3565 esse,
2169 3502 2274 3555 alia
2302 3505 2764 3560 demonstratione
2797 3521 2901 3560 non
2939 3508 3262 3576 indigemus,
3309 3521 3363 3564 ttt
3393 3519 3584 3568 osten-

1991 3594 2180 3649 damus
2217 3595 2382 3650 Dcum
2410 3597 2478 3651 iis
2513 3613 2632 3665 qua:
2660 3609 2996 3669 peraguntur
3028 3602 3244 3668 adesse,
3273 3619 3396 3657 cum
3427 3604 3580 3661 illum

1989 3701 2055 3740 ex
2111 3687 2387 3741 miraculis
2445 3689 2611 3742 Deum
2669 3705 2789 3746 esse
2824 3692 3256 3760 crediderimus,
3295 3699 3581 3766 proprium

1990 3789 2171 3832 autem
2200 3780 2506 3835 Dtvinitatis
2524 3782 2612 3846 sit,
2640 3792 2696 3834 ιιι
2725 3784 2931 3839 nullum
2959 3785 3160 3842 habeat
3183 3789 3574 3845 commercium

1987 3886 2108 3924 cmn
2135 3869 2316 3924 falsita
2346 3887 2400 3937 e,
2423 3880 2479 3925 et
2508 3873 2560 3926 in
2594 3875 2824 3929 veritate
2842 3876 3226 3945 promissionis
3251 3881 3582 3950 consistere,

1987 3961 2128 4031 qttod
2154 3963 2308 4017 nobis
2341 3966 2655 4019 mandatum
2685 3975 2791 4033 est,
2852 3969 3075 4025 minime
3131 3971 3462 4028 dubitemus.

2352 4123 2686 4192 Damasceni,
2709 4132 2832 4185 item
2854 4133 2918 4186 de
2947 4135 3223 4201 baptismo.

2056 4277 2324 4350 Baptismi
2350 4287 2445 4343 vis.
2483 4287 2793 4356 Baptismus
2827 4312 2984 4350 unus.
3029 4297 3346 4356 Necessaria
3387 4305 3454 4359 aa'
3481 4306 3578 4361 θαι

1986 4374 2238 4440 ptismum
2281 4381 2544 4432 invocatio
2569 4383 2866 4440 Trinitatis.
2896 4388 3036 4454 Quid
3090 4395 3234 4448 trina
3275 4397 3578 4456 immersior

1987 4463 2131 4530 Quid
2153 4467 2206 4518 in
2241 4467 2514 4524 Christum
2536 4473 2826 4542 baptizari.
2884 4477 3234 4537 Eucharistia
3280 4497 3327 4540 ct
3383 4487 3563 4558 bapti-

1989 4571 2135 4609 smus
2157 4573 2184 4609 ε
2215 4557 2492 4615 Dominico
2516 4563 2683 4619 latere
2703 4568 3002 4636 ﬂuxerunt.
3031 4573 3344 4642 Baptismus
3373 4557 3572 4648 duplex

1992 4653 2048 4698 ut
2077 4657 2126 4700 et
2156 4647 2338 4705 homo.
2359 4681 2426 4692 —
2447 4651 2566 4707 Jam
2625 4671 2753 4712 vero
2803 4677 2972 4714 unum
3020 4665 3352 4736 baptismum
3399 4675 3450 4726 in
3483 4689 3570 4728 rc-

1986 4739 2300 4795 missionem
2331 4755 2680 4813 peccatorum
2715 4760 2772 4805 et
2803 4752 2857 4806 in.
2889 4755 3050 4810 vitam
3081 4771 3340 4818 aeternam
3401 4767 3580 4822 confi-

1981 4838 2186 4890 temur.
2220 4835 2526 4906 Baptismus
2558 4843 2760 4915 quippe
2813 4860 3044 4904 mortem
3085 4852 3302 4912 Domini
3357 4859 3574 4931 signih-

1987 4934 2076 4978 cat
2107 4925 2148 4979 ³.
2208 4925 2313 4983 Per
2345 4931 2680 5000 baptismum
2715 4940 3019 4998 enim-cum
3075 4945 3310 5005 Omnino
3367 4925 3562 5024 sepeli-

1985 5033 2130 5085 mur,
2165 5028 2221 5074 ttt
2274 5023 2352 5077 ait
2412 5025 2644 5086 divinus
2698 5036 2986 5110 apostolus
3007 5039 3056 5092 ¹.
3085 5023 3568 5108 Quemadmodum

1993 5108 2157 5186 igitur
2206 5112 2474 5174 Dominus
2505 5108 2776 5180 mortuus
2800 5137 2907 5195 est,
2936 5130 3024 5186 sic
3064 5148 3170 5190 nos
3191 5141 3355 5192 etiam
3389 5146 3562 5198 sunset

1977 5201 2253 5278 baptizari
2274 5213 2646 5269 necessarium
2674 5228 2755 5273 est
2777 5234 2799 5286 ;
2829 5221 3126 5292 baptizari,
3145 5227 3400 5300 inquam,
3422 5235 3570 5290 sicut

1982 5307 2013 5345 a
2045 5292 2276 5350 Domino
2299 5301 2500 5356 dictum
2525 5313 2646 5360 ost:
2686 5307 2751 5364 In
2781 5315 2993 5369 nomine
3025 5292 3236 5383 Patris;
3260 5334 3314 5376 et
3341 5322 3492 5391 Filii,
3516 5341 3567 5380 ιι

1983 5381 2216 5452 Spiritus
2271 5394 2447 5467 sancti
2468 5397 2510 5450 ³.
2570 5396 2780 5464 Quibus
2839 5406 3048 5463 scilicet
3080 5412 3279 5477 verbis,
3308 5415 3487 5473 Patris
3512 5431 3572 5474 et

1981 5477 2104 5534 Filii
2167 5492 2221 5536 ct
2269 5483 2508 5556 Spiritus
2558 5497 2760 5562 sancti,
2799 5500 3195 5558 confessionem
3247 5511 3574 5566 odocemur.

1981 5567 2254 5636 Quocirca
2321 5579 2411 5646 qui
2470 5582 2522 5635 in
2576 5583 2792 5642 Patrem
2826 5599 2882 5644 et
2940 5591 3132 5648 Filium
3195 5605 3248 5652 et
3302 5598 3573 5666 Spiritum

1991 5673 2242 5718 sanctum
2298 5667 2585 5739 baptizati.
2641 5693 2914 5751 unamque
2965 5685 3018 5738 in
3079 5687 3251 5745 tribus
3325 5691 3576 5753 Deitatis

361 5815 383 5846 ⁸
410 5813 672 5888 Βοιιιηι,
702 5822 757 5878 4.
835 5828 856 5858 ²
888 5826 1098 5888 Coloss.
1124 5845 1190 5898 ιι,
1222 5833 1312 5891 12.
1389 5838 1410 5870 ³
1438 5837 1630 5900 Matth.
1662 5861 1858 5914 nvut.
1885 5849 1983 5908 ιιι.
