4132 6416
540 404 684 470 1955

1858 394 2234 466 EUTnvull
2282 394 2643 467 ZtGABEXt

3705 400 3844 474 122-6

544 531 798 600 personis
832 542 1087 589 naturam
1125 522 1337 598 edocti,
1375 535 1710 606 baptismum
1762 547 2037 605 repetunt,
2079 539 2138 602 ii,

2247 542 2521 611 Χριστὸν,
2551 543 2651 599 καὶ
2680 530 3351 616 παραδειγματίζοντας.
3385 545 3541 601 Ὀσοι
3564 545 3620 599 δὲ
3657 546 3732 617 μὴ
3759 548 3843 609 εἰς

461 672 467 681 .
544 625 849 678 secundum
906 624 1152 679 divinum
1199 626 1545 697 Apustnlum,
1602 626 1884 681 Christum
1945 645 2141 684 rursus

463 734 472 784 ξ
542 715 910 784 crucifigunt:
947 715 1284 777 [inpossibile
1313 719 1453 771 enim
1498 728 1618 783 est,
1658 718 1864 787 inquit,
1916 736 2003 774 eos
2050 723 2139 787 qui

546 804 702 856 semel
731 805 1027 858 illuminati
1054 817 1202 869 sunt,
1232 816 1365 871 ctc.,
1430 825 1615 863 rursus
1664 808 1732 861 ad
1780 811 2142 875 pa‘nitentiam

546 910 812 955 renovare,
850 898 1213 967 eruci/igentes
1248 900 1439 951 iterum
1690 900 1789 954 sibi
1824 903 1953 966 ipsis
1983 900 2142 954 Chri-

544 993 705 1049 stum,
740 998 787 1039 et
831 990 1063 1042 ostentui
1101 990 1352 1043 habentes
1437 990 1475 1042 '.
1522 992 1589 1043 At
1637 992 1729 1061 qui
1782 991 1834 1045 in
1893 1002 2140 1047 sanctam

547 1074 873 1133 Trinitatem
915 1081 1177 1150 baptizati
1213 1096 1319 1134 non
1358 1089 1510 1146 sunt,
1551 1083 1605 1135 hi
1637 1082 1820 1135 denuo
1858 1084 2141 1152 haptizeu-

548 1178 638 1221 tur
693 1186 920 1225 necesse
977 1180 1083 1226 est.
1128 1172 1242 1228 Etsi
1291 1174 1438 1228 enim
1493 1174 1795 1243 Apostolus
1846 1174 1978 1228 dicit
2028 1173 2143 1229 ειη

544 1258 826 1315 Christum
883 1273 931 1316 et
981 1265 1034 1317 in
1073 1275 1295 1320 mortem
1350 1268 1515 1334 ipsius
1558 1266 1820 1334 baptizati
1854 1284 2035 1321 sumus
2088 1270 2141 1335 ';

549 1370 656 1407 nun
691 1365 874 1410 tamen
911 1358 1017 1413 hoc
1052 1360 1188 1419 vult.
1224 1360 1482 1429 baptismi
1516 1362 1921 1415 invocationem
1962 1377 2027 1415 ex
2060 1361 2143 1417 his

550 1445 733 1499 verbis
760 1455 1029 1503 constare
1060 1449 1285 1515 debere,
1328 1466 1518 1505 verum
1553 1452 1655 1505 hoc
1686 1452 1933 1512 demum,
1966 1452 2145 1521 bapti-

551 1553 728 1591 smum
783 1541 978 1595 mortis
1007 1541 1214 1597 Christi
1250 1544 1478 1613 ﬁguram
1512 1544 1794 1613 praferre.
1833 1544 2145 1614 Baptisniu‘s

550 1630 821 1699 siquidem
862 1634 953 1702 qui
987 1634 1129 1688 trina
1164 1635 1518 1691 immersionc
1562 1637 1856 1707 peragitur,
1891 1646 2002 1692 tres
2029 1638 2146 1694 dies

551 1722 849 1793 signiﬁcat,
902 1725 1104 1794 quibus
1164 1725 1431 1781 Dominus
1475 1729 1691 1782 tumqu
1753 1730 2010 1785 conditus
2061 1730 2148 1799 ja-

552 1815 684 1865 Cuil-

551 1904 697 1958 aliud
747 1906 976 1973 indicat,
1030 1924 1197 1979 quam
1233 1910 1288 1963 in
1322 1910 1478 1963 illum
1530 1911 1809 1966 credendo
1861 1913 2147 1968 salutifera

551 2012 695 2066 aqua
723 1999 881 2069 tingi.
912 1999 1057 2055 Fieri
1092 2016 1198 2055 non
1253 2011 1438 2071 potest
1470 2004 1609 2057 utin
1641 2004 1919 2060 Christum
1952 2008 2147 2062 credas

552 2103 696 2154 mus,
737 2090 848 2146 nisi
890 2091 1069 2148 Patris
1099 2102 1153 2148 et
1182 2091 1309 2148 Filii
1355 2103 1411 2149 et
1442 2094 1686 2166 Spiritus
1721 2098 1897 2153 sancti
1927 2099 2147 2153 confes-

552 2182 711 2237 sione
762 2184 960 2239 imbuti
1007 2186 1208 2241 simus.
1352 2188 1608 2244 Christus
1642 2191 1788 2244 enim
1839 2201 1924 2246 est
1974 2190 2149 2248 Filius

554 2271 647 2327 Dei
688 2274 797 2327 vivi
853 2278 900 2343 ⁸,
942 2292 1106 2347 quem
1158 2277 1321 2335 Pater
1372 2282 1530 2335 unxit
1588 2282 1799 2353 Spiritu
1854 2293 2051 2339 sancto
2100 2289 2147 2350 ⁸,

552 2364 1019 2433 quemadmodum
1051 2370 1130 2422 ait
1156 2370 1383 2427 divinus
1423 2372 1592 2428 David
1622 2392 1634 2427 :
1673 2374 1962 2444 Propterea
1994 2376 2149 2429 unxit

554 2467 601 2511 te
638 2457 797 2526 Deus,
858 2459 998 2515 Deus
1048 2471 1193 2527 tuus,
1240 2465 1355 2520 oleo
1395 2465 1598 2521 laetitia
1648 2484 1760 2537 pra:
1814 2467 2149 2523 consortibus

554 2549 658 2602 tuis
690 2550 712 2582 ⁸
744 2593 757 2605 .
794 2550 966 2608 Isaias
998 2569 1219 2625 quoque
1247 2572 1312 2611 ex
1348 2556 1562 2613 Domini
1605 2574 1840 2629 persona
1873 2561 2106 2631 loquens
2132 2578 2147 2617 :

552 2639 787 2710 Spiritus
842 2644 1062 2700 Domini
1117 2664 1274 2715 super
1334 2666 1456 2715 me,
1522 2662 1738 2720 propter
1792 2653 1933 2722 quod
1990 2655 2144 2709 unxit

549 2744 635 2785 me
698 2730 737 2786 ‘.
773 2732 1066 2791 Enimvero
1112 2753 1367 2808 quaenam
1414 2741 1709 2795 verborum
1759 2741 1935 2797 forma
1983 2744 2143 2797 adbi-

550 2818 734 2877 bcnda
787 2835 958 2891 esset,
1016 2825 1285 2885 Dominus
1338 2831 1634 2901 discipulis
1678 2834 1795 2888 suis
1842 2836 2142 2905 exposuit:

555 2912 898 2982 Baptizantes
932 2935 1044 2982 eos,
1069 2920 1346 2990 inquiens,
1380 2924 1435 2976 in
1467 2925 1685 2977 nomine
1726 2923 1911 2979 Patris
1938 2937 1987 2979 et
2021 2923 2150 2981 Filii

551 3014 601 3057 et
652 3005 887 3075 Spiritus
912 3012 1087 3064 sancti
1146 3012 1188 3067 '.
1224 3011 1493 3080 Quoniam
1531 3015 1678 3069 enim
1716 3015 2153 3073 immortalitatis

550 3104 958 3175 consequentia}
981 3118 1149 3160 causa
1184 3120 1285 3160 nos
1309 3102 1452 3159 Deus
1475 3102 1800 3158 condiderat
1835 3118 1853 3169 ;
1944 3104 2148 3160 violato

2241 634 2340 704 τὴν
2391 635 2554 703 ἁγίαν
2589 636 2798 707 Τριάδα
2850 637 3288 708 ἐϐαπτίσθησαν,
3321 637 3550 703 τούτους
3579 639 3660 692 δεῖ
3705 640 3842 692 ἁνα-

2243 723 2629 790 6απτίζεσθαι.
2668 729 2728 780 Εἰ
2773 728 2882 799 γὰρ
2927 728 3023 782 καί
3059 746 3226 799 φησιν
3264 729 3456 792 ὁθεῖος
3494 730 3843 795 Ἀπόστολοε,

2243 816 2325 868 ὅτι
2358 819 2464 883 Εἰς
2497 817 2760 886 Χριστὸν
2786 820 2882 874 καί
2931 822 3018 886 εἰς
3056 820 3167 873 τὸν
3206 819 3468 876 θάνατον
3498 819 3685 873 αὐτοῦ
3708 820 3843 873 ἐσα-

2244 911 2603 979 ἐιτίσθημεν,
2629 911 2728 982 οὐχ
2750 909 2897 965 οὕτω
2925 911 3034 965 δείν
3081 912 3331 980 γίνεσθαί
3358 930 3490 983 φησι
3524 912 3620 965 τοῦ
3644 912 3847 982 βαπτίδ

2246 1019 2456 1074 σματος
2512 1004 2612 1072 τὴν
2657 1003 2987 1075 ἐπίκλησιν,
3023 1003 3140 1056 ἀλλ’
3182 1004 3264 1057 ὅτι
3314 1003 3485 1068 τύπος
3526 1004 3621 1057 τοῦ
3680 1003 3851 1056 θανά-

2242 1113 2338 1147 του
2392 1095 2487 1149 τοῦ
2529 1095 2769 1165 Χριστοῦ
2798 1098 2914 1149 ἐστι
2970 1097 3031 1148 τδ
3078 1096 3387 1166 βάπτισμα.
3445 1095 3544 1147 Διὰ
3586 1112 3694 1164 γαρ
3738 1094 3849 1147 τῶν

2244 1187 2411 1256 τριῶν
2582 1185 2974 1247 καταδύσεων,
3016 1185 3113 1247 τὰς
3142 1186 3291 1255 τρεῖς
3340 1184 3556 1256 ἡμέρας
3601 1182 3701 1253 τῆς
3745 1182 3847 1236 τοῦ

2248 1281 2454 1351 Κυρίου
2511 1280 2687 1351 ταφῆς
2751 1280 3007 1351 σημαίνει
3052 1280 3113 1333 τὸ
3170 1279 3473 1350 βάπτισμα.
3510 1279 3582 1332 Τὸ
3624 1275 3721 1332 οὖν
3764 1281 3851 1340 εἰς

2247 1372 2483 1443 Χριστὸν
2510 1372 2879 1442 βαπτισθῆναι
2905 1372 3074 1440 δηλοῖ,
3096 1371 3158 1424 τὸ
3193 1370 3553 1435 πιστεύοντας
3577 1373 3657 1435 είς
3683 1371 3850 1424 αὑτὸν

2248 1462 2628 1535 βαπτίζεσθαι.
2674 1463 2966 1517 Ἀδύνατον
3019 1464 3076 1517 δὲ
3113 1467 3195 1528 εἰς
3244 1464 3478 1535 Χριστὸν
3526 1465 3848 1530 πιστεῦσαι,

2249 1558 2324 1627 μὴ
2354 1558 2700 1627 διδαχθέντας
2733 1557 2829 1628 τὴν
2864 1560 2945 1621 εἰς
2980 1558 3202 1629 Πατέρα
3249 1558 3342 1611 καὶ
3376 1558 3508 1610 Υἰὸν
3554 1559 3648 1612 καὶ
3689 1560 3850 1627 ἆγιον

2246 1647 2472 1718 Πνεῦμα
2527 1649 2839 1718 ὁμολογίαν.
2885 1649 3119 1720 Χριστὸς
3156 1649 3265 1720 γάρ
3300 1651 3449 1703 ἐστιν
3497 1652 3526 1704 ὁ
3572 1651 3699 1714 Υἱὸς
3750 1649 3849 1704 τοῦ

2244 1742 2383 1796 Θεοῦ
2412 1741 2507 1795 τοῦ
2540 1741 2767 1806 ζῶντος,
2802 1741 2861 1794 ὃν
2889 1740 3108 1811 ἔχρισεν
3130 1742 3157 1793 ὁ
3190 1742 3382 1814 Πατὴρ
3408 1741 3487 1812 τῷ
3516 1743 3657 1813 ἁγίῳ
3674 1742 3853 1795 Πνεῦ-

808 1814 991 1880 Quarc
1024 1817 1077 1868 in
1120 1817 1407 1871 Christum
1462 1818 1795 1888 baptizatum
1844 1836 1967 1875 esse
2011 1821 2143 1874 nihil

2249 1850 2401 1904 ματι,
2441 1830 2517 1894 ὣς
2548 1849 2714 1902 φησιν
2740 1833 2769 1885 ὁ
2801 1832 2946 1896 θεῖος
2972 1833 3136 1885 Δαϐίδ
3159 1849 3172 1863 ⁸
3194 1835 3296 1888 Διὰ
3329 1833 3503 1887 τοῦτο
3538 1832 3748 1903 ἕχρισέ
3773 1848 3853 1886 σε

2247 1926 2280 1977 ό
2311 1923 2492 1990 Θεὸς.
2525 1926 2557 1977 ὁ
2614 1925 2759 1989 Geor;
2804 1938 2924 1976 σου
2980 1921 3189 1978 ἔλαιον
3236 1923 3657 1994 ἀγαλλιάσεως
3689 1926 3855 1993 παρὰ

2247 2014 2389 2080 τοὺς
2412 2015 2712 2084 μετόχους
2741 2032 2880 2069 σου.
2918 2017 3027 2070 Καὶ
3067 2017 3294 2081 Ἡσαΐας
3318 2017 3382 2070 ἐκ
3423 2016 3720 2088 προσώπου
3752 2016 3853 2070 τοῦ

2248 2106 2457 2175 Κυρίου
2481 2124 2495 2138 ο
2523 2105 2769 2175 Πνεῦμα
2798 2108 3017 2176 Κυρίου
3050 2108 3141 2161 ἐπ’
3174 2108 3299 2177 ἐμὲ,
3318 2103 3390 2164 οὗ
3413 2108 3622 2163 ἕνεκεν
3640 2108 3855 2177 ἕχρισέ

2243 2217 2339 2270 με.
2392 2202 2504 2271 Τὴν
2534 2201 2718 2271 μέντοι
2748 2201 3042 2274 ἐπίκλησιν
3084 2204 3212 2267 τοὺς
3254 2204 3491 2268 οἰκείους
3540 2206 3789 2277 μαθητὰς
3823 2208 3853 2257 ὁ

2248 2293 2454 2363 Κύριος
2486 2293 2755 2348 διδάσκων
2806 2293 2961 2363 ἔλεγε
2990 2311 3004 2324 ο
3038 2292 3432 2362 Βαπτίζοντες
3489 2296 3718 2361 αὐτοὺς
3761 2298 3853 2363 εἰς

2248 2384 2316 2440 τὸ
2351 2385 2545 2455 ὄνομα
2575 2386 2682 2439 τοῦ
2710 2386 2937 2455 Πατρός
2965 2387 3063 2441 καί
3094 2386 3204 2442 τοῦ
3233 2388 3369 2441 Υἰοῦ
3404 2388 3500 2441 καί
3537 2388 3643 2442 τοῦ
3673 2389 3852 2457 ἀνίοι)

2252 2476 2619 2545 Πνεύματος.
2652 2476 2873 2547 Ἐπειδὴ
2904 2477 3014 2550 γὰρ
3040 2478 3128 2532 ἔπ’
3149 2478 3463 2551 ἀφθαρσίαν
3486 2472 3512 2519 ⁸
3545 2480 3853 2551 πεποίηκεν

2250 2562 2397 2637 ἡμᾶς
2422 2567 2449 2618 ὁ
2474 2565 2628 2630 Θεὸς,
2660 2566 3019 2637 παραϐάντας
3053 2566 3111 2621 δὲ
3139 2568 3241 2639 τὴν
3269 2568 3536 2639 σωτήριον
3571 2567 3737 2620 αὐτοῦ
3764 2570 3854 2620 ὲν-

2254 2656 2433 2728 τολὴν,
2465 2654 2641 2728 φθορᾷ
2667 2657 2903 2711 θανάτου
2932 2658 3319 2719 κατεδίκασεν,
3341 2657 3430 2710 ἴνα
3468 2658 3542 2728 μὴ
3581 2658 3855 2712 ἀθάνατον

2246 2743 2281 2823 ᾖ
2303 2747 2364 2800 τὸ
2404 2746 2596 2811 κακὸν,
2620 2748 2970 2815 συγκαταϐὰς
2994 2747 3051 2800 δὲ
3081 2750 3192 2811 τοῖς
3224 2747 3453 2810 δούλοις,
3480 2747 3554 2809 ὠς
3577 2744 3854 2815 εὔσπλαγ-

2252 2855 2413 2910 χνος,
2444 2839 2539 2891 καί⁵
2582 2838 2703 2892 καθ’
2746 2840 2897 2908 ἡμᾶς
2937 2839 2995 2892 δὲ
3018 2840 3045 2875 δ
3072 2837 3336 2907 γεγονὼς,
3364 2838 3464 2909 τῆς
3515 2837 3723 2908 φθορᾶς
3762 2837 3855 2891 διὰ

2253 2928 2349 2981 τοῦ
2382 2928 2515 2981 ἰδίου
2545 2927 2752 2992 πάθους
2779 2927 3127 2999 ἐλυτρώσατο
3150 2943 3162 2956 ⁵
3196 2929 3477 2999 ἰπήγασεν
3505 2928 3638 2999 ἡμῖν
3667 2930 3732 2981 ἐκ
3751 2928 3855 2998 τῆς

2260 3018 2421 3087 ἁγίας
2451 3018 2546 3072 καὶ
2574 3021 2852 3090 ἁχρὰντου
2880 3018 3047 3073 αὑτοῦ
3079 3019 3323 3092 πλευρᾶς
3352 3018 3536 3089 πηγὴν
3564 3018 3818 3088 ἀφέσεως
3839 3035 3854 3050 ⁸

2255 3104 2400 3175 ὓδωρ
2445 3104 2546 3175 μιν
2594 3107 2675 3169 εἰς
2726 3107 3095 3179 ἁναγέννησιν
3145 3106 3242 3160 καί⁵
3296 3105 3587 3160 ὲπίκλυσιν
3636 3105 3735 3173 τῆς
3794 3118 3853 3156 τε

552 3206 734 3251 autem
761 3197 883 3265 ejus
911 3206 1205 3266 praecepto,
1239 3196 1434 3252 mortis
1467 3196 1609 3261 labe,
1648 3212 1712 3250 ne
1744 3203 2069 3265 perpetuum
2093 3206 2143 3252 et

2254 3195 2533 3266 ἁμαρτίας
2587 3197 2682 3251 καὶ
2736 3199 2838 3269 τῆς
2891 3198 3134 3272 φθορᾶςν
3180 3193 3321 3267 αἷμα
3362 3196 3442 3261 δὲ,
3480 3197 3640 3249 πότον
3694 3194 3851 3266 ζωῆς

551 3287 870 3343 immortale
899 3288 1104 3341 mal-um
1140 3297 1309 3347 esset,
1339 3302 1440 3342 nos
1475 3288 1603 3342 item
1652 3287 2019 3354 multaverat;
2065 3288 2147 3342 id.

549 3377 704 3434 circo
750 3393 849 3448 pro
889 3393 988 3433 sua
1041 3378 1381 3447 indulgentia
1433 3393 1555 3433 sese
1604 3378 1781 3433 servis
1826 3378 2143 3442 inclinans,

549 3468 834 3539 nostrique
872 3468 1073 3524 similis
1101 3466 1349 3532 effectus,
1384 3469 1653 3538 passione
1684 3483 1785 3525 sua
1825 3482 1926 3523 nos
1960 3483 1991 3521 a
2023 3482 2146 3522 cor-

548 3562 805 3631 ruptione
841 3560 1170 3622 vindicavit,
1217 3569 1272 3613 et
1308 3574 1375 3614 ex
1429 3568 1625 3615 sancto
1678 3568 1733 3615 et
1791 3559 2146 3614 innnaculato

548 3668 652 3708 suo
692 3652 865 3708 latere
910 3653 1084 3708 venia:
1130 3651 1341 3705 fontem
1393 3652 1554 3706 nobis
1591 3652 1776 3707 emisit
1835 3658 1855 3687 ⁸
1891 3671 1904 3707 :
1941 3666 2141 3720 aquam

550 3745 761 3801 scilicet
789 3744 856 3798 ad
890 3744 1397 3814 regenerationem,
1439 3758 1653 3798 necnon
1687 3743 1898 3812 peccati
1933 3752 1988 3796 et
2019 3757 2145 3796 coro

552 3837 782 3907 ruptela:
829 3836 1263 3897 abstersionem:
1301 3836 1627 3905 sanguinem
1664 3849 1792 3889 vero
1844 3835 1896 3887 in
1952 3842 2140 3904 putum

552 3930 646 3999 qui
689 3928 858 3983 vitam
888 3936 1149 3983 attentam
1198 3936 1540 3997 procuraret.
1579 3926 1723 3993 Quin
1772 3928 1876 3982 hoc
1917 3942 2140 3997 quoque

549 4019 834 4073 mandavit
870 4019 1050 4082 nobis,
1088 4028 1148 4073 ut
1208 4036 1304 4090 per
1350 4034 1549 4089 aquam
1582 4029 1636 4073 et
1677 4018 1943 4089 Spiritum
1989 4032 2139 4085 rege-

546 4124 874 4166 neraremur
927 4113 973 4174 ’,
1004 4109 1212 4182 Spiritu
1245 4121 1439 4166 sancto
1469 4111 1537 4166 ad
1571 4126 1770 4181 aquam
1820 4109 2138 4171 accedente,

544 4213 644 4270 per
679 4202 907 4256 verbum
943 4208 998 4256 et
1033 4202 1364 4257 orationem.
1502 4202 1636 4255 Nam
1672 4202 1935 4270 quoniam
1978 4199 2141 4251 homo

545 4291 751 4361 duplici
781 4298 979 4349 natura
1007 4300 1248 4356 constat,
1288 4294 1470 4347 anima
1514 4292 1729 4347 scilicet
1779 4297 1836 4345 et
1881 4303 2137 4360 corpore.

2254 3286 2428 3339 ἀϊδίου
2461 3286 2740 3358 πρόξενον.
2789 3289 3043 3354 Ἐντολὰς
3071 3289 3128 3344 δὲ
3166 3291 3300 3361 ἡμῖν
3327 3288 3528 3342 δέδωκε
3556 3286 3623 3340 δι’
3656 3283 3853 3350 ὓδατος

2254 3378 2660 3447 ἁναγεννᾶσθαι
2683 3382 2779 3435 καί
2808 3382 3150 3453 Πνεύματος,
3179 3382 3246 3435 δι’
3277 3380 3572 3444 ἐντεύξεως
3606 3378 3704 3432 καὶ
3729 3378 3850 3431 ἐπι-

2256 3466 2528 3539 κλήσεως,
2563 3471 2643 3542 τῷ
2680 3471 2835 3526 ὕδατι
2886 3473 3277 3543 ὲπιφοιτῶντος
3332 3471 3426 3526 τοῦ
3462 3472 3623 3541 ἁγίου
3673 3470 3845 3524 Ilvati-

2257 3578 2451 3633 ματος.
2503 3565 2725 3637 Ἐπειδὴ
2751 3566 2860 3637 γὰρ
2901 3565 3124 3629 διπλοῦς
3150 3568 3179 3619 ὁ
3207 3564 3516 3636 ἄνθρωπος,
3548 3564 3614 3616 ὲκ
3666 3560 3852 3632 ψυχῆς

2254 3665 2313 3705 τε
2344 3652 2440 3705 καί
2481 3652 2758 3724 σώματος,
2783 3655 2981 3726 διπλῆν
3024 3657 3158 3727 ἡμῖν
3188 3654 3358 3708 ἔδωκε
3388 3654 3485 3706 καὶ
3517 3651 3614 3723 τὴν
3638 3652 3851 3721 κὰθαρ⁴

2256 3760 2362 3808 σιν,
2412 3741 2478 3797 δι’
2514 3742 2708 3810 ὕδατός
2760 3763 2820 3799 τε
2868 3747 2963 3800 καὶ
3014 3742 3492 3818 Πνεύματος·τοῠ
3547 3743 3647 3812 μὲν
3670 3742 3849 3794 Πνεῦ-

2256 3851 2447 3903 ματος,
2487 3837 2549 3888 τὸ
2593 3839 2715 3891 κατ’
2756 3839 2942 3892 εἰκόνα
2997 3840 3091 3891 καὶ
3134 3837 3258 3893 καθ’
3304 3836 3565 3907 ὁμοίωσιν
3602 3835 3661 3887 ἐν
3713 3835 3852 3904 ἡμῖν

2257 3925 2725 3991 ἁνακαινίζοντος,
2758 3928 2854 3982 τοῦ
2876 3929 2934 3982 δὲ
2966 3929 3180 3994 ὓδατος,
3211 3929 3301 3983 διὰ
3332 3928 3433 3998 τῆς
3462 3925 3553 3979 τοῦ
3595 3925 3849 3994 Πνεύμα-

2255 4031 2347 4080 τος
2374 4017 2599 4087 χάριτος
2635 4020 2994 4090 καθαίροντος
3018 4021 3079 4076 τὺ
3111 4021 3272 4091 σῶμα
3292 4019 3394 4089 τῆς
3422 4016 3722 4089 ἁμαρτίας,
3749 4018 3848 4069 καὶ

2250 4108 2349 4177 τῆς
2405 4108 2614 4179 φθορᾶς
2642 4111 3084 4176 ἁπαλλάττοντος
3108 4151 3125 4178 ,
3151 4112 3249 4165 καὶ
3297 4112 3398 4180 τὴν
3451 4109 3547 4163 τοῦ
3598 4108 3843 4162 θανάτου

2251 4196 2437 4249 εἰκόνα
2486 4198 2890 4269 ὲκπληροῦντος
2922 4200 3015 4254 τοῦ
3052 4201 3266 4266 ὓδατος,
3308 4200 3401 4256 τὸν
3439 4202 3496 4255 δὲ
3535 4201 3635 4271 τῆς
3686 4200 3841 4271 ζωῆς

2250 4285 2552 4359 ἀρραϐῶνα
2577 4289 2957 4361 παρεχομένου
2993 4291 3087 4346 τοῦ
3118 4293 3259 4347 Πνεύ
3269 4310 3459 4364 ματος.

553 4393 824 4463 duplicem
885 4390 1113 4461 proinde
1170 4389 1330 4445 nobis
1401 4382 1786 4455 purgationem
1847 4381 2015 4445 dedit,
2081 4395 2178 4450 per
2235 4394 2430 4451 aquam
2485 4380 2743 4438 nimirum
2798 4391 2855 4439 et
2912 4381 3323 4455 Spiritum:sic
3371 4394 3564 4451 nempe
3614 4388 3673 4433 ut
3700 4379 3828 4451 Spi-

556 4491 695 4547 ritus
745 4490 942 4543 divina:
995 4486 1252 4550 imaginis
1302 4481 1783 4550 similitudinisque
1835 4480 2011 4535 decus
2061 4479 2116 4534 in
2178 4480 2337 4535 nobis
2364 4481 2719 4547 instauraret,
2753 4490 2891 4551 aqua
2930 4497 3059 4537 vero
3110 4498 3205 4553 per
3243 4480 3478 4552 Spiritus
3523 4480 3753 4552 gratiam
3796 4497 3827 4536 ει

554 4592 779 4653 peccato
818 4596 1019 4651 corpus
1053 4583 1365 4645 mandaret,
1395 4588 1563 4647 atque
1595 4592 1623 4631 a
1661 4577 2015 4646 corruptione
2045 4575 2275 4630 liberum
2327 4575 2600 4638 redderet,
2652 4592 2792 4645 aqua
2818 4577 3035 4647 quidem
3094 4576 3286 4631 mortis
3331 4575 3686 4632 simulacrum
3723 4588 3827 4629 ex-

460 4710 467 4715 ι
552 4677 843 4748 primente,
883 4672 1089 4745 Spiritu
1117 4658 1294 4730 autem
1334 4676 1459 4728 vita:
1491 4673 1689 4743 pignus
1735 4680 1789 4729 et
1827 4671 2194 4726 arrhabonem
2230 4670 2520 4737 largiente.

623 4771 789 4836 Aquae
814 4768 885 4821 vis
916 4769 1249 4835 purgatoria.
1284 4796 1350 4806 ——
1381 4763 1596 4818 Etenim
1643 4780 1674 4819 a
1702 4765 1974 4836 principio
2006 4763 2128 4830 Spi-

2301 4761 2424 4813 Ἀπ’
2454 4760 2627 4832 ἀρχῆς
2652 4760 2759 4831 γὰρ
2783 4760 3031 4829 Πνεῦμα
3057 4761 3204 4814 Θεοῦ
3226 4759 3349 4827 τοῖς
3370 4758 3590 4814 ὕδασιν
3607 4758 3825 4830 ἐπεφέο

554 4860 687 4912 ritus
734 4857 945 4915 Domini
996 4858 1268 4928 ferebatur
1316 4871 1474 4924 super
1517 4871 1684 4925 aquas
1732 4852 1810 4912 ":
1882 4855 2014 4925 quin
2078 4862 2132 4907 et

554 4945 1048 5005 lustrandivirtute
1076 4950 1356 5019 praeditam
1390 4963 1510 5002 esse
1578 4962 1776 5016 aquam
1844 4946 2131 5015 Scriptura

549 5036 661 5111 jam
698 5042 826 5096 olim
876 5051 1221 5096 contesmtur
1273 5042 1342 5097 υ.
1398 5039 1510 5096 Noe
1574 5038 1919 5108 temporibus
1990 5037 2132 5091 Deus

553 5133 740 5188 mundi
815 5145 1097 5201 peccatum
1179 5148 1275 5203 per
1357 5149 1556 5202 aquam
1639 5129 1776 5186 eluit
1878 5124 1943 5183 ".
2032 5126 2133 5180 Per

553 5239 750 5294 aquam
780 5225 1024 5295 quisquis
1073 5225 1384 5279 immundus
1433 5232 1571 5289 erat,
1615 5222 1733 5291 lege
1762 5218 2134 5289 prtecipiente,

553 5316 941 5379 mundabatur,
975 5327 1028 5371 et
1080 5319 1152 5370 ita
1188 5317 1407 5385 quidem
1441 5324 1500 5369 ut
1522 5325 1575 5370 et
1606 5315 1735 5384 ipsa:
1775 5322 1954 5368 vestes
1987 5325 2128 5381 aqua

551 5415 739 5463 essent
771 5406 1078 5462 abluendte.
1112 5407 1255 5461 Elius
1299 5405 1537 5475 Spiritus
1577 5408 1805 5476 gratiam
1838 5403 2127 5456 admistam

555 5499 715 5566 squis
750 5498 1013 5565 ostendit,
1040 5507 1150 5551 tum
1184 5498 1439 5551 nimirum
1462 5513 1584 5549 cum
1611 5496 1993 5550 holocaustum
2025 5493 2127 5548 ad-

562 5589 734 5643 hibita
765 5604 906 5660 aqua
938 5591 1197 5645 cremavit
1217 5590 1280 5645 “.
1312 5589 1561 5657 Pcncque
1600 5589 1781 5643 omnia
1823 5588 2123 5644 secundum

632 5769 649 5800 ¹
684 5770 853 5825 Hebr.
885 5784 958 5824 Iv.
1016 5768 1070 5824 6.
1148 5771 1168 5801 ¹
1206 5768 1362 5825 Rom.
1417 5784 1490 5828 vi.
1546 5769 1599 5823 ’5.

564 5838 587 5875 τ
620 5839 813 5897 Matth.
856 5855 1047 5904 xxviii,
1090 5840 1177 5895 i9.
1243 5841 1263 5872 ⁸
1290 5839 1449 5895 Joan.
1479 5856 1592 5907 xix,
1637 5839 1726 5893 56.
1804 5841 1825 5871 ’
1865 5833 2024 5893 Joau.
2063 5852 2143 5905 Ill,
2179 5834 2233 5890 5.

568 5907 612 5940 "
649 5909 667 5963 Ι
699 5908 833 5979 Reg.
872 5924 1029 5978 svnt,
1072 5912 1160 5965 52.

2235 4868 2401 4922 pst0°
2434 4853 2530 4905 καὶ
2566 4852 2775 4906 ἄνωθεν
2814 4854 2846 4923 ἡ
2878 4852 3070 4923 Γραφὴ
3107 4852 3379 4923 μαρτυρεῖ
3409 4850 3485 4921 τῷ
3540 4852 3718 4916 ὕδατι,
3747 4851 3825 4914 ῶς

2241 4947 2357 4997 ὲστι
2396 4947 2645 5016 καθαρτή
2659 4964 2793 5017 ριον.
2825 4945 2955 4999 Ἐπὶ
3012 4944 3134 4997 Νῶε
3169 4943 3237 4996 δι’
3260 4943 3455 5008 ὓδατος
3487 4944 3515 4995 ὁ
3552 4944 3687 5007 Θεὸς
3718 4942 3817 5014 τὴν

2242 5036 2519 5104 κοσμικὴν
2545 5037 2822 5107 ἁμαρτίαν
2855 5037 3182 5090 κατέκλυσε.
3218 5035 3299 5088 Δι’
3322 5036 3508 5099 ὓδατδς
3538 5036 3646 5096 πᾶς
3675 5035 3823 5088 ἁκὰ-

2239 5125 2440 5195 θαρτος
2472 5127 2613 5179 κατὰ
2634 5127 2725 5179 τὸν
2748 5127 2912 5194 νόμον
2937 5126 3170 5195 καθαίρει
3184 5143 3299 5187 ται.
3328 5127 3422 5179 καί⁵
3472 5126 3654 5179 αὐτῶν
3700 5124 3813 5177 τῶν

2243 5218 2483 5285 ἱματίων
2512 5219 2866 5287 πλυνομένων
2914 5218 2991 5287 τῷ
3028 5216 3208 5281 ὕδατι,
3249 5217 3454 5282 ἔδειξεν
3504 5214 3692 5279 Ἠλίας
3720 5216 3825 5284 τὴν

2234 5308 2397 5378 χάριν
2413 5308 2846 5378 τοῦιῐινεύματος
2872 5310 3336 5381 συμμεμιγμένην
3358 5310 3436 5379 τῷ
3460 5308 3631 5370 ὕδατι,
3660 5305 3820 5361 ὕδατι

2240 5400 2444 5469 φλέξας
2475 5402 2573 5471 τὴν
2622 5401 3017 5456 ὁλοκαύτωσιν.
3066 5404 3175 5456 Καὶ
3209 5403 3396 5472 σχεδὸν
3422 5402 3641 5455 ἂπαννα
3673 5399 3826 5453 κατὰ

2238 5491 2333 5545 τὸν
2364 5492 2529 5558 νόμον
2564 5489 2718 5544 ὕδατι
2759 5488 3143 5561 καθαρίζεται·
3201 5490 3270 5543 τὰ
3300 5491 3411 5560 γὰρ
3433 5489 3630 5559 ὁρατὰ,
3670 5486 3823 5556 σύμ-

2238 5584 2369 5638 σολα
2419 5584 2527 5637 τῶν
2572 5584 3091 5655 νοουμένωνρεισίν·
3143 5584 3178 5654 ἠ
3228 5583 3413 5653 μέντοι
3452 5578 3822 5649 ἁναγέννησις

1677 5768 1698 5800 ³
1757 5766 1944 5821 Matth.
1985 5781 2093 5827 xvt,
2141 5786 2143 5796 λ

2309 5765 2329 5796 ⁵
2361 5764 2478 5818 Act.
2540 5779 2595 5828 κ,
2630 5763 2720 5817 58.
2797 5762 2818 5793 ⁸
2848 5759 2993 5817 Psal.
3026 5776 3177 5826 κων,
3225 5760 3278 5814 '5.
3357 5758 3378 5790 ‘
3424 5758 3526 5813 lsa.
3584 5774 3695 5821 ut,
3726 5754 3825 5811 Η.

2319 5836 2361 5867 ⁸⁸
2396 5834 2531 5891 Gen.
2566 5851 2603 5899 ι,
2630 5834 2685 5886 2.
2768 5834 2804 5865 ⁸·
2846 5834 3019 5889 Levit.
3056 5848 3144 5898 xv,
3184 5831 3267 5886 10.
3347 5832 3390 5862 "
3426 5828 3563 5884 Gen.
3619 5844 3694 5893 vi,
3728 5828 3825 5884 t7.
