4132 6402
495 370 630 434 1259

1730 370 2108 434 ΕΠΤΠῩΜΙΙ
2145 369 2507 433 ZlGABENI

3605 373 3744 441 1260

491 490 672 546 bimini
701 487 904 559 Spiritu
928 496 1111 543 sancto
1138 497 1185 541 et
1216 487 1333 560 igne
1358 527 1373 553 ,
1431 503 1534 544 non
1581 496 1696 558 post
1750 488 1940 543 multos
1974 488 2067 543 Itos

2175 492 2453 563 δακρύων,
2476 491 2643 554 ὅντως
2672 488 2947 545 ἐπίπονον.
2987 487 3282 559 Ἔδδομον,
3317 490 3378 544 τδ
3408 490 3479 545 δι’
3506 492 3737 564 αἳματος

492 582 604 634 dies
636 582 652 612 ⁸
688 598 704 646 ;
737 580 822 635 vel
866 580 1033 636 etiam
1092 578 1163 633 ob
1231 578 1643 649 castigatorium
1685 578 1828 650 ignis
1885 579 2061 635 futuri

495 674 846 742 baptismum.
912 671 1137 728 Sextum
1197 671 1462 739 baptisma
1516 670 1572 725 in
1632 672 1951 742 paenitentis
2003 681 2061 729 et

494 766 1017 836 lacrymis-vcrsatur
1041 782 1057 818 :
1096 775 1289 835 estque
1311 778 1442 818 sane
1474 778 1636 835 grave
1662 774 1715 820 et
1740 765 2058 820 molestum.

495 857 821 925 Septimum,
879 863 965 909 est
1025 855 1172 925 quod
1255 857 1536 926 sanguinis
1618 856 1939 927 profusione
1996 871 2059 912 ac

497 946 756 1018 martyrio
798 947 1124 1015 perﬁcitur,
1154 961 1268 1017 quo
1322 956 1376 1001 et
1427 946 1680 1003 Christus
1725 947 1842 1017 ipse
1889 946 2064 1003 nostri

493 1052 657 1091 causa
704 1037 999 1093 defunctus
1038 1049 1123 1094 est
1152 1041 1199 1093 '.
1248 1038 1451 1109 Estque
1501 1040 1634 1095 illud
1676 1055 1940 1110 perquam
1972 1054 2073 1094 au-

2174 583 2272 636 καὶ
2303 580 2634 652 μαρτυρίου,
2674 580 2704 634 ὃ
2732 580 2829 635 καὶ
2860 578 3026 644 αὐτὸς
3067 582 3095 634 ό
3125 581 3357 650 Χριστὸς
3408 581 3550 652 ὑπὲρ
3578 585 3738 653 ἡμῶν

2171 671 2524 734 ἐϐαπτίσατο,
2572 672 2648 735 ὡς
2693 672 2817 726 λίαν
2840 672 3124 742 αίδέσιμον
3155 674 3251 727 καὶ
3283 674 3577 744 μακάριον,
3609 678 3739 730 ὅσον

2165 767 2439 837 δευτέροις
2482 767 2545 820 οὐ
2581 767 2871 837 μολύνεται
2906 766 3121 837 ρύποις.
3158 768 3408 835 Ὄγδοον,
3458 769 3521 823 τὸ
3546 770 3735 825 τελευ-

2169 859 2339 921 ταῖον,
2375 858 2436 911 οὐ
2475 860 2771 929 σωτήριον,
2805 860 2943 913 ἀλλὰ
2969 861 3066 931 τῆς
3100 861 3198 929 μὲν
3224 862 3429 925 κακίας
3455 863 3733 933 ἀναιρετι-

2175 946 2291 1000 κόνο
2325 947 2425 999 οὐκ
2478 946 2561 1000 ἔτι
2602 949 2712 1018 γάρ
2742 948 2911 1003 κακία
2940 950 3035 1003 καὶ
3075 950 3324 1020 ἁμαρτία
3368 950 3737 1007 πολιτεύεταιο

2181 1038 2409 1102 κολάζον
2437 1037 2493 1091 δὲ
2525 1037 2879 1109 άτελεύτητα.

492 1138 710 1195 gustum
747 1144 811 1183 ac
831 1130 1084 1194 beatum,
1113 1130 1257 1199 quod
1291 1130 1457 1184 nullis
1487 1131 1716 1198 posthac
1740 1130 2000 1185 sordibus
2029 1128 2374 1196 inquinetur.
2395 1126 2662 1183 Octavum
2697 1128 2937 1197 denique
2961 1138 3018 1183 ει
3058 1138 3398 1198 postremum
3434 1131 3569 1185 illud
3620 1141 3729 1192 est,

494 1235 600 1273 non
638 1220 750 1288 jam
774 1220 1147 1287 salutiferam,
1181 1238 1367 1278 verum
1400 1223 1474 1276 ita
1498 1222 1767 1276 malitiam
1801 1220 2084 1287 auferens,
2111 1220 2332 1292 quando
2366 1235 2502 1275 suus
2518 1220 2633 1291 jam
2666 1219 2887 1275 malitiae
2909 1228 2964 1275 et
2986 1228 3211 1290 peccato
3269 1220 3426 1277 locus
3461 1239 3566 1276 non
3596 1225 3725 1291 erit,

505 1325 566 1370 ut
592 1323 774 1368 tamen
801 1314 1197 1384 sempiternum
1222 1314 1503 1370 excruciet
1524 1328 1587 1369 ac
1608 1315 1826 1385 puniat.

559 1460 796 1530 Spiritus
864 1465 1083 1512 sanctus
1158 1454 1419 1511 columba:
1473 1454 1640 1523 specie
1703 1462 1756 1510 et
1816 1450 2079 1523 ignis.—

2211 1456 2521 1531 Σωματικῷ
2543 1458 2601 1513 δὲ
2633 1457 2765 1513 εἴδει
2786 1500 2802 1523 ,
2868 1457 3003 1511 ὡσεὶ
3039 1454 3365 1528 περιστερά,
3398 1455 3732 1525 ἑπεφοίτησε

487 1552 664 1607 Ρ‹›ι-ι·ο
762 1549 1004 1622 Spiritus
1062 1559 1291 1607 sanctus
1345 1549 1622 1619 corporali
1673 1546 1878 1620 specie.
1930 1545 2075 1603 sicut

2168 1555 2201 1608 ’δ
2222 1552 2450 1625 Πνεῦμα
2478 1552 2538 1606 τὸ
2570 1552 2749 1621 ἆγιον,
2766 1551 2869 1622 τὴν
2904 1552 3161 1621 ἀπαρχὴν
3182 1550 3279 1603 τοῦ
3299 1550 3573 1620 ἡμετέρου
3598 1548 3737 1601 ὑπο-

488 1643 743 1697 columba
774 1642 842 1696 ad
878 1642 1171 1697 Dominum
1212 1641 1525 1707 descendit,
1578 1642 1769 1713 sicque
1816 1650 1931 1695 tum
1981 1638 2075 1692 ba-

2168 1646 2386 1701 stxvdov
2415 1644 2815 1717 βαπτίσματος,
2839 1644 2933 1699 καὶ
2966 1645 3140 1717 τιμῶν
3162 1644 3225 1697 τὸ
3264 1643 3422 1713 σῶμα
3445 1660 3459 1675 ο
3485 1642 3610 1695 ἐπεὶ
3637 1642 3733 1694 καὶ

492 1733 675 1802 ptismi
715 1732 894 1787 uestri
949 1734 1223 1804 primitias
1267 1731 1676 1797 subindicabat,
1708 1738 1824 1785 tum
1874 1744 2075 1799 corpus

2168 1736 2323 1804 τοῦτο,
2344 1737 2513 1807 ῆγουν
2536 1736 2597 1789 τὸ
2632 1736 2816 1806 σῶμα,
2846 1738 2910 1808 τῇ
2944 1735 3139 1789 θεὼσει
3165 1734 3318 1800 Θεὸς,
3348 1734 3443 1788 καὶ
3479 1733 3594 1802 ἅμα
3622 1749 3730 1785 που

497 1823 897 1879 cobonestabat
925 1839 939 1877 :
969 1824 1231 1894 quoniam
1266 1833 1321 1881 et
1355 1823 1456 1878 hoc
1478 1838 1699 1895 quoque
1729 1837 1828 1893 per
1855 1821 2075 1877 deifica-

2168 1830 2350 1885 ἱνωθεν
2377 1829 2608 1884 εἴθισται
2631 1830 2932 1901 περιστερά
2963 1828 3118 1882 λύσιν
3150 1825 3542 1897 κατακλυσμοῦ
3567 1825 3736 1892 εὐαγ-

499 1915 704 1971 tionem
756 1913 903 1970 Deus
942 1925 1082 1971 erat.
1132 1916 1304 1979 Adde,
1352 1913 1502 1986 quod
1543 1913 1798 1970 columba
1828 1927 2081 1969 cessasse

497 2009 764 2061 diluvium
821 2007 954 2061 olim
1003 2006 1357 2061 nuutiaverit.
1410 2005 1556 2078 Ignis
1606 2020 1737 2061 vero
1793 2005 1975 2075 specie
2021 2005 2078 2061 in

501 2111 722 2155 sanctos
754 2099 1034 2168 apostolos
1070 2096 1355 2153 descendit
1400 2098 1449 2164 ³,
1473 2112 1539 2152 εο
1570 2097 1716 2168 quod
1746 2096 1887 2152 Deus
1911 2105 2078 2153 esset.

503 2189 641 2242 Deus
673 2190 813 2243 enim
842 2190 979 2259 ignis
1027 2205 1338 2243 consumens
1375 2198 1454 2244 est
1506 2192 1549 2244 ⁸.

572 2281 692 2337 Olei
723 2284 927 2338 unctio.
962 2313 1033 2324 —
1060 2284 1129 2339 At
1166 2298 1296 2339 vero
1325 2282 1507 2338 oleum
1544 2281 1755 2337 idcirco
1785 2280 1853 2335 ad
1896 2280 2079 2350 bapti-

497 2392 681 2431 smum
714 2374 1037 2441 adhibetur,
1080 2376 1210 2447 quia
1242 2375 1558 2431 unctionem
1586 2384 1832 2430 nostram
1867 2372 2081 2445 signiﬁ-

490 2476 606 2530 cat,
651 2480 866 2537 uosque
895 2466 1141 2524 cltristos
1174 2466 1339 2533 facit,
1375 2468 1602 2539 insuper
1642 2464 1735 2520 Dei
1770 2463 2084 2521 misericor-

496 2560 641 2614 diam
671 2558 1070 2632 pcr'Spiritum
1105 2570 1357 2616 sanctum
1394 2562 1556 2617 nobis
1591 2561 1900 2630 pollicetur.
1942 2558 2081 2616 Nam

495 2663 548 2706 et
569 2653 823 2709 columba
865 2653 973 2709 illis
1003 2654 1097 2724 qui
1133 2654 1437 2711 incolumes
1466 2670 1495 2711 e
1526 2655 1734 2710 diluvio
1767 2660 2081 2718 evaserant,

496 2748 629 2799 oleae
660 2759 875 2798 ramum
910 2754 1109 2815 praeter
1144 2760 1361 2802 onmem
1391 2761 1543 2816 spem
1577 2746 1706 2802 olim
1737 2746 1921 2800 attulit
1965 2743 2006 2800 '.

565 2835 821 2902 Joannes,
860 2844 919 2890 ut
962 2836 1290 2905 baptizatus.
1338 2867 1393 2876 —
1422 2836 1667 2894 Joannes
1707 2838 1963 2910 imposita
1999 2838 2084 2894 di-

497 2926 627 2981 vino
664 2926 879 2982 Domini
911 2928 1083 2999 capiti
1115 2944 1302 2989 manu.
1329 2937 1383 2985 et
1416 2944 1613 2985 cruore
1647 2928 1870 3000 proprio
1906 2928 2082 3000 bapti-

498 3027 655 3075 zatus
691 3016 816 3073 fuit.

570 3109 844 3166 Caeterum
1001 3110 1338 3182 baptismum
1378 3110 1587 3168 diutius
1634 3125 1934 3182 prorogare
1976 3126 2083 3166 non

2143 1922 2477 1993 γελίζεσθαι.
2515 1922 2640 1977 Ἐπὶ
2677 1923 2734 1977 δὲ
2758 1923 2886 1986 τοὺς
2912 1922 3102 1991 ἁγίους
3138 1921 3475 1983 ἀποστόλους
3507 1934 3732 1989 πυροεει⁴

2143 2014 2248 2079 δὼς
2280 2013 2518 2069 κάτεισι.
2542 2014 2675 2080 Θεὸς
2719 2014 2830 2085 γάρ
2880 2015 3029 2067 ὲστιν
3062 2026 3076 2041 ⁸
3115 2015 3145 2067 ό
3187 2013 3245 2067 δὲ
3270 2010 3405 2075 Θεὸς
3435 2008 3547 2082 πῦρ
3592 2024 3735 2060 κατ-

2145 2107 2441 2162 αναλίσκον
2477 2106 2618 2161 ὲστί.

2219 2284 2293 2338 Τὸ
2334 2283 2515 2340 ἔλαιον
2690 2282 3033 2355 βαπτίσματι
3072 2278 3599 2353 παραλαμϐάνεται,
3634 2293 3740 2348 μη-

2146 2377 2273 2432 νῦον
2314 2378 2415 2450 τὴν
2444 2376 2628 2449 χρίσιν
2711 2373 2904 2447 ἡμῶν,
2936 2374 3033 2428 καὶ
3077 2372 3336 2445 χριστοὺς
3364 2371 3513 2442 ἡμᾶς
3566 2371 3741 2439 ἐργα-

2148 2471 2398 2543 ζόμενον,
2431 2471 2527 2524 καὶ
2549 2469 2641 2523 τὸν
2671 2468 2766 2522 τοῦ
2802 2467 2939 2521 Θεοῦ
2971 2469 3107 2538 ἡμῖν
3149 2462 3625 2533 ἐπαγγελλόμενον
3649 2461 3746 2515 διὰ

2147 2561 2243 2617 τοῦ
2271 2562 2428 2633 ἁγίου
2462 2562 2603 2614 Πνεύ
2613 2577 2783 2631 ματος
2811 2558 2982 2620 ἔλεον,
3009 2556 3135 2609 ἐπεὶ
3174 2556 3268 2609 καὶ
3313 2554 3524 2623 κάρφος
3554 2550 3746 2614 ἐλαίας

2150 2657 2262 2720 τοίς
2288 2657 2353 2708 ὲκ
2376 2654 2471 2708 τοῦ
2516 2649 2911 2723 κατακλυσμοῦ
2954 2647 3342 2719 περισωθείσιν
3370 2648 3407 2720 ἡ
3435 2644 3744 2717 περιστερὰ

2152 2747 2473 2818 κεκόμικεν.

2235 2838 2573 2909 Ἐὂαπτίσθη
2607 2836 2865 2908 Ἰωάννης
2889 2875 2905 2903 ,
2930 2832 3029 2905 τὴν
3070 2835 3233 2905 χεῖρα
3280 2829 3491 2895 ἐπιθεὶς
3516 2829 3611 2882 ἐπὶ
3643 2825 3747 2899 τὴν

2154 2933 2308 2989 θείαν
2335 2931 2429 2986 τοῦ
2453 2930 2728 2986 Δεσπότου
2772 2927 3020 3000 κορυφὴν
3044 2969 3060 2996 ,
3087 2922 3182 2980 καὶ
3203 2924 3280 2997 τῷ
3315 2924 3429 2996 ίδίῳ
3455 2922 3670 2994 αἵματι.

2227 3117 2300 3170 Οὐ
2332 3115 2440 3188 χρὴ
2472 3112 2866 3185 ὑπερτίθεσθαι
2929 3110 2991 3165 τδ
3014 3108 3322 3181 βάπτισμα,
3356 3107 3446 3162 ὅτε
3476 3107 3545 3161 δι’
3567 3105 3752 3176 ἔργων

498 3209 713 3270 oportet
738 3199 871 3255 dum
902 3200 1284 3257 accedentium
1308 3199 1470 3255 ﬁdem
1500 3209 1885 3258 contestantur
1914 3203 2075 3257 actio-

2168 3212 2190 3281 ἡ
2243 3207 2427 3272 πίστις
2474 3207 2586 3261 τῶν
2628 3205 2968 3278 προσιόντων
3019 3203 3368 3289 μαηυρήθῇ.
3407 3201 3466 3254 ’0
3500 3199 3609 3269 γάρ
3637 3206 3662 3233 °
3689 3200 3753 3251 ὲν

499 3305 619 3346 nes.
657 3288 713 3343 Si
749 3289 878 3360 quis
903 3290 1033 3345 dolo
1064 3289 1130 3343 ad
1162 3290 1499 3361 baptismum
1524 3295 1845 3360 accesserit,
1873 3303 2084 3349 tantum

498 3382 659 3436 abest
694 3390 754 3436 ut
788 3381 921 3437 hinc
962 3382 1224 3441 utilitatis
1272 3384 1561 3456 quidpiam
1604 3389 1826 3459 capiat,
1861 3396 1921 3444 ut
1951 3403 2086 3445 con-

498 3472 911 3530 demnationem
944 3476 1130 3547 potius
1162 3486 1414 3535 accersat
1440 3478 1570 3534 sibi.

564 3657 726 3716 Fides
757 3660 944 3715 virtus.
983 3657 1222 3730 Inﬁdetis
1239 3664 1334 3724 est,
1366 3657 1455 3728 qui
1495 3674 1599 3712 non
1625 3660 1791 3715 credit
1823 3657 2073 3712 Ecclesia

500 3754 798 3821 traditioni,
850 3762 941 3808 aut
977 3752 1117 3807 male
1170 3752 1315 3807 vivit.
1348 3780 1415 3791 -
1448 3751 1606 3807 Fides
1661 3766 1826 3822 porro
1871 3751 2074 3821 duplex

499 3858 587 3905 est
619 3866 631 3903 :
660 3846 755 3902 Est
783 3847 922 3903 enim
980 3847 1106 3916 ﬁdes
1160 3862 1223 3901 ea:
1254 3844 1516 3905 auditu“.
1552 3843 1867 3915 Scripturas
1923 3860 2076 3898 nam-

502 3957 608 4009 que
649 3954 834 3995 sacras
898 3936 1198 4004 audiendo,
1286 3937 1526 4008 Spiritus
1581 3936 1756 3992 sancti
1812 3936 2077 3992 doctrina:

499 4031 798 4090 credimus.
823 4031 1000 4099 Atque
1040 4028 1156 4085 bare
1190 4028 1323 4083 ﬁdes
1379 4044 1475 4098 per
1507 4029 1690 4082 omnia
1720 4027 1834 4092 illa,
1887 4042 2007 4097 qum
2041 4042 2072 4082 a

498 4125 717 4180 Christo
737 4132 939 4178 statuta
964 4134 1113 4181 sunt.
1138 4122 1423 4192 perﬁcitur
1447 4136 1647 4191 :opere
1670 4119 1925 4175 videlicet
1947 4135 2074 4175 cre-

496 4216 655 4287 dens,
690 4215 946 4284 pietatem
979 4214 1186 4277 colens,
1210 4221 1266 4267 et
1296 4212 1415 4283 ejus
1460 4211 1554 4281 qui
1592 4226 1691 4267 nos
1721 4211 2072 4277 instauravit,

500 4305 788 4377 praeceptis
820 4306 1149 4373 obsequens.
1186 4304 1321 4359 Nam
1348 4303 1439 4373 qui
1478 4302 1783 4359 secundum
1816 4302 2079 4359 Ecclesia:

498 4398 781 4455 catholica:
816 4397 1164 4451 traditionem
1198 4412 1303 4450 non
1348 4395 1541 4467 credit‘
1568 4395 1652 4451 vel
1682 4411 1775 4465 per
1813 4395 2079 4467 ﬂagitiosa

500 4509 666 4565 opera
698 4508 823 4548 cum
858 4491 1077 4546 diabolo
1128 4491 1519 4557 communicat,
1546 4489 1638 4546 hic
1698 4488 1933 4545 inﬁdelis
1967 4500 2069 4547 est.

576 4630 735 4686 Fides
783 4632 978 4685 domum
1002 4629 1263 4699 Spiritus.
1287 4654 1348 4668 -
1371 4628 1586 4683 Rursus
1618 4625 1813 4683 :Fides
1855 4637 1931 4682 est
1960 4644 2079 4698 spe-

494 4725 803 4779 randarum
835 4722 1130 4777 substantia
1165 4737 1362 4788 rerum,
1421 4728 1796 4793 argumentum
1839 4735 1941 4773 non
1976 4736 2078 4788 αρο

504 4819 809 4887 parentium
841 4818 886 4883 ¹,
916 4818 1004 4870 vel
1030 4824 1115 4871 est
1147 4828 1275 4879 spes
1312 4814 1538 4870 minime
1568 4814 1735 4869 dubia
1770 4828 1873 4869 nec
1899 4812 2080 4868 ambi-

505 4923 633 4977 gua,
664 4926 769 4978 qua
793 4908 1123 4966 conﬁdimus
1154 4908 1293 4973 fore,
1328 4918 1387 4963 ut
1420 4923 1542 4978 quas
1597 4905 1763 4962 nobis
1812 4906 2079 4961 divinitus

508 5001 778 5072 promissa
842 5011 992 5068 sunt,
1018 5010 1074 5058 et
1124 5014 1248 5071 quae
1274 4998 1638 5071 postulamus,
1678 4997 2073 5066 adipiscamur.

506 5098 585 5149 Ac
608 5093 760 5163 prior
794 5094 1039 5161 quidem,
1074 5102 1277 5149 nostra
1300 5091 1606 5149 voluntatis
1624 5100 1746 5155 est;
1780 5088 1951 5143 altera
1977 5105 2079 5144 su-

446 5227 454 5234 .
507 5176 615 5241 tem
650 5186 790 5241 inter
816 5183 1055 5255 Spiritus
1086 5186 1227 5241 dona
1275 5185 1551 5242 censenda
1573 5194 1681 5240 est.

570 5324 849 5395 Spiritalis
902 5322 1666 5379 circumcisio.—Scieudum
1730 5327 1813 5375 est
1870 5328 2076 5388 autem,

505 5420 938 5489 integumentum
964 5434 1125 5474 omne
1147 5418 1292 5491 quod
1319 5432 1350 5472 a
1372 5417 1656 5473 nativitate
1684 5412 2078 5480 contraximus,

508 5522 791 5578 peccatum
822 5510 1052 5573 scilicet.
1078 5524 1174 5579 per
1204 5508 1535 5580 baptismum
1564 5504 1912 5575 circumcidi,
1942 5522 2074 5563 nos-

506 5616 613 5668 que
638 5601 917 5671 Spiritaies
950 5602 1223 5657 lsraelitas
1245 5615 1309 5655 ac
1341 5600 1434 5655 Dei
1465 5598 1724 5670 populum
1758 5597 1897 5655 ﬁeri.

580 5803 596 5833 ¹
636 5801 751 5857 Act.
789 5818 828 5868 ι,
868 5801 920 5857 5.
1020 5802 1040 5833 ¹
1069 5798 1201 5857 Luc.
1252 5814 1353 5869 stt,
1389 5798 1480 5858 50.

1430 6050 1487 6057 -...a.

2156 3302 2292 3372 δόλῳ
2327 3300 2571 3374 προσιὼν
2599 3298 2682 3370 τῷ
2714 3296 3081 3370 βαπτίσματι,
3104 3294 3575 3367 κατακριθήσεται
3606 3291 3751 3365 μᾶλ-

2156 3394 2251 3449 λον
2314 3394 2347 3467 ἢ
2372 3392 2815 3466 ὠφεληθήσεται.

2256 3660 2321 3714 Ἥ
2355 3659 2535 3731 μέντοι
2566 3658 2749 3724 πίστις
2770 3658 2931 3730 διπλῆ
2961 3659 3126 3713 ἐστιν·
3162 3661 3337 3715 Ἔστι
3383 3660 3493 3729 γὰρ
3541 3661 3751 3723 πίστις

2172 3751 2243 3818 ἐξ
2272 3751 2481 3822 ἀκοῆς.
2514 3752 2838 3818 Ἀκούοντες
2870 3754 2978 3825 γὰρ
3033 3753 3142 3807 τῶν
3168 3753 3331 3808 θείων
3358 3753 3616 3822 Γραφῶν,
3655 3770 3751 3804 πι-

2178 3845 2442 3915 στεύομεν
2467 3848 2533 3918 τῇ
2563 3846 2889 3918 διδασκαλίᾳ
2918 3845 3013 3900 τοῦ
3047 3845 3203 3915 ἁγίου
3240 3847 3576 3915 Πνεῦματος.
3599 3842 3753 3914 Αῦτη

2176 3938 2231 3992 δὲ
2289 3937 2595 3993 τελειοῦται
2648 3940 2785 3993 πᾶσι
2842 3942 2952 4002 τοῖς
2988 3937 3435 4008 νομοθετηθεῖσιν
3489 3937 3595 3989 ὑπὸ
3650 3936 3751 3989 τοῦ

2176 4030 2437 4103 Χριστοῦ,
2476 4031 2623 4103 ἔργῳ
2643 4031 3000 4099 πιστεύουσα,
3032 4030 3355 4096 εὐσεϐοῦσα,
3401 4030 3496 4084 καὶ
3537 4029 3637 4094 τὰς
3661 4030 3757 4083 ἑν-

2177 4124 2336 4188 τολάς
2361 4126 2680 4195 πράττουσα
2716 4123 2811 4179 τοῦ
2861 4125 3316 4187 άνακαινίσαντος
3344 4124 3513 4196 ἡμᾶς.
3555 4122 3614 4175 Ὀ
3641 4123 3753 4193 γάρ

2181 4216 2258 4289 μὴ
2291 4216 2433 4273 κατά
2471 4217 2570 4289 τὴν
2618 4219 2919 4288 παράδοσιν
2954 4219 3053 4289 τῆς
3089 4218 3381 4287 καθολικῆς
3416 4216 3751 4287 Ἐκκλησίας

2179 4306 2479 4373 πιστεύων,
2515 4310 2549 4383 ἢ
2587 4308 2864 4363 κοινωνῶν
2894 4308 2984 4362 διά
3033 4310 3141 4362 τῶν
3181 4308 3398 4364 ἀτόπων
3441 4308 3617 4379 ἔργων
3670 4305 3755 4376 τῷ

2181 4400 2437 4473 διαϐόλῳ,
2469 4401 2696 4466 ἄπιστός
2726 4405 2892 4456 ἐστιν.

2254 4632 2428 4686 Ἔστι
2458 4630 2516 4683 δὲ
2539 4631 2700 4684 πάλιν
2725 4629 2932 4695 πίστις
2956 4626 3357 4697 ἐλπιζομένων
3383 4627 3755 4691 ὑπόστασις,

2180 4719 2541 4789 πραγμάτων
2558 4720 2813 4790 ἔλεγχος
2833 4720 3339 4791 οῠβλεπομένων,
3369 4719 3403 4789 ἢ
3429 4718 3757 4779 abietum;

2182 4810 2279 4862 καὶ
2304 4810 2617 4879 ἀδιάκριτος
2639 4810 2793 4875 ἐλπὶς
2815 4812 2926 4866 τῶν
2950 4830 3009 4866 τε
3030 4812 3135 4866 ὐπὸ
3160 4812 3255 4865 τοῦ
3278 4811 3415 4866 Θεοῦ
3441 4813 3573 4881 ἡμῖν
3584 4814 3760 4879 ἐπηγ-

2184 4902 2492 4971 γελμένων,
2534 4903 2756 4973 καὶτῆς
2783 4904 2891 4958 τῶν
2926 4906 3202 4974 αίτήσεων
3237 4903 3396 4974 ἡμῶν
3446 4904 3759 4974 ἐπιτυχίας.

2192 4998 2263 5051 Ἦ
2299 4996 2400 5067 μὲν
2427 4995 2523 5053 οὖν
2554 4998 2773 5071 πρώτη,
2801 5000 2903 5071 τῆς
2940 5002 3219 5071 ἡμετέρας
3248 5000 3475 5072 γνώμης
3506 5000 3678 5066 ἐστὶν,
3724 5002 3758 5070 ἡ

2181 5090 2237 5145 δὲ
2272 5090 2503 5164 δευτέρα
2536 5092 2644 5147 τῶν
2685 5086 3045 5165 χαρισμάτων
3076 5092 3170 5148 τοῦ
3193 5093 3532 5163 Πνεῦματος.

2264 5313 2458 5369 Ἰστέον
2499 5314 2555 5368 δὲ
2604 5316 2688 5369 ὅτι
2729 5314 2821 5371 διὰ
2861 5316 2957 5371 τοῦ
2990 5317 3367 5388 βαπτίσματος
3427 5320 3760 5390 περι·ιεμινό⁶

2182 5409 2325 5479 μεθα
2387 5408 2533 5462 ἁπαν
2578 5410 2641 5463 τὸ
2670 5410 2777 5464 άπὸ
2813 5411 3079 5481 γενέσεως
3138 5411 3425 5482 κάλυμμα,
3493 5413 3613 5484 ἦτοι
3658 5414 3762 5482 τὴν

2177 5503 2477 5574 ἁμαρτίαν,
2512 5504 2606 5557 καὶ
2643 5504 2975 5577 Ἰσραηλῖται
3040 5506 3429 5576 πνευματικοὶ,
3483 5508 3579 5561 καὶ
3620 5506 3763 5561 Θεοῦ

2182 5594 2311 5660 λαὸς
2334 5596 2769 5671 χρηματίζομεν.

1561 5800 1583 5836 ⁸
1608 5802 1729 5861 Act.
1756 5816 1814 5873 ιι,
1837 5801 1893 5860 2.
1968 5803 1988 5834 ⁸
2012 5802 2075 5861 Dt

2168 5842 2172 5857 .
2212 5815 2285 5870 tv,
2314 5801 2404 5858 ει.
2480 5802 2658 5860 ‘Gen.
2692 5816 2810 5869 vut,
2847 5800 2933 5857 ii.
3006 5799 3033 5843 ‹⁸
3067 5799 3228 5858 Rom.
3280 5816 3334 5869 ι,
3371 5796 3457 5855 17.
3533 5799 3552 5819 "
3589 5795 3761 5855 llcbr.
