4132 6402
440 359 570 423 1261

1349 353 1724 417 PANOI‘LIA
1766 354 2234 419 DOGMATICA.
2260 382 2325 395 -·
2359 357 2509 420 ΤΙΤ.
2552 358 2732 421 XXV.

3547 363 3680 427 128.!

432 475 573 542 Περὶ
590 474 711 549 ⁸τῆς
734 469 1265 549 μιταλήύξεωςιτοῦ
1295 472 1663 549 Δεσποτέκοῦ
1717 470 1994 549 σώματος

2125 473 2172 527 De
2187 474 2647 549 transmutatione
2698 471 2962 549 Dominiei
2999 474 3306 549 corporiset
3363 475 3661 543 sanguinis.

499 540 606 669 ἔὲι
628 540 896 613 αἵματος,
925 540 1029 597 τοῦ
1065 540 1321 611 Νύσσης
1349 541 1419 596 ἐκ
1449 540 1555 596 τοῦ
1586 540 1997 611 κατηχητικοῦ

583 632 708 669 rov.

583 632 708 685 rov.

508 710 717 776 Ὠσπερ
744 708 793 761 oi
809 708 1130 779 δηλητήριον
1150 704 1527 776 δι’ὲπιόουλῆς
1550 703 1828 767 λαϐόντες,
1853 702 2002 774 ἄλλῳ

434 817 499 869 φ*
515 801 712 870 ρμάκῳ
722 800 821 869 τὴν
840 798 1158 870 φθοροποιὸν
1172 798 1399 869 δύναμιν
1416 797 1668 851 ἔσϐεσανο
1682 796 1789 869 χρὴ
1806 796 1862 851 δὲ
1875 797 2001 852 καθ’

430 894 720 964 ὁμοιότητα
750 892 843 947 τοῦ
867 892 1111 964 ὀλεθρίου
1144 893 1238 948 καὶ
1268 896 1329 948 τὺ
1361 894 1699 967 ἀλεξιτήριον
1729 898 1879 962 ἐντὸς
1905 895 2015 950 τῶν

429 986 785 1057 ἀνθρωπίνων
812 986 1064 1056 γενέσθαι
1102 986 1447 1059 σπλάγχνων,
1481 986 1557 1052 ὼς
1590 987 1657 1042 ἂν
1688 987 1755 1042 δι’
1789 988 2014 1043 ἐκείνων

430 1078 513 1146 ἐφ’
549 1079 695 1132 ἅπαν
752 1077 1182 1149 καταμερισθείη
1207 1080 1268 1132 τὸ
1295 1078 1453 1150 σῶμα
1492 1080 1528 1151 ή
1569 1078 1662 1133 τοῦ
1692 1079 2016 1151 βοηθοῦντος

429 1166 684 1238 δύναμιςο
714 1167 856 1223 οὕτω
894 1167 989 1221 τοῦ
1017 1168 1327 1234 διαλύοντος
1368 1169 1467 1242 τὴν
1496 1169 1657 1239 φύσιν
1693 1170 1852 1243 ήμῶν
1879 1172 2019 1226 ἀπο-

429 1260 780 1330 γευσάμενοι,
814 1260 975 1314 πάλιν
1007 1262 1305 1330 ἀναγκαῖον
1342 1260 1417 1325 ὡς
1448 1263 1541 1315 καὶ
1564 1261 1658 1315 τοῦ
1692 1262 2017 1331 συνάγοντος

427 1353 490 1406 τὸ
512 1353 894 1423 διαλελυμένον
932 1353 1307 1426 ὲπεδεήθημεν
1332 1372 1347 1386 ο
1386 1355 1460 1420 ώς
1509 1354 1575 1410 ἂν
1608 1358 1666 1409 ὲν
1696 1358 1829 1427 ἡμῖν
1858 1356 2014 1425 γενό-

433 1461 591 1512 μενον
619 1444 680 1498 τὸ
703 1445 944 1499 τοιοῦτον
987 1446 1323 1518 ἀλεξιτήριον
1350 1447 1449 1520 τὴν
1493 1448 1913 1518 προεντεθεῖσαν
1938 1447 2017 1519 τῷ

430 1534 645 1607 σώματι
669 1534 764 1589 τοῦ
787 1535 1112 1609 δηλητηρίου
1153 1537 1358 1609 βλάϐην
1390 1537 1478 1593 διὰ
1510 1539 1608 1610 τῆς
1634 1540 1841 1602 οἰκείας
1870 1539 2017 1592 ἀντι-

429 1628 659 1693 παθείας
690 1625 982 1682 ἀπώσοιτο.
1013 1627 1077 1682 Τί
1108 1623 1203 1682 οὖν
1254 1630 1370 1682 ἐστι
1403 1628 1593 1695 τοῦτο;
1625 1629 1792 1682 Οὐδὲν
1831 1628 2018 1700 ἕτερον

429 1720 658 1792 ἢὲκεῖνο
677 1720 738 1776 τὸ
769 1719 949 1792 σῶμα,
974 1719 1003 1775 ὃ
1032 1719 1128 1775 τοῦ
1158 1737 1217 1774 τε
1240 1719 1472 1775 θανάτου
1503 1721 1750 1792 κρεῖττον
1782 1719 2013 1791 ἐδείχθη,

2177 541 2416 667 gregarii
2464 542 2649 616 Nysam
2699 542 2967 613 pontiﬁcis
3026 557 3091 597 ea:
3151 545 3389 599 oratione
3443 541 3684 598 catecne-

2201 631 2304 667 ica.

2201 631 2304 668 tca.

2179 703 2299 769 Quo
2372 702 2535 758 modo
2624 701 2772 758 enim
2825 703 2918 774 qui
2990 717 3263 759 venenum
3327 716 3682 772 sumpserunt

2113 792 2239 848 dolo
2263 802 2316 849 et
2347 808 2417 850 ex
2439 793 2673 861 insidiis,
2724 793 2833 850 alio
2858 793 3261 849 medicamento
3319 794 3683 864 exstinguat

2115 897 2222 951 vim
2262 910 2384 967 quae
2413 894 2570 949 aliert
2622 893 2937 955 interitum,
2974 899 3189 960 oportet
3217 898 3396 945 autem
3431 890 3573 944 sicut
3595 904 3694 943 ex—

2116 990 2286 1050 itiale.
2314 989 2387 1044 ita
2440 987 2607 1042 etiam
2673 984 2916 1041 salutare
2967 981 3430 1036 medicamentum
3473 978 3692 1034 admitti

2116 1082 2260 1137 intra
2311 1080 2525 1134 viscera
2558 1075 2820 1141 hominis,
2864 1081 2925 1128 ut
2968 1087 3066 1143 per
3100 1072 3191 1126 illa
3227 1071 3592 1126 distribuatur
3635 1070 3694 1124 in

2118 1175 2435 1231 universum
2469 1183 2673 1239 corpus
2701 1166 2876 1221 virtus
2904 1163 3025 1234 ejus
3067 1163 3216 1234 quod
3264 1161 3369 1216 fert
3397 1176 3555 1231 opem
3577 1175 3596 1214 :
3615 1164 3694 1214 ita

2115 1278 2241 1320 cum
2271 1262 2324 1316 id
2354 1260 2759 1335 gustaverimus
2786 1254 2934 1327 quod
2963 1262 3207 1310 nostram
3237 1252 3492 1309 dissolvit
3527 1260 3696 1305 natu-

2117 1371 2255 1418 ram,
2285 1368 2483 1409 rursus
2510 1365 2740 1406 necesse
2766 1359 2852 1404 est
2880 1357 2939 1402 ut
2959 1364 3099 1419 opus
3116 1347 3416 1402 habeamus
3446 1360 3511 1401 eo
3533 1343 3685 1415 quod

2116 1444 2265 1514 cogit
2299 1458 2362 1498 ac
2388 1441 2646 1497 conciliat
2669 1441 2724 1495 id
2758 1439 2902 1510 quod
2942 1447 3059 1495 erat
3087 1437 3442 1503 dissolutum,
3468 1445 3528 1490 ut
3556 1450 3688 1491 cum

2117 1536 2261 1590 intra
2296 1551 2396 1591 nos
2424 1534 2589 1590 fuerit
2614 1534 2718 1588 hoc
2736 1534 2976 1589 salutare
2988 1528 3690 1593 medieamentum,veneni

2117 1627 2402 1694 damnum,
2454 1626 2600 1698 quod
2623 1626 2841 1697 corpori
2872 1624 3050 1679 fuerat
3103 1621 3359 1686 inditum,
3416 1636 3513 1691 per
3558 1635 3695 1675 eon-

2118 1719 2345 1774 trariam
2380 1718 2611 1789 repellat
2650 1716 3018 1771 affectionem.
3074 1711 3218 1780 Quid
3252 1712 3357 1767 hoc
3383 1726 3514 1781 ergo
3566 1709 3697 1765 est?

431 1813 524 1867 καὶ
550 1812 649 1883 τῆς
678 1813 821 1883 ζωῆς
858 1812 1015 1884 ήμῶν
1047 1813 1375 1885 κατήρξατο.
1410 1812 1678 1883 Καθάπερ
1703 1812 1812 1882 γὰρ
1840 1811 2015 1883 μικρά

2125 1808 2259 1864 Nihil
2287 1808 2438 1863 aliud
2472 1822 2635 1879 quam
2664 1806 2799 1861 illud
2833 1820 3060 1876 corpus,
3102 1801 3253 1871 quod
3285 1812 3341 1858 et
3383 1808 3562 1857 morte
3596 1814 3695 1857 os-

430 1902 600 1974 ζύμη,
658 1902 841 1968 καθώς
884 1920 1048 1975 φησιν
1085 1905 1115 1958 ὁ
1164 1902 1504 1971 Ἀπόστολος,
1545 1903 1666 1957 ὅλον
1692 1904 1752 1956 τὸ
1787 1901 2016 1975 φύραμα

432 1997 567 2068 πρὸς
590 1996 788 2069 ἑαυτὴν
842 1996 1198 2067 συνεξομοιοῇ
1242 1993 1417 2058 οὕτως
1455 1993 1518 2048 τὸ
1556 1992 1878 2048 θανατισθὲν
1911 1992 2017 2046 ὑπὸ

429 2088 531 2143 τοῦ
564 2085 699 2142 Θεοῦ
726 2085 887 2157 σῶμα
911 2088 970 2139 ὲν
996 2084 1075 2157 τῷ
1103 2085 1357 2158 ἡμετέρῳ
1394 2083 1707 2153 γενόμενον,
1737 2083 1858 2136 ὅλον
1879 2081 2018 2154 πρὸς

431 2180 593 2234 ἑαυτὸ
626 2181 912 2251 μεταποιεῖ
959 2178 1055 2231 καὶ
1087 2175 1461 2249 μετατίθησιν.
1506 2174 1594 2239 Ὦς
1626 2175 1736 2247 γὰρ
1761 2174 1856 2227 τοῦ
1885 2172 2016 2244 φθο-

434 2269 652 2345 ροποιοῦ
719 2270 857 2336 πρὸς
912 2269 974 2324 τὸ
1029 2270 1266 2339 ὑγιαῖνον
1312 2267 1723 2340 ἀναμιχθέντος,
1766 2265 1912 2320 ἅπαν
1955 2265 2016 2318 τὸ

430 2361 741 2434 ἀνακραθὲν
796 2359 1228 2434 συνηχρείωται’
1287 2358 1459 2424 οὕτως
1511 2360 1607 2414 κα)¹
1651 2358 1712 2413 τὸ
1750 2357 2017 2413 ἀθάνατον

433 2454 595 2527 σῶμα
658 2455 717 2508 ὲν
739 2453 816 2525 τῷ
848 2453 1165 2508 ἀναλαϐόντι
1210 2452 1342 2507 αὐτὸ
1386 2451 1696 2523 γενόμενον,
1745 2448 1880 2522 πρὸς
1918 2450 2018 2521 τήν

432 2544 625 2600 ἑαυτοῦ
671 2544 832 2614 φύσιν
900 2544 995 2597 καὶ
1038 2544 1100 2599 τὸ
1130 2546 1238 2596 πᾶν
1280 2540 1656 2613 μετεποίησεν.
1706 2540 1868 2595 Ἀλλά
1911 2539 2018 2610 μὴν

432 2637 533 2691 οὐκ
558 2637 703 2691 ἐστιν
733 2636 907 2701 ἄλλως
932 2635 1081 2699 ἐντός
1103 2653 1158 2690 τι
1177 2635 1458 2703 γίγνεσθαι
1490 2631 1583 2686 τοῦ
1619 2631 1889 2702 σώματος,
1940 2629 2017 2701 μὴ

434 2727 523 2782 διά
553 2728 805 2800 βρώσεως
827 2727 924 2781 καὶ
951 2727 1160 2790 πόσεως
1188 2728 1299 2790 τοῖς
1327 2724 1652 2796 σπλάγχνοις
1680 2720 2017 2793 καταμιγνύ-

438 2836 620 2891 μενον.
657 2818 867 2875 Οὐκοῦν
896 2819 1206 2887 ἐπάναγκες
1228 2819 1371 2872 κατά
1388 2817 1480 2871 τὸν
1508 2815 1729 2869 δυνατὸν
1762 2817 1830 2887 τῇ
1861 2814 2020 2883 φύσει

436 2909 636 2981 τρόπον
650 2910 749 2983 τὴν
765 2909 1026 2975 ζωοποιὸν
1047 2910 1273 2979 δύναμιν
1290 2905 1383 2960 τοῦ
1399 2904 1541 2962 Πνιύ
1549 2923 1717 2977 ματος
1744 2903 2016 2969 δέξασθαι.

440 3001 615 3057 Μόνον
641 3001 698 3056 δὲ
720 3000 814 3057 τοῦ
846 2995 1107 3071 Θεοδόχου
1126 2998 1378 3070 σώματος
1408 2998 1618 3053 ἐκείνου
1640 2997 1843 3070 ταύτην
1870 2996 2022 3062 δεξα-

442 3090 606 3163 μένου
635 3092 735 3162 τὴν
773 3093 952 3163 χάριν,
976 3090 1151 3155 ἄλλως
1178 3090 1235 3144 δὲ
1261 3090 1562 3162 δειχθέντος
1594 3089 1668 3161 μὴ
1701 3086 1838 3144 εἶναι
1864 3087 2023 3142 δυνα-

2115 1909 2332 1956 tensum
2374 1898 2476 1955 fuit
2506 1915 2631 1956 esse
2678 1899 2980 1969 potentius,
3041 1904 3097 1953 et
3154 1903 3360 1952 nostra;
3413 1896 3539 1949 vitae
3591 1892 3697 1949 fuit

2116 1992 2357 2066 initium.
2389 1990 2675 2058 Quomodo
2705 1990 2852 2045 enim
2882 2004 3074 2061 parum
3116 1986 3396 2051 fermenti,
3457 1993 3518 2041 ut
3558 1985 3697 2041 dicit

2115 2080 2412 2151 Apostolus
2434 2080 2479 2143 ¹,
2516 2080 2620 2137 sibi
2638 2080 2907 2136 assimilat
2924 2085 3095 2134 totam
3118 2077 3592 2149 conspersionem,
3617 2076 3694 2131 ita

2119 2188 2319 2243 corpus
2342 2186 2374 2227 a
2407 2170 2515 2226 Deo
2538 2179 2712 2225 morte
2745 2167 3001 2224 affectum
3042 2183 3168 2223 cum
3211 2166 3377 2223 fuerit
3420 2168 3563 2222 intra
3593 2181 3698 2221 no-

2122 2274 2322 2327 strum,
2349 2269 2527 2316 totum
2555 2259 2624 2316 ad
2648 2274 2708 2316 se
2740 2264 3074 2315 transmutat
3118 2266 3168 2313 et
3200 2256 3490 2314 transfert.
3537 2256 3691 2324 Quo-

2122 2356 2285 2411 modo
2322 2354 2468 2409 enim
2493 2367 2617 2410 cum
2655 2350 2801 2423 quod
2830 2357 2914 2407 est
2943 2348 3189 2414 exitiale,
3239 2349 3463 2405 mistum
3524 2345 3694 2403 fuerit

2120 2462 2245 2503 cum
2306 2461 2465 2511 sano,
2531 2444 2793 2515 quidquid
2852 2449 2937 2499 est
2994 2449 3485 2512 contemperatum,
3532 2439 3699 2494 simul

2120 2538 2372 2593 redditur
2404 2534 2624 2601 inutile,
2656 2532 2730 2587 ita
2762 2532 2926 2587 etiam
2972 2544 3175 2601 corpus
3223 2526 3537 2583 immortale
3556 2539 3691 2581 cum

2121 2625 2286 2681 fuerit
2315 2624 2459 2678 intra
2488 2638 2615 2679 eum
2669 2620 2762 2692 qui
2798 2619 3058 2689 sumpsit,
3108 2617 3426 2672 universum
3471 2630 3695 2687 quoque

2121 2723 2456 2775 transmutat
2504 2716 2558 2771 in
2592 2730 2748 2769 suam
2781 2720 3061 2768 naturam.
3128 2709 3236 2766 Sed
3294 2708 3413 2765 fieri
3450 2723 3563 2763 non
3599 2723 3699 2779 po—

2120 2816 2233 2864 test
2265 2816 2325 2862 ut
2371 2807 2445 2862 sit
2493 2803 2701 2875 aliquid
2752 2802 2912 2857 aliter
2964 2801 3108 2856 intra
3160 2810 3385 2871 corpus,
3438 2798 3551 2854 nisi
3605 2811 3703 2868 per

2121 2914 2276 2957 esum
2319 2905 2378 2954 et
2410 2897 2690 2971 potionem
2742 2896 3043 2950 misceatur
3094 2892 3424 2948 visceribus.
3461 2889 3703 2948 Necesse

2122 3001 2206 3050 est
2229 3006 2381 3063 ergo,
2412 3006 2479 3045 eo
2515 2987 2676 3044 modo
2708 3000 2818 3057 quo
2852 2992 3051 3040 natura
3096 2990 3299 3054 potest,
3327 2981 3569 3054 Spiritus
3618 2984 3702 3037 vi-

2122 3085 2337 3140 viﬁcam
2385 3080 2670 3150 suscipere
2719 3078 2997 3132 virtutem.
3037 3073 3176 3131 Cum
3207 3079 3388 3126 autem
3421 3071 3598 3126 solum
3636 3070 3704 3124 il-

439 3152 530 3236 τὸν
550 3186 607 3238 ὲν
631 3152 900 3255 ἀθανασίᾳ
941 3152 1207 3251 ⁷γενέσθαι
1258 3183 1318 3237 τδ
1345 3152 1635 3254 ’ήμέτερον
1656 3152 1840 3253 σῶμα,
1866 3181 1915 3233 εί
1947 3179 2022 3251 μὴ

2125 3176 2216 3233 Iud
2251 3190 2454 3242 corpus
2502 3169 2647 3243 quod
2708 3169 2878 3224 Deum
2938 3164 3203 3235 suscepit,
3255 3165 3399 3217 hanc
3462 3160 3698 3232 gratiam

439 3274 527 3327 διὰ
547 3278 646 3345 τῆς
675 3274 812 3345 πρὸς
836 3277 894 3327 τὸ
926 3274 1192 3330 ἀθάνατον
1224 3274 1506 3338 κοινωνίας
1538 3275 1597 3327 ἐν
1637 3270 1897 3345 μετουσίᾳ
1924 3275 2023 3343 τῆς

442 3366 750 3438 ἀφθαρσίας
772 3366 1061 3437 γενόμενον
1081 3383 1095 3396 ο
1136 3365 1407 3436 σκοπῆσαι
1435 3366 1722 3436 προσήκει,
1760 3363 1877 3426 πῶς
1903 3363 2026 3431 ὲγέ-

442 3475 562 3513 νετο
587 3460 809 3514 δυνατὸν
866 3459 926 3513 τὸ
974 3458 1031 3512 ἓν
1066 3460 1241 3512 ἐκεῖνο
1268 3459 1426 3530 σῶμα
1450 3460 1568 3520 ταῖς
1592 3459 1880 3519 τοσαύταις
1916 3455 2023 3509 τῶν

441 3551 645 3605 πιστῶν
687 3552 913 3623 μυριάσι
946 3551 1087 3605 κατά
1123 3551 1301 3604 πᾶσαν
1343 3550 1440 3621 τὴν
1478 3548 1804 3619 οἰκουμένην
1849 3546 2023 3599 εἰσαεὶ

440 3643 956 3715 καταμεριζόμενον,
992 3642 1111 3696 ὅλον
1144 3642 1201 3696 ὲν
1230 3641 1443 3712 ἑκάστῳ
1475 3638 1670 3695 διάτοῦ
1707 3638 1905 3709 μέρους
1933 3655 2025 3705 γε-

439 3736 647 3796 νέσθαι,
674 3736 768 3789 καὶ
818 3736 950 3790 αὐτὸ
993 3736 1172 3808 μένειν
1200 3737 1283 3805 ἐφ’
1312 3732 1505 3789 ἑαυτοῦ
1536 3733 1675 3787 ὅλον.
1710 3730 1918 3785 Ούκοῦν
1948 3731 2024 3794 ώς

442 3827 509 3882 ἂν
558 3828 694 3899 πρὸς
746 3827 808 3880 τὸ
840 3826 1127 3882 ἀκόλουθον
1161 3828 1290 3900 ἡμῖν
1320 3828 1354 3897 ή
1379 3824 1557 3889 πίστις
1585 3823 1877 3894 βλέπουσα)
1916 3839 2026 3895 μη-

439 3917 631 3990 δεμίαν
686 3917 1017 3989 ἀμφιϐολίαν
1060 3918 1187 3992 περὶ
1228 3917 1342 3988 τοῦν
1366 3913 1726 3990 προκειμένου
1754 3914 2026 3985 νοήματος

442 4011 577 4083 ἔχοι,
610 4011 803 4084 μικρόν
836 4028 886 4065 τι
907 4012 1174 4083 προσήκει
1205 4007 1621 4082 παρασχολῆσαι
1649 4004 1740 4059 τὸν
1767 4005 1924 4075 λόγον
1945 4006 2027 4069 είς

442 4102 540 4174 τὴν
568 4101 913 4173 φυσιολογίαν
950 4101 1044 4157 τοῦ
1089 4101 1361 4174 σώματος.
1391 4100 1487 4164 Τίς
1513 4099 1620 4171 γὰρ
1652 4100 1752 4154 οὐκ
1782 4096 1919 4154 οἶδεν
1944 4098 2026 4151 ὅτι

2125 3269 2420 3341 acceperit,
2497 3272 2783 3320 ostensum
2839 3260 2912 3316 sit
2968 3266 3151 3312 autem
3194 3255 3356 3333 aliter
3407 3253 3525 3310 ﬁeri
3586 3267 3699 3308 non

2126 3377 2306 3434 posse,
2376 3366 2437 3413 ut
2478 3363 2730 3411 nostrum
2787 3365 2988 3421 corpus
3035 3348 3107 3403 sit
3162 3347 3221 3402 in
3262 3343 3701 3408 immortalitate.

2126 3456 2230 3510 nisi
2264 3468 2362 3525 per
2388 3447 2835 3505 communionem
2881 3458 3005 3498 cum
3050 3438 3341 3495 immortali
3383 3438 3585 3492 factum
3633 3436 3706 3491 sit

2126 3547 2398 3617 particeps
2425 3536 2891 3607 incorruptionis:
2924 3538 3135 3603 Oportet
3158 3529 3531 3594 considerare,
3563 3541 3707 3597 quo-

2129 3616 2292 3691 modo
2338 3632 2455 3688 fieri
2496 3628 2773 3702 potuerit,
2816 3634 2873 3680 ut
2919 3638 3089 3679 unum
3127 3620 3260 3676 illud
3288 3632 3527 3689 corpus,
3560 3616 3707 3688 quod

2129 3711 2239 3782 tam
2274 3723 2461 3780 multis
2491 3721 2729 3776 ﬁdelium
2777 3715 3021 3774 millibus
3063 3714 3119 3769 in
3152 3712 3413 3768 universo
3442 3709 3574 3765 orbe
3606 3718 3712 3764 ter-

2130 3832 2313 3873 rarum
2346 3827 2559 3883 semper
2603 3809 2983 3885 distribuitur,
3019 3812 3193 3860 totum
3235 3817 3332 3873 per
3378 3807 3587 3873 partem
3637 3799 3712 3854 sit

2131 3912 2185 3967 in
2225 3918 2591 3977 unoquoque,
2635 3909 2690 3957 et
2729 3901 2909 3971 ipsum
2952 3897 3009 3952 in
3047 3909 3107 3953 se
3132 3902 3309 3949 totum
3360 3895 3599 3946 maneat.
3638 3886 3713 3944 Ut

2131 4020 2263 4077 ergo
2294 4002 2427 4057 lides
2470 3996 2541 4054 ad
2585 3998 2636 4054 id
2687 3995 2833 4068 quod
2887 3999 2972 4049 est
3012 4004 3360 4061 consequens
3408 3985 3709 4077 aspiciens,

2131 4076 2213 4153 de
2243 4107 2411 4151 sensu
2458 4087 2742 4161 proposito
2790 4083 2997 4138 nullam
3043 4080 3242 4135 habeat
3279 4076 3710 4139 dubitationem,

443 4166 595 4267 hoc}
626 4166 876 4267 σώματος
906 4194 1064 4267 ἡμῶν
1082 4166 1244 4265 φύσις
1277 4192 1416 4267 αὐτὴ
1451 4166 1572 4248 καθ’
1592 4166 1807 4264 ’ἑαυτὴν
1838 4191 1896 4245 ὲν
1922 4189 2024 4262 ἰδίᾳ

2128 4191 2344 4258 oportet
2377 4188 2621 4237 nostram
2659 4177 2963 4232 orationem
3009 4170 3288 4242 paulisper
3325 4166 3607 4223 immorari
3654 4166 3713 4220 in

441 4257 547 4341 τινὶ
589 4257 882 4340 ὑποστάσει
1095 4257 1220 4339 ὀὐκ
1261 4257 1416 4356 ἔχειί
1452 4283 1586 4338 ἀλλὰ
1611 4283 1699 4337 διά
1741 4257 1837 4356 τῆς
1869 4257 2024 4356 ὲπιρξ

2132 4257 2369 4333 naturali
2400 4269 2648 4342 corporis
2687 4266 3144 4323 consideratione.
3178 4259 3314 4329 Quis
3342 4261 3490 4317 enim
3535 4257 3715 4314 nescit

444 4377 675 4449 ῥεούσης
702 4379 838 4448 αὐτῇ
890 4355 1172 4448 δυνάμεως
1200 4355 1411 4447 συνέχει
1436 4393 1495 4429 τε
1524 4378 1723 4448 ἑαυτὴν
1747 4355 1842 4430 καὶ
1871 4378 1929 4429 ὲν

2134 4367 2281 4442 quod
2338 4364 2514 4420 nostri
2596 4360 2848 4431 corporis
2901 4365 3099 4413 natura
3168 4355 3287 4428 ipsa
3332 4369 3435 4426 per
3484 4366 3547 4408 se
3602 4365 3713 4405 non

443 4466 584 4526 εἶναι
614 4470 786 4542 μένει,
810 4470 1073 4542 ἀπαύστῳ
1093 4471 1301 4541 κινήσει
1321 4469 1381 4521 τὸ
1404 4468 1649 4522 ἐλλεῖπον
1676 4466 1811 4537 πρὸς
1832 4444 2024 4538 ἑαυτὴν

2139 4460 2302 4514 habet
2338 4458 2506 4509 vitam
2542 4455 2597 4507 in
2642 4452 2876 4522 quadam
2916 4449 3138 4520 propria
3181 4445 3429 4517 corporis
3454 4444 3715 4499 substan-

444 4536 804 4633 ὲφελκομένη,
860 4563 954 4616 καὶ
1005 4536 1066 4616 rb
1123 4536 1441 4632 περιττεῦον
1499 4536 1891 4627 ἀπωθουμένης
1920 4536 2024 4610 Καὶ

2138 4555 2251 4620 tia,
2312 4550 2407 4607 sed
2461 4564 2557 4621 per
2624 4545 2917 4616 quamdam
2982 4542 3288 4596 afﬂuentem
3346 4538 3401 4593 ei
3450 4536 3715 4590 virtutem

448 4650 635 4727 ὥσπερ
667 4672 752 4719 τις
782 4653 948 4719 ἀσκὸς
972 4653 1138 4726 ὑγρυῦ
1166 4670 1308 4718 τινος
1340 4653 1554 4726 πλήρης
1583 4650 1678 4713 ὢν,
1704 4651 1753 4703 εἰ
1780 4649 1918 4702 κατά
1938 4648 2032 4703 τὸν

444 4754 698 4827 πυθμένα
750 4752 813 4808 τὸ
857 4750 1173 4823 ἐγκείμενον
1200 4747 1429 4813 ύπεξίοι,
1458 4746 1559 4802 οὐκ
1586 4745 1653 4801 ἂν
1684 4741 1944 4815 φυλάσσοι
1971 4738 2033 4791 τὸ

445 4850 575 4920 περὶ
600 4849 692 4903 τὸν
716 4848 880 4917 ὄγκον
906 4842 1098 4899 ἑαυτοῦ
1121 4841 1326 4912 σχῆμα,
1349 4839 1425 4913 μὴ
1446 4837 1807 4899 ἁντεισιόντος
1829 4829 2033 4886 ἄνωθεν

445 4944 636 5016 ἑτέρου
692 4942 832 5014 πρὸς
879 4938 940 4993 τὸ
993 4935 1319 5006 κενούμενον
1342 4950 1356 4964 ο
1401 4931 1542 4985 ὥστε
1576 4930 1668 4984 τὸν
1703 4927 1913 4999 ὁρῶντα

446 5015 660 5108 ὀγκώδη
677 5033 771 5088 τοῦ
798 5031 1019 5101 ἀγγείου
1050 5028 1239 5083 τούτου
1262 5023 1540 5096 περιοχὴν,
1569 5020 1766 5075 εἰδέναι
1790 5016 1867 5090 μὴ
1899 5015 2035 5108 ἰδίαν

447 5125 589 5183 εἶναι
618 5106 713 5181 τοῦ
736 5123 1060 5196 φαινομένου
1084 5137 1097 5151 ·
1121 5118 1255 5173 ἀλλά
1293 5116 1356 5169 τδ
1395 5112 1604 5184 εἰσρέον
1632 5114 1690 5166 ὲν
1722 5108 1871 5179 αὐτῷ
1892 5106 2036 5175 γινό-

453 5237 613 5289 μενον
656 5216 1007 5289 σχηματίζειν
1046 5211 1108 5266 τὸ
1142 5209 1396 5281 περιέχον
1429 5206 1517 5262 τὸν
1550 5204 1736 5273 δγκονο
1774 5198 1920 5255 οὕτω
1944 5198 2038 5252 καὶ

448 5314 484 5383 ἡ
507 5310 602 5366 τοῦ
651 5309 899 5381 σώματος
956 5305 1112 5378 ἡμῶν
1143 5298 1457 5371 κατασκευὴ
1488 5297 1617 5352 ίδιον
1646 5294 1744 5365 μὲν
1777 5292 1915 5365 πρὸς
1942 5289 2039 5365 τὴν

451 5406 652 5476 ἑαυτῆς
673 5401 930 5455 σύστασιν
950 5398 1101 5453 οὐδὲν
1130 5397 1259 5467 ἡμῖν
1280 5392 1555 5464 γνώριμον
1582 5388 1716 5460 ἔχει,
1743 5386 1832 5441 διὰ
1862 5384 1920 5437 δὲ

451 5474 887 5563 ἐπεισαγομένης
943 5491 1246 5561 δυνάμεως,
1288 5489 1346 5539 ὲν
1392 5483 1469 5556 τῷ
1501 5479 1640 5537 εἶναι
1685 5480 1857 5552 μένει.
1893 5478 1956 5529 Ἡ
1984 5474 2041 5528 δὶ

452 5588 681 5656 δύναμις
710 5583 847 5654 αὕτη
883 5582 1054 5654 τροφὴ
1085 5580 1181 5634 καὶ
1206 5578 1320 5633 ἐστι
1343 5578 1435 5632 καὶ
1451 5576 1683 5644 λέγεται.
1722 5569 1842 5624 Ἔτι
1866 5568 1921 5622 δὲ
1945 5566 2043 5637 οὐχ

452 5680 486 5747 ἡ
524 5676 661 5745 αὐτὴ
686 5676 820 5730 πᾶσι
850 5676 960 5737 τοῖς
991 5671 1343 5744 τρεφομένοις
1370 5667 1606 5739 σώμασι,
1635 5663 1772 5721 ἀλλά
1806 5679 1889 5724 τις
1912 5659 2043 5714 ἐκά-

460 5781 567 5833 στῳ
612 5766 945 5837 κατάλληλος
987 5763 1139 5837 παρά
1184 5763 1278 5817 τοῦ
1321 5762 1418 5831 τὴν
1449 5760 1609 5830 φύσιν
1635 5752 2043 5827 οίκονομοῦντος

551 5908 565 5936 ⁸
601 5903 619 5959 Ι
653 5901 775 5956 Cor.
812 5918 861 5967 V,
908 5900 959 5952 6.

2133 4652 2189 4699 ct
2224 4641 2779 4714 seipsam‘continct.
2810 4643 2864 4690 et
2897 4645 3078 4688 manet
3110 4633 3167 4686 in
3199 4630 3440 4689 essentia
3461 4670 3476 4690 ,
3518 4642 3719 4698 perpe-

2128 4744 2221 4792 tua
2249 4732 2493 4789 motione
2521 4727 2588 4783 ad
2620 4739 2681 4783 se
2710 4721 2993 4779 attrahens
3026 4718 3079 4774 id
3125 4715 3274 4786 quod
3314 4714 3472 4770 deest
3492 4754 3509 4779 ,
3540 4720 3597 4770 et
3627 4726 3716 4768 re-

2129 4831 2338 4902 pellens
2385 4824 2437 4879 id
2470 4821 2614 4893 quod
2660 4824 2747 4873 est
2778 4810 3279 4886 supervacaneum?
3324 4807 3393 4863 Et
3434 4806 3720 4876 quomodo

2131 4900 2255 4977 uter
2279 4914 2481 4988 aliquis
2508 4913 2691 4983 aliquo
2710 4910 2943 4965 humore
2962 4905 3181 4976 plenus,
3202 4902 3325 4959 siin
3341 4900 3516 4955 fundo
3551 4904 3716 4952 exeat

2134 5013 2186 5068 id
2229 5009 2375 5082 quod
2422 5008 2475 5062 in
2514 5020 2582 5061 eo
2623 5011 2712 5060 est
2743 5000 3019 5073 positum,
3056 4997 3113 5053 in
3144 4993 3530 5068 magnitudine
3558 5005 3719 5047 suam

2135 5081 2260 5159 non
2280 5098 2581 5158 servaverit
2613 5096 2877 5168 ﬁguram,
2917 5091 3025 5148 nisi
3068 5104 3306 5162 superne
3340 5101 3444 5156 pro
3468 5099 3549 5140 eo.
3573 5081 3721 5153 quod

2135 5198 2270 5255 exiit
2298 5191 2638 5266 ingrediatur
2669 5187 2817 5243 aliud
2848 5185 2916 5240 ad
2948 5183 3004 5239 id
3030 5183 3175 5254 quod
3200 5180 3553 5237 exinanttur:
3584 5174 3724 5229 adeo

2138 5298 2200 5344 ut
2249 5286 2344 5359 qui
2392 5282 2542 5338 videt
2589 5276 2966 5353 magnitudine
3012 5274 3316 5331 distentum
3361 5267 3526 5337 huius
3571 5266 3725 5321 vasis

2139 5356 2405 5436 ambitum
2426 5415 2441 5439 ,
2471 5373 2612 5431 sciat
2640 5387 2764 5428 eum
2795 5384 2904 5424 non
2947 5382 3071 5422 esse
3111 5361 3394 5434 proprium
3421 5357 3542 5426 eius
3577 5356 3725 5425 quod

2141 5476 2367 5541 apparet
2396 5512 2413 5538 ,
2443 5468 2538 5523 sed
2567 5466 2627 5521 id'
2651 5464 2796 5536 quod
2824 5460 3001 5517 inﬂuit
3021 5500 3035 5523 ,
3065 5470 3190 5511 cum
3222 5454 3276 5507 in
3307 5467 3373 5507 eo
3403 5450 3571 5505 fuerit
3592 5448 3730 5519 ﬁgu-

2141 5578 2265 5618 rare
2320 5560 2376 5615 id
2434 5558 2579 5631 quod
2623 5556 2864 5612 continet
2913 5547 3388 5619 magnitudinem:
3422 5543 3497 5595 ita
3550 5542 3727 5597 etiam

2144 5654 2394 5723 corporis
2444 5652 2618 5707 nostri
2670 5643 3010 5704 constructio
3069 5639 3204 5694 nihil
3279 5634 3502 5704 quidem
3559 5633 3727 5688 habet

2142 5748 2429 5821 proprium
2464 5743 2627 5800 nobis
2658 5738 2936 5810 cognitum
2987 5733 3057 5789 ad
3106 5730 3194 5787 sui
3236 5725 3726 5788 constitutionem,
