4132 6420
447 343 586 411 1ίέ63

1720 337 2111 400 -ΕἮΤΙΙΥΜΙΙ
2153 333 2532 397 ΖΒΛΒΕΝΙ,

3583 331 3722 398 ιὶάι

413 546 417 551 μ
447 496 541 550 per
570 495 692 536 eam
729 489 912 537 autem
944 495 1066 551 qua:
1105 479 1494 537 intromittitur
1535 480 1796 536 virtutem
1842 473 2014 536 manet

2129 481 2602 554 ἀποκεκλήρωται.
2639 481 2723 537 Τὰ
2751 483 2849 554 μὲν
2871 483 2982 556 γὰρ
3006 477 3116 534 τῶν
3135 477 3292 543 ζώων
3313 482 3719 556 ῥιζωρυχοῦντα

443 576 497 627 in
530 573 791 630 essentia.
842 572 916 626 Ea
957 582 1139 628 autem
1171 573 1346 627 virtus
1376 573 1695 628 alimentum
1738 580 1792 628 et
1845 581 1931 628 est
1975 583 2030 628 et

443 666 665 722 dicitur.
695 665 964 721 Praeterea
1010 673 1194 720 autem
1247 681 1354 720 non
1397 665 1539 722 idem
1587 665 1848 720 omnibus
1903 682 2026 737 qua:

443 756 665 808 aluntur
694 755 1056 825 corporibus,
1099 755 1192 810 sed
1236 755 1509 826 quoddam
1553 756 1851 825 unicuique
1891 771 2023 812 con-

442 861 644 915 gruens
672 846 993 900 attributum
1025 854 1108 901 est
1133 847 1201 900 ab
1229 863 1296 901 eo
1324 846 1418 916 qui
1451 857 1701 900 naturam
1733 846 2019 918 dispensat

441 950 492 993 et
526 938 897 994 administrat.
947 936 1081 992 Nam
1116 939 1219 992 alia
1255 940 1471 1009 quidem
1505 939 1762 993 animalia
1796 940 2019 996 aluntur

440 1030 655 1088 eﬂ‘ossis
685 1031 965 1088 radicibus
985 1032 1152 1097 ;‘alia
1185 1041 1368 1086 autem
1405 1032 1630 1086 aluntur
1663 1032 1849 1088 herbis
1877 1049 1891 1096 ;
1922 1032 2021 1086 ali-

439 1139 670 1193 quorum
693 1133 896 1178 autem
934 1124 1340 1180 nutrimentum
1373 1131 1503 1178 sunt
1535 1138 1754 1178 carnes.
1802 1121 2021 1176 Homini

438 1225 618 1269 autem
650 1213 924 1285 prmeipue
949 1222 1035 1270 est
1067 1215 1227 1286 panis
1249 1256 1264 1280 ,
1296 1222 1350 1269 et
1380 1213 1446 1269 ad
1479 1208 1728 1270 humeris
1755 1213 2021 1284 perdura-

437 1304 640 1359 tionem
688 1314 739 1359 et
790 1305 1266 1360 conservationem
1296 1316 1517 1376 .potus,
1567 1321 1676 1361 non
1731 1305 1848 1374 ipsa
1904 1304 2020 1358 so‘la

437 1410 607 1468 aqua,
651 1397 745 1453 sed
777 1398 905 1452 vino
937 1414 1080 1468 saepe
1119 1398 1381 1467 condita,
1417 1399 1492 1454 ad
1535 1414 1694 1469 opem
1739 1395 2018 1453 ferendam

438 1486 653 1542 interno
698 1494 889 1542 nostro
936 1488 1129 1542 calori.
1159 1487 1263 1554 Qui
1292 1503 1423 1557 ergo
1451 1488 1520 1544 ad
1563 1504 1626 1544 ea
1661 1487 1888 1558 aspicit,
1923 1501 2018 1556 po-

2126 572 2387 642 τρέφεται
2412 588 2426 603 °
2475 573 2685 644 ἑτέροις
2712 574 2862 626 ἐστὶν
2893 575 2926 644 ἠ
2972 573 3078 627 πόα
3129 573 3397 643 τρόφιμος
3423 591 3438 606 ·
3473 571 3637 626 τινῶν
3659 572 3720 626 δὲ

2129 665 2164 735 ἠ
2197 664 2372 735 τροφὴ
2403 665 2604 736 σάρκες
2653 664 2810 719 εἰσίν.
2852 664 3149 736 Ἀνθρώπῳ
3183 665 3238 717 δὲ
3278 665 3419 719 κατὰ
3451 663 3512 717 τὸ
3549 680 3722 734 προηφ

2124 756 2387 826 γούμενον
2416 757 2597 828 ἄρτος,
2641 755 2732 809 καὶ
2770 758 2848 820 εἰς
2874 757 2971 827 τὴν
3006 757 3102 811 τοῦ
3133 757 3300 828 ὑγροῦ
3341 755 3600 828 διαμονὴν
3623 757 3721 811 καὶ

2127 848 2455 919 συντήρησιν
2507 848 2666 901 ποτὸν
2694 849 2924 917 γίνεται,
2958 849 3057 903 οὐκ
3085 849 3212 903 αὐτὸ
3251 849 3411 918 μόνον
3461 849 3522 902 τδ
3549 847 3716 920 ὕδωρ,

2125 935 2241 989 ἀλλ’
2269 935 2397 1006 οῐνῳ
2427 934 2683 998 πολλάκις
2723 936 3138 1007 ὲφηδυνόμενον,
3176 936 3309 1007 πρὸς
3334 933 3431 1006 τὴν
3456 933 3548 986 τοῦ
3591 932 3719 1004 θερ-

2129 1027 2228 1098 μοῦ
2257 1026 2348 1082 τοῦ
2379 1029 2438 1080 ὲν
2470 1029 2600 1098 ἡμῖν
2661 1028 2994 1098 συμμαχίαν.
3033 1027 3241 1081 Οὐκοῦν
3279 1027 3307 1079 6
3362 1025 3498 1098 πρὸς
3539 1023 3718 1079 ταῦτα
3793 1097 3796 1100 γ

2128 1119 2362 1189 βλέπων,
2393 1117 2620 1189 δυνάμει
2646 1118 2783 1190 πρὸς
2810 1119 2900 1171 τὸν
2921 1117 3082 1186 ὄγκον
3102 1117 3195 1170 τοῦ
3226 1117 3495 1187 ἡμετέρου
3529 1114 3722 1186 σώμαο,

2127 1228 2216 1274 τος
2239 1209 2446 1280 βλέπει.
2489 1209 2576 1262 Ἐν
2627 1210 2749 1279 ἐμοὶ
2786 1207 2892 1279 γὰρ
2938 1209 3122 1262 ἐκεῖνα
3155 1210 3422 1279 γενόμενα
3453 1202 3594 1278 αἷμα
3619 1206 3721 1260 καὶ

2125 1301 2284 1368 σῶμα
2320 1302 2528 1370 γίνεται
2565 1301 2937 1370 καταλλήλως,
2966 1301 3052 1353 διὰ
3084 1304 3182 1371 τῆς
3222 1299 3582 1369 ἀλλοιωτικῆς
3623 1298 3718 1350 δυ-

2123 1393 2338 1462 νάμεως
2367 1393 2503 1463 πρὸς
2532 1390 2593 1446 τὸ
2622 1390 2714 1445 τοῦ
2748 1389 2999 1461 σώματος
3030 1388 3166 1456 ετδος
3194 1393 3293 1464 τῆς
3325 1391 3531 1463 τροφῆς
3556 1389 3719 1445 καθι-

2119 1481 2416 1554 σταμένης.
2863 1480 2867 1483 ’

438 1585 633 1634 testate
681 1579 878 1646 aspicit
926 1579 992 1632 ad
1045 1577 1295 1647 corporis
1336 1579 1511 1633 nostri
1546 1577 2020 1650 magnitudinem.
2061 1571 2196 1626 Nam
2233 1589 2356 1626 cum
2393 1573 2482 1626 illa
2516 1573 2571 1626 in
2606 1588 2695 1628 me
2723 1572 2963 1638 fuerint,
3028 1569 3170 1626 ﬁunt
3233 1572 3464 1645 sanguis
3493 1577 3547 1626 et
3587 1583 3716 1626 cor-

440 1686 575 1740 pus,
620 1655 960 1726 nutrimento
1012 1688 1106 1742 per
1155 1673 1260 1728 vim
1311 1673 1582 1730 alterandi
1637 1681 2008 1744 congruenter
2045 1666 2265 1725 redacto
2295 1669 2363 1724 ad
2396 1669 2623 1724 formam
2657 1671 2927 1740 corporis.

507 1762 604 1816 liis
630 1779 658 1816 a
692 1764 849 1819 nobis
877 1764 980 1819 hoc
1012 1766 1172 1820 modo
1197 1765 1473 1821 distinctis
1502 1780 1564 1818 ac
1592 1765 1884 1820 declaratis
1905 1804 1920 1826 ,
1948 1763 2013 1819 ad

436 1872 498 1911 ea
544 1872 666 1927 qua
715 1865 844 1912 sunt
894 1859 1211 1928 proposita,
1257 1857 1563 1913 revocanda
1609 1864 1694 1912 est
1734 1856 2013 1928 cogitatio.

435 1947 794 2015 Quatrebatur
820 1950 964 2002 enim
1003 1949 1465 2018 quemadmodum
1496 1948 1644 2019 quod
1684 1956 1768 2004 est
1824 1947 1878 2002 iu
1921 1947 2015 2002 illo

433 2053 636 2108 corpus
659 2037 866 2094 Christi
884 2080 898 2104 ,
918 2037 1156 2094 viviﬁcat
1178 2055 1394 2094 omnem
1421 2039 1704 2094 hominum
1727 2048 1976 2094 naturam
1994 2079 2010 2104 ,

435 2127 488 2178 in
533 2127 733 2196 quibus
783 2135 866 2182 est
907 2127 1076 2191 ﬁdes,
1122 2129 1379 2184 omnibus
1423 2128 1818 2191 distributum,
1850 2139 1903 2183 et
1931 2129 2014 2199 ip-

434 2232 556 2272 sum
590 2217 812 2272 minime
840 2218 1188 2273 diminutum.
1224 2217 1481 2275 Fortasse
1509 2235 1641 2290 ergo
1671 2236 1776 2276 nou
1824 2207 2016 2290 procul

437 2309 701 2364 absumus
739 2325 768 2363 a
811 2311 1078 2378 probabili
1111 2312 1346 2366 ratione.
1372 2311 1505 2364 Nam
1536 2312 1578 2366 si
1617 2313 1863 2380 cujusvis
1904 2328 2019 2366 cor-

434 2402 584 2470 poris
611 2401 970 2456 subsistentia
997 2401 1358 2466 nutrimento,
1381 2403 1641 2456 nimirum
1669 2405 1793 2458 cibo
1813 2412 1866 2458 et
1889 2415 2015 2475 potu

434 2500 684 2557 constet,
720 2493 791 2548 sit
821 2500 1002 2547 autem
1036 2493 1195 2548 cibus
1231 2494 1320 2548 ille
1350 2495 1506 2563 panis
1527 2537 1540 2559 ,
1578 2506 1846 2565 potusque
1877 2511 2017 2566 aqua

433 2583 561 2636 vino
600 2583 946 2650 exhilarata;
994 2583 1088 2637 Dei
1132 2593 1313 2638 autem
1362 2583 1639 2652 Verbum,
1678 2586 1823 2641 sicut
1865 2589 2017 2657 prius

431 2683 516 2728 est
543 2673 829 2730 deﬁnitum
850 2714 866 2735 ,
899 2675 1046 2746 quod
1085 2685 1170 2730 est
1213 2677 1356 2733 Deus
1383 2687 1437 2734 et
1466 2675 1703 2733 Verbum
1725 2721 1740 2744 ,
1778 2680 2014 2734 humana

429 2777 517 2822 est
549 2775 740 2820 natura
772 2777 1240 2835 contemperatum
1269 2785 1284 2833 ;
1313 2776 1367 2823 et
1400 2783 1524 2823 eum
1558 2780 1705 2826 esset
1740 2770 1793 2823 in
1826 2781 2016 2826 nostro

432 2867 692 2922 corpore,
723 2868 834 2907 non
865 2855 1104 2924 aliquam
1135 2856 1297 2910 aliam
1331 2859 1582 2913 humana:
1613 2867 1823 2915 natura:
1856 2861 2016 2915 inuo-

431 2943 582 2998 vavit
607 2943 1057 2998 constitutionem
1087 2986 1101 3010 ,
1124 2943 1218 2998 sed
1246 2960 1344 3014 per
1363 2959 1427 2998 ca
1455 2961 1576 3015 qua:
1599 2954 1726 3002 sunt
1749 2957 2016 3003 consueta

432 3044 484 3088 et
509 3036 895 3104 congruentia,
940 3050 1043 3090 suo
1084 3035 1304 3105 corpori
1345 3036 1491 3093 dedit
1529 3040 1966 3107 permansionem
1997 3084 2012 3109 ,

2195 1759 2411 1814 Τούτων
2450 1762 2582 1832 ἡμῖν
2625 1760 2812 1815 τοῦτον
2857 1761 3339 1834 διευκρινηθὲντων
3369 1759 3461 1814 τδν
3491 1759 3716 1832 τρόπον,

2123 1851 2460 1905 ὲπανακτέον
2491 1851 2648 1906 πάλιν
2679 1853 2814 1924 πρὸς
2853 1853 2919 1907 τὰ
2959 1853 3292 1926 προκείμενα
3324 1853 3423 1925 τὴν
3453 1851 3716 1906 διάνοιαν.

2135 1941 2406 2014 Ἐξητεῖτο
2435 1944 2564 2014 γὰρ,
2599 1943 2714 2007 πῶς
2743 1943 2802 1997 τὸ
2830 1944 2887 1996 ἐν
2918 1945 3108 2016 ἐκείνῳ
3148 1945 3306 2016 σῶμα
3332 1944 3426 1998 τοῦ
3453 1941 3716 2015 Χριστοῦ,

2123 2035 2302 2089 πᾶσαν
2330 2036 2583 2100 ζωοποιεῖ
2614 2036 2710 2106 τὴν
2742 2037 2846 2088 τῶν
2892 2035 3190 2109 ἀνθρώπων
3222 2035 3416 2107 φύσιν,
3463 2037 3521 2088 ὲν
3569 2035 3716 2097 ὅσοις

2122 2127 2155 2198 ἡ
2186 2125 2364 2204 πίστις
2393 2126 2530 2191 ἐστὶ,
2562 2129 2696 2198 πρὸς
2723 2126 2928 2190 πάντας
2963 2125 3339 2199 μεριζόμενον,
3365 2127 3464 2180 καὶ
3491 2125 3623 2180 αὐτὸ
3650 2125 3717 2181 οὐ

2125 2219 2465 2288 μειούμενον.
2515 2219 2668 2289 Τάχα
2718 2219 2893 2272 τοίνυν
2940 2220 3106 2288 ἐγγὺς
3151 2219 3246 2272 τοῦ
3301 2218 3507 2282 εἰκότος
3552 2217 3716 2287 λόγου

2120 2310 2396 2380 γινόμεθα.
2439 2310 2501 2364 Εἰ
2546 2310 2654 2379 γὰρ
2697 2310 2896 2374 παντὸς
2936 2309 3186 2380 σώματος
3233 2313 3265 2381 ἡ
3307 2310 3606 2374 ὑπόστασις
3646 2311 3714 2364 ὲκ

2118 2402 2216 2473 τῆς
2247 2401 2452 2473 τροφῆς
2485 2401 2711 2471 γίνεται,
2746 2399 2884 2472 αὕτη
2910 2401 2966 2453 δὲ
3000 2401 3202 2471 βρῶσις
3231 2403 3326 2455 καὶ
3361 2402 3518 2464 πόσις
3539 2400 3714 2455 ἐστίν’

2118 2494 2232 2548 ἔστι
2263 2493 2319 2547 δὲ
2359 2496 2416 2549 ὲν
2441 2497 2507 2566 τῇ
2537 2493 2736 2566 βρώσει
2766 2495 2948 2567 ἄρτος,
2985 2497 3041 2549 ὲν
3080 2495 3135 2548 δὲ
3171 2499 3236 2567 τῇ
3283 2495 3436 2548 πόσει
3475 2494 3535 2548 τὸ
3566 2493 3714 2566 ὕδωρ

2120 2585 2489 2656 ὲφηδυσμένον
2517 2584 2595 2656 τῷ
2620 2587 2746 2657 οϊνῳ
2767 2602 2778 2614 ·
2809 2589 2836 2639 6
2860 2586 2915 2639 δὲ
2944 2586 3036 2640 τοῦ
3057 2586 3197 2640 Θεοῦ
3224 2587 3415 2656 Λόγος,
3440 2585 3622 2649 καθὼς
3652 2589 3712 2642 ὲν

2116 2679 2230 2740 τοῖς
2259 2676 2495 2750 πρώτοις
2521 2677 2792 2751 διῇρηται,
2822 2681 2850 2732 6
2891 2680 2984 2733 xal.
3026 2678 3158 2742 Θεὸς
3195 2677 3272 2731 ὢν
3295 2679 3388 2732 καὶ
3416 2679 3606 2747 Λόγος,
3641 2679 3714 2750 τῇ

2117 2768 2434 2844 ἀνθρωπίνῃ
2463 2771 2771 2843 συνεκράθη
2799 2770 2980 2840 φύσει,
3011 2771 3106 2823 καὶ
3140 2771 3196 2824 ὲν
3225 2770 3301 2842 τῷ
3339 2770 3550 2842 σώματι
3581 2771 3720 2841 ὴμει

2116 2861 2259 2932 τέρῳ
2305 2864 2628 2932 γενόμενος,
2677 2863 2775 2916 οὐκ
2821 2863 2987 2932 ἄλλην
3033 2861 3155 2915 τινὰ
3203 2863 3713 2933 παρεκαινοτόμησῑ

2115 2954 2180 3022 τῇ
2212 2951 2525 3024 ἀνθρωπίνῃ
2549 2953 2708 3020 φύσει
2736 2954 2834 3024 τὴν
2863 2953 3118 3006 σύστασιν
3138 2969 3151 2983 ο
3184 2952 3319 3006 ἀλλὰ
3341 2953 3430 3007 διὰ
3451 2953 3558 3007 τῶν
3588 2970 3716 3006 συν-

2118 3042 2262 3114 ήθων
2290 3060 2348 3095 τε
2386 3043 2477 3097 καὶ
2510 3043 2860 3115 καταλλήλων
2890 3045 3055 3098 ἔδωκε
3088 3044 3165 3116 τῷ
3214 3044 3336 3098 καθ’
3381 3045 3570 3098 ἑαυτὸν
3601 3043 3714 3099 σώ-

430 3127 556 3181 cibo
603 3134 658 3181 et
695 3136 824 3196 potu
869 3128 1166 3185 continens
1207 3129 1595 3184 substantiam.
1635 3130 1802 3189 Cibus
1834 3143 2013 3189 autem

2119 3157 2248 3209 ματι
2275 3140 2371 3212 τὴν
2396 3140 2674 3213 διαμονὴν,
2703 3141 2901 3214 βρώσει
2929 3145 3020 3195 καὶ
3048 3141 3202 3195 πόσει
3233 3157 3295 3193 πε
3308 3137 3577 3210 ρικρατῶν
3609 3136 3714 3208 τὴν

430 3228 550 3273 erat
579 3221 760 3288 panis.
789 3219 1076 3286 Quomodo
1099 3236 1230 3290 ergo
1259 3222 1310 3274 in
1339 3222 1498 3278 nobis
1519 3261 1534 3286 ,
1567 3224 1712 3278 sicut
1732 3225 1845 3294 jam
1873 3231 2023 3295 saepe

429 3309 636 3365 dictum
667 3319 784 3373 est,
815 3313 1132 3382 quispanem
1165 3312 1326 3376 vidit,
1367 3313 1664 3368 humanum
1708 3330 1909 3384 corpus
1937 3318 2016 3371 vi-

430 3403 521 3456 det
547 3403 984 3472 quodammodo,
1015 3402 1160 3472 quod
1193 3418 1314 3457 cum
1358 3404 1454 3458 ille
1496 3404 1548 3458 in
1580 3420 1644 3459 eo
1680 3403 1880 3470 fuerit,
1913 3407 2014 3462 hoc.

429 3494 527 3551 ﬁt:
565 3496 638 3549 ita
674 3496 783 3552 illic
824 3512 1043 3566 quoque
1070 3497 1216 3567 quod
1261 3497 1433 3552 Demn
1483 3500 1724 3569 suscepit
1772 3515 2006 3571 corpus,

427 3604 554 3668 cum
587 3589 743 3659 panis
784 3591 1103 3646 alimentum
1143 3593 1479 3663 accepisset,
1508 3594 1744 3664 quadam
1785 3596 2000 3651 ratione

430 3677 572 3736 idem
598 3688 718 3735 erat
742 3683 886 3751 quod
914 3683 1334 3750 ille,.alimento,
1361 3692 1419 3739 ut
1445 3686 1651 3741 dictum
1681 3695 1764 3743 est
1787 3727 1802 3751 ,
1831 3696 2009 3744 trans-

427 3781 594 3829 eunte
636 3774 692 3828 in
737 3783 988 3830 naturam
1020 3778 1290 3845 corporis.
1317 3776 1452 3831 Nam
1482 3779 1628 3849 quod
1659 3788 1741 3834 est
1763 3782 2004 3835 omnium

429 3865 711 3934 pr0prium
735 3903 751 3926 ,
786 3865 840 3920 id
873 3882 1093 3936 quoque
1112 3877 1409 3938 .procerto
1439 3867 1494 3924 e't
1527 3871 1802 3926 constanti
1836 3879 1918 3926 est
1950 3872 2008 3925 in

431 3955 521 4010 illa
553 3970 754 4019 carne,
792 3973 989 4030 nempe
1020 3960 1166 4030 quod
1206 3961 1338 4016 illud
1374 3977 1593 4033 quoque
1622 3977 1824 4032 corpus
1867 3978 2008 4034 pane

428 4047 836 4103 continebatur.
870 4049 1083 4120 Corpus
1125 4059 1308 4106 autem
1376 4051 1468 4107 Dei
1525 4051 1686 4108 Verbi
1733 4052 2007 4108 inhabita-

430 4139 580 4192 tione
610 4138 676 4195 ad
696 4139 934 4194 divinam
970 4151 1397 4196 transmutatam
1415 4151 1500 4197 est
1529 4143 1867 4213 dignitatem.
1903 4143 2009 4198 Re-

430 4236 518 4282 cte
543 4244 676 4298 ergo
711 4245 858 4284 nunc
887 4246 1108 4300 quoque
1140 4231 1235 4287 Dci
1267 4230 1875 4290 Verbi-sanctiﬁcatum
1912 4252 2007 4306 pa-

427 4331 552 4372 nem
589 4318 643 4371 in
671 4316 766 4372 Dei
791 4315 950 4373 Verbi
978 4334 1179 4390 corpus
1203 4320 1366 4375 credo
1391 4322 1766 4376 transmutari.
1794 4320 2004 4377 Etenim

432 4407 587 4477 panis
621 4419 739 4464 erat
772 4419 1043 4480 potestate
1077 4412 1208 4468 illud
1239 4427 1462 4483 corpus.
1489 4412 1630 4467 'Fnit
1664 4420 1844 4468 autem
1877 4427 2006 4469 san-

427 4499 705 4558 ctiﬁcatus
738 4502 1079 4559 habitatione
1108 4502 1306 4572 Verbi,
1339 4504 1484 4576 quod
1526 4511 1786 4575 tanquam
1835 4505 1888 4560 in
1926 4515 2008 4561 ta-

433 4590 732 4648 bernaculo
780 4596 1046 4650 habitavit
1098 4597 1150 4651 in
1182 4612 1382 4652 carne.
1431 4598 1599 4665 Igitur
1631 4598 1773 4652 unde
1814 4599 1868 4652 in
1920 4599 2010 4654 illo

433 4700 668 4755 corpore
716 4697 1116 4744 transmutatus
1171 4690 1328 4760 panis
1390 4690 1589 4744 transit
1669 4688 1722 4742 in
1771 4688 2010 4743 divinam

433 4768 863 4857 virtutem-,per
896 4785 1040 4842 idem
1072 4799 1221 4838 nunc
1248 4781 1309 4836 ﬁt
1342 4780 1618 4838 similiter.
1650 4777 1786 4832 Nam
1820 4786 1874 4832 et
1904 4777 2016 4832 illic

429 4876 595 4933 Verbi
620 4877 798 4945 gratia
823 4883 1075 4946 sanctum
1103 4873 1234 4932 fecit
1259 4887 1482 4942 corpus,
1509 4871 1598 4926 cui
1626 4886 1690 4924 ex
1729 4883 1869 4939 pane
1899 4874 2015 4921 erat

422 4967 740 5025 substantia
759 5001 776 5032 ,
801 4975 858 5021 et
887 4965 1290 5036 quodammodo
1315 4964 1497 5034 ipsum
1529 4977 1747 5038 quoque
1769 4967 1893 5016 erat
1925 4971 2019 5026 pa-

417 5062 517 5117 anis
543 5079 555 5116 ε
593 5069 645 5114 et
674 5057 766 5124 hic
793 5057 1046 5126 similiter
1077 5057 1232 5126 panis
1253 5095 1278 5128 ._
1297 5056 1441 5118 sicut
1469 5054 1600 5110 dicit
1635 5049 1963 5130 Apostolus‘
1997 5088 2013 5114 ,

413 5152 808 5208 sanctiﬁcata:
832 5163 928 5218 per
947 5143 1190 5202 Verbum
1225 5145 1320 5202 Dei
1350 5155 1405 5202 et
1430 5139 1736 5222 orationem
1759 5183 1772 5207 ,
1807 5158 1917 5198 non
1949 5156 2015 5195 eo

411 5246 645 5314 ~quidem
669 5241 816 5313 quod
842 5239 966 5294 cibo
987 5237 1260 5293 mediante
1283 5237 1338 5292 in
1361 5233 1524 5292 Verbi
1550 5249 1753 5305 corpus
1778 5237 1976 5289 evadat
1997 5272 2012 5298 ,

425 5336 526 5390 sed
567 5334 712 5405 quod
735 5332 936 5389 statim
972 5345 1078 5400 .per
1111 5327 1344 5383 Verbum
1383 5325 1450 5382 in
1491 5339 1694 5397 corpus
1739 5334 2017 5377 transmu-

415 5436 595 5491 tetur,
645 5427 789 5482 sicut
827 5425 1038 5480 dictum
1085 5432 1168 5476 est
1197 5437 1238 5476 ο
1277 5419 1492 5484 Verbo,
1539 5418 1660 5474 IIoc
1703 5426 1780 5472 est
1822 5433 2013 5486 corpus

429 5537 600 5573 meum
654 5527 699 5572 λ’.
720 5517 864 5572 Cum
895 5526 1080 5571 autem
1111 5515 1295 5570 omnis
1329 5529 1470 5571 caro
1515 5513 1693 5565 alatur
1721 5510 1884 5566 etiam
1919 5525 2014 5581 per

428 5611 712 5669 tuamor-em
734 5627 750 5675 ;
770 5608 1129 5680 nequeenim
1162 5606 1266 5664 nisi
1293 5622 1418 5661 cum
1449 5620 1515 5660 eo
1542 5605 1929 5676 coniungatur,
1957 5602 2014 5658 id

424 5699 575 5764 quod
622 5708 708 5756 est
740 5701 796 5754 in
836 5699 998 5756 nobis
1037 5706 1332 5764 terrestre,
1380 5697 1434 5752 in
1476 5695 1586 5752 vita
1628 5693 2010 5767 permanserit.

517 5874 541 5909 ⁸
569 5875 593 5933 Ι
622 5871 860 5932 Timoth.
895 5888 969 5943 IV,
1001 5872 1052 5928 5.

2117 3231 2433 3286 ὑπόστασιν.
2476 3233 2539 3284 Ἦ
2589 3232 2644 3285 δὲ
2691 3233 2891 3304 βρῶσις
2936 3233 3099 3303 ἄρτος
3145 3228 3234 3304 ἦν,
3277 3231 3488 3300 Ὥσπερ
3527 3227 3712 3280 τοίνυν

2117 3319 2200 3387 ἐφ’
2235 3319 2410 3390 ἡμῶν,
2447 3319 2628 3384 καθὼς
2663 3321 2762 3392 ἤδη
2796 3321 3054 3384 πολλάκις
3090 3320 3322 3392 εἴρηται,
3363 3319 3390 3370 6
3420 3318 3510 3371 τὸν
3544 3318 3711 3388 ἄρτον

2120 3409 2264 3478 ἰδὼν,
2290 3413 2486 3483 τρόπον
2509 3415 2629 3468 τινὰ
2657 3414 2718 3467 τὸ
2741 3415 3077 3488 ἀνθρώπινον
3109 3415 3292 3485 βλέπει
3333 3412 3510 3483 σῶμα,
3540 3411 3620 3464 ὃτι
3647 3411 3710 3463 ὲν

2113 3499 2286 3570 τούτῳ
2323 3501 2500 3555 ἐκεῖνο
2544 3506 2852 3574 γενόμενον,
2901 3505 3058 3558 τοῦτο
3089 3504 3330 3573 γίνεται·
3365 3500 3508 3555 οὕτω
3546 3501 3712 3553 κάκεῖ

2112 3591 2172 3645 τὸ
2200 3592 2441 3664 θεοδόχον
2469 3594 2628 3666 σῶμα
2655 3595 2755 3667 τὴν
2780 3597 2986 3667 τροφὴν
3027 3596 3191 3668 ἄρτου
3241 3594 3706 3666 παραδεξάμενον.

2111 3684 2253 3756 λόγῳ
2276 3687 2381 3740 τινὶ
2405 3687 2598 3741 ταύτὸν
2621 3683 2688 3759 ἦν
2722 3688 2934 3758 ἐκείνῳ,
2967 3689 3064 3759 τῆς
3089 3688 3312 3758 τροφῆς,
3352 3686 3534 3748 καθὼς
3555 3686 3709 3755 εἴρη-

2109 3792 2220 3840 ται,
2258 3776 2392 3847 πρὸς
2429 3775 2526 3847 τὴν
2558 3778 2648 3830 τοῦ
2682 3778 2932 3849 σώματος
2971 3778 3130 3848 φύσιν
3179 3778 3596 3849 μεθισταμένης.
3628 3776 3706 3829 T6

2111 3864 2219 3936 γὰρ
2248 3865 2465 3918 πάντων
2499 3866 2647 3930 ἴδιον,
2676 3867 2766 3919 καὶ
2789 3867 2874 3920 ἐπ’
2901 3866 3114 3938 ἐκείνης
3141 3868 3240 3937 τῆς
3270 3866 3471 3938 σαρκὸς
3496 3864 3706 3935 ὡμολο-

2116 3951 2279 4024 γήθη,
2307 3953 2387 4005 ὅτι
2421 3953 2570 4023 ἄρτῳ
2608 3955 2827 4007 κάκεῖνο
2871 3955 2931 4008 τὸ
2970 3956 3128 4026 σῶμα
3163 3955 3513 4026 διεκρατεῖτο.
3548 3954 3621 4007 T6
3643 3954 3705 4007 δὲ

2117 4044 2276 4113 σῶμα
2307 4047 2372 4114 τῇ
2412 4047 2680 4115 ἐνοικήσει
2714 4044 2806 4098 τοῦ
2827 4045 2963 4098 Θεοῦ
2989 4047 3162 4115 Λόγου
3201 4047 3337 4117 πρὸς
3379 4045 3475 4117 τὴν
3515 4046 3706 4117 θεῖκὴν

2115 4135 2268 4200 ἀξίαν
2301 4138 2649 4208 μετεποιήθη.
2681 4137 2870 4202 Καλῶς
2909 4134 3002 4191 οὖν
3040 4139 3134 4192 καὶ
3185 4137 3278 4194 νῦν
3318 4138 3408 4192 τὸν
3439 4139 3516 4210 τῷ
3546 4140 3707 4208 Λόγῳ

2113 4227 2207 4280 τοῦ
2238 4225 2371 4281 Θεοῦ
2399 4226 2760 4298 ἁγιαζόμενον
2793 4229 2953 4299 ἄρτον
2996 4232 3075 4293 είς
3115 4230 3274 4300 σῶμα
3297 4230 3391 4283 τοῦ
3421 4229 3558 4283 Θεοῦ
3595 4231 3707 4284 Λό-

2113 4335 2210 4386 γου
2249 4319 2654 4389 μεταποιεῖσθαι
2703 4320 3052 4391 πιστεύομαι.
3104 4322 3213 4374 Καὶ
3261 4321 3371 4393 γὰρ
3421 4322 3596 4376 ὲκεῖνο
3642 4323 3706 4375 τὺ

2115 4413 2293 4483 σῶμα,
2327 4413 2488 4484 ἄρτος
2531 4416 2595 4485 τῇ
2641 4412 2866 4484 δυνάμει
2909 4409 2996 4484 ἦν.
3033 4415 3302 4485 Ἠγιάσθη
3361 4415 3417 4469 δὲ
3458 4418 3522 4487 τῇ
3579 4417 3705 4468 ἐπι-

2117 4505 2415 4576 σκνηνώσει
2443 4505 2537 4558 τοῦ
2569 4505 2741 4574 Λόγου
2772 4504 2865 4558 τοῦ
2900 4504 3275 4576 σκηνώσαντος
3310 4508 3366 4561 ὲν
3405 4511 3469 4578 τῇ
3517 4508 3702 4578 σαρκί.

2121 4598 2327 4651 Οὐκοῦν
2368 4599 2489 4651 ὅθεν
2535 4599 2563 4650 6
2609 4600 2665 4650 ὲν
2709 4597 2900 4667 ἐκείνῳ
2942 4596 3020 4666 τῷ
3063 4597 3271 4668 σώματι
3316 4598 3706 4669 μεταποιηθεὶς

2071 4733 2075 4736 .
2123 4690 2304 4757 ἄρτος,
2335 4690 2412 4751 εἰς
2449 4689 2598 4742 θείαν
2627 4689 2851 4758 μεθίστη
2878 4687 3124 4758 δύναμιν.
3158 4689 3245 4742 διὰ
3276 4690 3370 4742 τοῦ
3416 4691 3575 4744 αὐτοῦ
3609 4694 3704 4744 καὶ

2105 4786 2199 4840 νῦν
2233 4784 2290 4837 τὸ
2313 4779 2435 4836 ’ἴσον
2460 4781 2686 4850 γίνεται.
2719 4783 2874 4836 Ἐκεῖ
2899 4798 2957 4834 τε
2987 4779 3098 4851 γὰρ
3125 4777 3159 4848 ἠ
3191 4776 3285 4830 τοῦ
3319 4776 3492 4842 Λόγου
3522 4771 3706 4844 χάρις,

2106 4875 2258 4944 ἅγιον
2288 4875 2518 4926 ἐποιεῖτο
2548 4875 2727 4944 σῶμα,
2752 4867 2795 4941 ᾧ
2827 4876 2890 4926 ὲκ
2920 4872 3012 4925 τοῦ
3060 4870 3224 4942 ἄρτου
3255 4871 3288 4939 ἠ
3325 4865 3581 4924 σύστασις
3608 4857 3701 4931 ἦν.

2107 4966 2198 5022 καὶ
2230 4964 2428 5035 τρόπον
2458 4962 2581 5016 τινὰ
2611 4964 2704 5016 καὶ
2749 4962 2880 5016 αὐτὸ
2908 4962 3069 5032 ἄρτος
3106 4955 3204 5030 ἦν’
3240 4951 3473 5008 ἐνταῦθά
3503 4969 3562 5004 τε
3593 4951 3697 5002 ὼσ-

2107 5057 2284 5121 αύτως
2313 5059 2341 5110 6
2370 5055 2552 5127 ἄρτος,
2603 5054 2787 5119 καθώς
2821 5072 2986 5126 φησιν
3033 5055 3060 5106 6
3101 5048 3442 5111 Ἀπόστολος,
3478 5043 3705 5111 ἁγιάζε-

2104 5169 2194 5205 ται
2224 5149 2311 5203 διὰ
2339 5149 2512 5218 Λόγου
2542 5145 2677 5200 Θεοῦ
2726 5145 2818 5200 καὶ
2861 5144 3172 5210 ἐντεύξεως,
3213 5141 3273 5194 οὐ
3316 5139 3406 5192 διὰ
3448 5135 3704 5208 βρώσεως

2105 5242 2199 5294 καὶ
2229 5241 2439 5303 πόσεως
2466 5237 2671 5310 προῖὼν
2701 5239 2781 5299 είς
2817 5237 2878 5289 τδ
2909 5236 3066 5307 σῶμα
3093 5233 3185 5287 τοῦ
3232 5231 3425 5299 Λόγου,
3461 5227 3574 5282 ἀλλ’
3607 5225 3702 5278 εὐ-

2107 5331 2202 5396 οὒς
2229 5330 2366 5402 πρὸς
2389 5331 2449 5384 τὸ
2482 5329 2642 5400 σῶμα
2671 5325 2765 5380 τοῦ
2797 5329 2968 5396 Λόγου
3003 5323 3482 5397 μεταποιούμενος,
3520 5315 3705 5379 καθὼς

2106 5422 2322 5494 εἴρηται
2372 5421 2478 5475 ὑπὸ
2516 5420 2611 5474 τοῦ
2651 5420 2846 5487 Λόγου,
2878 5421 2959 5472 ὅτι
3011 5416 3198 5470 Τοῦτό
3240 5416 3370 5468 ἐστι
3421 5411 3490 5464 τὸ
3527 5407 3705 5476 σῶμά

2101 5534 2241 5586 μου.
2283 5515 2470 5585 Πάσης
2506 5513 2563 5567 δὲ
2597 5511 2798 5584 σαρκός
2832 5512 2927 5565 καὶ
2970 5510 3058 5563 διὰ
3103 5508 3197 5562 τοῦ
3231 5505 3399 5579 ὑγροῦ
3433 5501 3705 5573 τρεφομέ-

2110 5607 2310 5680 μένηςο
2350 5607 2410 5659 οὐ
2449 5605 2556 5677 γὰρ
2592 5605 2656 5660 ἂν
2687 5605 2808 5676 δίχα
2839 5603 2940 5673 τῆς
2983 5602 3120 5673 πρὸς
3149 5600 3306 5654 τοῦτο
3339 5595 3604 5664 συζυγίας
3639 5593 3706 5646 τὸ

2107 5699 2164 5750 ὲν
2193 5699 2323 5768 ἡμῖν
2355 5696 2556 5765 γεῶδες
2595 5698 2654 5751 ὲν
2697 5695 2774 5768 τῷ
2809 5694 2907 5765 ζῆν
2953 5692 3212 5760 διαμένοι.
3245 5691 3457 5758 Ὥσπερ
3487 5685 3574 5741 διὰ
3602 5683 3706 5753 τῆς

1158 5874 1178 5906 ³
1204 5873 1392 5931 Matth.
1427 5890 1574 5948 xm,
1598 5872 1709 5941 26;
1742 5873 1908 5932 Marc.
1945 5889 2056 5947 xiv,
2079 5870 2150 5930 ‘22
2171 5892 2188 5943 ;
2213 5873 2348 5931 an.
2386 5887 2520 5940 xm,
2556 5871 2643 5930 19.
