4132 6426
431 359 570 429 1965

1367 367 1744 430 PANOPLIA
1791 368 2250 432 DOGMATICA.
2290 394 2355 408 --
2395 371 2543 432 ΤΙΤ.
2588 374 2765 436 XXV.

3575 370 3706 438 1266

430 502 664 572 στερρᾶς
696 502 789 556 καὶ
825 504 1118 559 ἀντιτύπου
1164 508 1367 578 τροφῆς
1409 508 1470 562 τὸ
1508 510 1733 580 στερρὸν
1770 509 1867 563 τοῦ
1914 510 2011 563 σώ-

2117 508 2410 573 Quomodo
2433 516 2616 565 autem
2650 526 2748 582 per
2779 511 2979 565 durum
3017 518 3076 567 et
3104 511 3340 568 solidum
3384 513 3703 568 alimentum

431 607 601 659 ματος
645 590 1115 664 ὑποστηρίζομεν·
1176 597 1268 649 τὸν
1322 598 1483 651 αὑτὸν
1530 601 1732 670 τρόπον
1786 602 1878 654 καὶ
1937 602 2019 673 τῷ

431 682 581 753 ὑγρῷ
609 683 706 755 τὴν
752 687 1070 759 προσθήκην
1118 690 1194 741 ὲκπ
1228 691 1327 759 τῆς
1373 692 1666 763 ὁμογενοῦς
1716 695 2019 766 ποιούμεθα

427 773 661 842 φύσεως.
695 776 871 849 Ὅπερ
904 779 963 831 ὲν
1000 781 1131 849 ήμίν
1171 781 1480 852 γενόμενον,
1518 784 1618 837 διὰ,
1638 785 1740 855 τῆς
1786 787 2011 841 ἀλλοιω-

423 869 583 938 τικῆς
616 868 899 937 δυνάμεως
927 870 1333 940 ἐξαιματοῦται,
1368 875 1461 930 καὶ
1490 876 1724 946 μάλιστά
1754 895 1822 947 γε
1851 881 1898 932 εί
1926 879 2015 933 διὰ

423 956 519 1010 τοῦ
556 957 706 1012 οἶνου
739 960 893 1014 λάϐοι
916 960 1017 1032 τὴν
1048 963 1277 1036 δύναμιν
1314 968 1452 1038 πρὸς
1478 968 1688 1041 τὴνιεῑς
1720 970 1789 1024 to“
1813 972 2013 1043 θερμὸν

427 1051 805 1123 μεταποίησιν.
847 1053 1000 1107 Ἐπεὶ
1050 1052 1144 1110 οὖν
1182 1059 1275 1111 καὶ
1314 1060 1475 1114 τοῦτο
1503 1061 1666 1133 μέρος
1697 1065 1729 1133 ἡ
1770 1063 2015 1135 θεοδόχος

422 1140 633 1194 ἐκείνου
661 1142 799 1212 σὰρξ
828 1145 963 1216 πρὸς
996 1147 1093 1216 τὴν
1126 1148 1386 1205 σύστασιν
1417 1153 1614 1225 ἑαυτῆς
1643 1156 1975 1226 παρεδέξατο
1993 1173 2009 1189 ⁶

422 1234 452 1285 ό
485 1233 542 1286 δὲ
583 1235 920 1306 φανερωθεὶς
960 1239 1131 1308 Λόγος
1161 1241 1248 1296 διὰ
1280 1244 1439 1298 τοῦτο
1487 1246 1783 1315 κατέμιξεν.
1821 1250 2013 1303 ἑαυτὸν

421 1328 486 1395 τῇ
516 1326 766 1397 ὲπικήρῳ
788 1327 898 1381 τῶν
928 1330 1440 1402 ἀνθρὼπων-φύσει,
1477 1335 1564 1391 ἵνα
1593 1341 1661 1409 τῇ
1687 1342 1784 1410 τῆς
1818 1340 2012 1412 θεότη-

419 1428 512 1477 τος
538 1415 793 1487 κοινωνίᾳ
828 1421 1285 1494 συναποθεωρηθῇ
1317 1425 1377 1478 τὸ
1420 1427 1757 1499 ἀνθρώπινον
1778 1447 1791 1461 ·
1818 1432 2009 1485 τούτου

420 1500 579 1572 χάριν
620 1504 754 1557 πᾶσι
786 1508 898 1570 τοῖς
941 1514 1331 1567 πεπιστευκόσι
1359 1517 1423 1586 τῇ
1468 1518 1747 1591 οἰκονομίᾳ
1784 1522 1882 1592 τῆς
1913 1523 2011 1593 χὰ-

424 1610 569 1663 ριτος
603 1595 794 1649 ἑαυτὸν
839 1599 1121 1672 ὲνσπείρει
1165 1604 1253 1658 διὰ
1308 1607 1421 1677 τῆς
1455 1610 1676 1680 σαρκὸς,
1725 1608 1806 1676 οἷς
1838 1615 1873 1685 ἡ
1915 1613 2011 1667 σύ-

424 1701 614 1749 στασις
647 1686 706 1751 ἐξ
747 1686 895 1743 οἴνου
920 1706 977 1743 τε
1029 1693 1122 1747 καὶ
1152 1694 1317 1766 ἄρτου
1345 1700 1481 1765 ἐστὶ,
1506 1704 1619 1765 τοῖς
1660 1702 1879 1774 σώμασι
1901 1704 2010 1759 τῶν

2117 600 2449 655 soliditatem
2478 603 2729 672 corporis
2757 600 3017 659 fulcimus
3045 617 3109 658 ac
3136 602 3447 658 stabilimus
3472 645 3487 668 ,
3515 605 3703 658 eodem

2116 691 2281 747 modo
2327 694 2495 748 etiam
2548 678 2767 748 humori
2821 694 3174 765 adjungimus
3223 696 3593 749 accessionem
3637 710 3704 749 ex

2116 783 2594 853 natura-ejusdem
2629 784 2867 853 generis.
2906 783 3008 850 Qui
3042 786 3261 855 quidem
3292 800 3416 839 cum
3450 785 3617 839 fuerit
3648 785 3703 839 in

2120 875 2282 931 nobis
2302 913 2318 939 ,
2346 888 2443 945 per
2470 874 2740 932 alterandi
2775 876 3093 931 facultatem
3124 876 3185 931 ﬁt
3217 876 3441 947 sanguis
3461 916 3477 941 ,
3508 886 3561 930 et
3590 892 3705 930 ma-

2121 965 2266 1018 xime
2288 964 2335 1019 si
2369 979 2466 1035 per
2488 965 2674 1019 vinum
2707 968 2981 1037 acceperit
3010 968 3264 1022 virtutem
3297 971 3703 1024 transmutandi

2119 1056 2176 1111 in
2205 1058 2471 1112 calidum.
2502 1058 2774 1125 Quoniam
2809 1074 2938 1130 ergo
2962 1060 3106 1115 bane
3130 1076 3350 1132 quoque
3380 1068 3591 1131 partem
3619 1077 3707 1117 ae

2118 1148 2263 1217 cepit
2302 1162 2432 1203 caro
2462 1148 2555 1202 illa
2600 1148 2695 1204 Dei
2750 1152 3062 1220 susceptrix
3112 1150 3181 1205 ad
3229 1151 3320 1207 Dei
3354 1154 3705 1208 constitutio-

2117 1251 2285 1290 nem:
2341 1237 2755 1294 manifestatum
2808 1249 2991 1295 autem
3027 1240 3262 1297 Verbum
3310 1252 3597 1313 propterea
3644 1260 3704 1301 se

2118 1328 2414 1382 admiscuit
2464 1329 2708 1384 interitui
2763 1332 3016 1385 obnoxia:
3054 1332 3338 1388 hominum
3365 1343 3606 1401 naturae,
3641 1344 3704 1390 ut

2117 1421 2508 1477 communione
2543 1423 3045 1479 divinitatisssimut
3074 1426 3238 1480 etiam
3285 1425 3571 1483 deiﬁcetur
3602 1428 3705 1481 hu-

2116 1513 2357 1567 manitas
2385 1532 2398 1567 :
2431 1529 2508 1568 ea
2525 1514 2593 1569 de
2621 1530 2789 1570 causa
2826 1530 2928 1581 per
2950 1532 3063 1571 sua:
3105 1517 3291 1585 gratiae
3338 1517 3704 1588 dispensatio-

2117 1622 2241 1661 nem
2271 1622 2333 1661 se
2362 1622 2461 1676 per
2512 1621 2735 1662 carnem
2789 1607 2985 1662 inserit
3030 1608 3288 1666 omnibus
3319 1610 3700 1673 credentibus,

2116 1698 2444 1753 commistus
2496 1707 2550 1754 et
2599 1707 3049 1768 contemperatus
3095 1700 3424 1770 corporibus
3472 1702 3705 1758 creden-

418 1781 859 1835 πεπιστευκότων
898 1787 1383 1858 κατακιρνάμενος,
1424 1792 1500 1856 ὡς
1542 1793 1608 1847 ἂν
1650 1797 1717 1865 τῇ
1769 1795 1906 1865 πρὸς
1949 1797 2009 1850 τὸ

2116 1789 2282 1849 ιίιιιη,
2318 1789 2521 1858 quibus
2553 1790 2866 1844 substantia
2897 1798 2983 1845 est
3036 1806 3103 1845 ex
3140 1806 3282 1860 pane
3330 1800 3385 1846 et
3433 1792 3600 1856 vino,
3644 1804 3705 1849 ut

416 1867 681 1923 ἀθάνατον
711 1870 923 1935 ὲνώσει,
952 1876 1047 1929 καὶ
1073 1876 1362 1949 ἄνθρωπος
1390 1883 1488 1952 τῆς
1509 1883 1818 1956 ἀφθαρσίας
1848 1886 2008 1956 μέτο-

414 1978 506 2031 χος
546 1962 773 2031 γένοιτο.
801 1964 985 2020 Ταῦτα
1020 1967 1073 2021 δὲ
1108 1969 1313 2037 δίδωσι,
1338 1977 1406 2045 τῇ
1434 1976 1534 2046 τῆς
1561 1977 1812 2047 εὐλογίας
1844 1979 2004 2034 δυνά-

419 2068 510 2119 μει
552 2054 689 2124 πρὸς
743 2055 920 2107 ἐκεῖνο
966 2060 1456 2132 μεταστοιχειώσας
1510 2063 1619 2117 τῶν
1666 2067 2007 2137 φαινομένων

417 2142 513 2214 τὴν
547 2143 728 2211 φύσιν.

423 2252 555 2307 Ἔτι
584 2251 718 2319 περὶ
760 2249 864 2316 τῆς
902 2251 1289 2320 (incingi-suc
1316 2251 1422 2304 τοῦ
1458 2250 1827 2305 Δεσποτικοῡ
1873 2257 1991 2307 σώ-

581 2338 769 2391 ματος
799 2322 896 2375 καὶ
929 2322 1196 2389 αΖματος.
1230 2321 1335 2374 τοῦ
1366 2321 1788 2390 Δαμασκηνοῦ.

498 2415 749 2487 Ἀγαθὸς,
776 2416 871 2471 xal.
932 2415 1281 2486 πανάγαθος,
1305 2414 1404 2469 καὶ
1456 2416 1811 2487 ὑπεράγαθος
1847 2417 2004 2485 Θεὸς,

413 2508 443 2560 ὁ
475 2507 595 2573 ὅλος
616 2508 1014 2581 ὣννάγαθότης,
1045 2508 1137 2562 διὰ
1196 2508 1746 2579 τὸνὺπερῦἀλλοντα,
1774 2509 2008 2564 πλοῦτον

414 2596 515 2667 τῆς
558 2597 727 2652 αὑτοῦ
769 2597 1135 2666 ἀγαθότητος,
1169 2597 1271 2650 οὑκ
1323 2597 1586 2668 ἠνέσχετο
1635 2599 1802 2670 μόνον
1862 2595 2007 2654 εἶναι

414 2689 477 2743 τὸ
509 2689 741 2759 ἀγαθὸν,
784 2689 905 2761 ἦτοι
952 2689 1054 2761 τὴν
1100 2689 1298 2743 ἑαυτοῦ
1359 2689 1556 2759 φύσινο,
1613 2691 1719 2745 ὑπὸ
1773 2692 2006 2763 μηδενὸς

418 2780 809 2852 μετεχόμενον,
842 2778 978 2833 ἀλλὰ
1012 2776 1329 2832 καιτοὺτου
1369 2779 1531 2850 χάριν
1571 2781 1820 2850 ἐποίησε,
1853 2783 2008 2854 πρῶ-

414 2889 508 2927 τον
542 2872 642 2944 μὲν
670 2870 775 2937 τὰς
804 2870 1113 2943 νοερὰςκαὶ
1134 2871 1421 2940 οὐρανίους
1445 2872 1706 2943 δυνάμεις
1728 2890 1741 2903 ο
1778 2869 1899 2928 εἶτα
1914 2874 2008 2930 τὸν

415 2963 613 3033 ὁρατὸν
644 2962 741 3016 καὶ
789 2960 1052 3031 αἰσθητὸν
1095 2961 1342 3033 κόσμον
1374 2957 1497 3018 εἶτα
1549 2967 1615 3018 ἑκ
1671 2964 1862 3037 νοεροῦ
1911 2966 2009 3021 καὶ

417 3054 681 3125 αἰσθητοῦ
711 3054 802 3109 τὸν
853 3054 1145 3125 ἄνθρωπον
1165 3071 1178 3084 ·
1205 3056 1385 3109 πάντα
1423 3055 1525 3125 μὲν
1568 3052 1664 3111 οὖν
1683 3059 1753 3113 τὰ
1781 3059 1876 3112 ὑπ’
1904 3060 2004 3114 αὑ-

2116 1880 2320 1934 unione
2344 1895 2470 1934 cum
2495 1896 2563 1935 eo
2587 1880 2731 1951 quod
2764 1889 2847 1935 est
2877 1882 3217 1946 immortale,
3244 1884 3316 1937 sit
3339 1884 3503 1940 etiam
3539 1886 3702 1941 homo

2113 1972 2387 2042 particeps
2433 1973 2887 2044 incorruptionis.
2937 1974 3064 2028 Haec
3108 1984 3292 2031 autem
3337 1977 3462 2044 dat,
3500 1980 3701 2033 virtute

2112 2064 2515 2119 benedictionis
2562 2066 2616 2119 in
2664 2066 2795 2122 illud
2829 2068 3313 2123 trauselementata
3359 2084 3549 2123 eorum
3578 2088 3700 2140 quae

2116 2164 2381 2225 apparent
2413 2166 2500 2209 nat
2513 2173 2628 2210 ura.

2131 2265 2261 2320 Im»
2289 2263 2811 2385 detransmutatioze
2835 2264 3077 2346 corporis
3098 2272 3145 2316 et
3162 2265 3441 2334 sanguinis
3466 2263 3695 2326 Domini,

2800 2349 3089 2385 amascem.

2800 2349 3089 2389 amascem.

2177 2426 2440 2484 Humame
2481 2427 2671 2482 salutis
2703 2414 3015 2485 manantia.
3036 2458 3110 2472 -—
3134 2428 3278 2486 Deus
3372 2432 3466 2503 qui
3500 2432 3698 2502 bonus,

2101 2522 2196 2593 qui
2233 2522 2601 2592 undequaque
2632 2520 2837 2584 bonus.
2866 2521 2962 2592 qui
3003 2522 3299 2593 plusquam
3340 2525 3539 2593 bonus,
3587 2527 3701 2581 imo

2100 2615 2196 2685 qui
2223 2620 2377 2671 totus
2410 2614 2629 2670 bonitas
2650 2621 2756 2679 est,
2784 2620 3007 2685 propter
3023 2614 3267 2672 eximias
3290 2614 3560 2673 bonitatis
3584 2633 3699 2673 sum

2101 2705 2348 2770 divitias,
2388 2705 2618 2760 minime
2647 2720 2846 2776 passus
2874 2715 2980 2770 est,
3005 2721 3066 2762 se
3096 2707 3285 2763 solum
3307 2723 3430 2765 esse
3458 2709 3694 2775 bonum,

2101 2811 2332 2853 suamve
2371 2805 2651 2863 naturam,
2689 2797 2854 2866 cujus
2911 2798 3066 2854 nulla
3092 2814 3181 2854 res
3208 2801 3489 2871 particeps
3520 2811 3693 2867 esset,

2104 2904 2294 2946 verum
2359 2896 2415 2944 et
2450 2904 2575 2944 eam
2618 2888 2691 2944 ob
2742 2904 2972 2945 causam
3027 2890 3274 2961 primum
3319 2892 3697 2965 intelligentes

2099 2980 2466 3051 calestesque
2504 2981 2762 3047 virtutes,
3040 2990 3158 3038 tum
3188 2983 3388 3040 deinde
3427 2986 3701 3051 mundum

2100 3071 2252 3129 hunc
2290 3074 2385 3143 qui
2418 3073 2524 3129 sub
2554 3082 2845 3144 aspectum
2874 3082 2931 3131 et
2959 3089 3187 3130 sensum
3214 3076 3384 3141 cadit,
3412 3084 3696 3147 postremo

416 3146 514 3201 τοῦ
542 3146 817 3218 γενόμενα
846 3144 1284 3215 κοινωνοῦσιτῆς
1309 3146 1477 3201 αὑτοῦ
1506 3147 1845 3221 ἁγαθὸτητος
1864 3154 2007 3208 κατὰ

2115 3180 2169 3222 sx
2220 3166 2565 3236 intelligente
2620 3166 2987 3236 sensibilique
3044 3167 3355 3222 substantia
3412 3144 3693 3224 nominent

415 3238 478 3293 τὸ
514 3235 677 3296 εἶναι.
712 3239 887 3304 Δὺτδς
938 3238 1048 3311 γάρ
1072 3240 1189 3292 ἐστι
1221 3241 1334 3304 τοῖς
1374 3242 1511 3295 πᾶσι
1531 3242 1593 3296 τὸ
1620 3238 1782 3310 εἶναι,
1815 3246 2006 3318 ἐπειδὴ

2115 3258 2447 3314 ιιθιινὶι..Δο
2485 3273 2577 3314 res
2605 3258 2828 3328 quidem
2860 3235 3055 3313 omnes
3073 3274 3211 3328 quas
3237 3260 3514 3325 condidit,
3549 3278 3693 3333 qua-

413 3331 659 3400 ἐναὺτῷ
683 3334 804 3387 εισι
835 3332 909 3385 τὰ
938 3332 1109 3396 ὄντα,
1146 3332 1207 3386 οὑ
1244 3333 1405 3405 μόνον
1422 3335 1504 3389 ὅτι
1532 3337 1696 3401 αὑτὸς
1722 3339 1788 3393 ὲκ
1809 3340 1915 3394 τοῦ,
1932 3340 2007 3413 μὴ

2115 3356 2269 3405 tenus
2289 3360 2441 3412 sunt.
2474 3350 2778 3405 bonitatem
2818 3350 2998 3420 ipsius
3030 3351 3388 3423 participant,
3412 3368 3540 3411 cum
3569 3331 3695 3428 ipse

413 3422 569 3487 ὄντος
600 3422 685 3486 εἰς
715 3422 776 3475 τὸ
806 3417 947 3475 εἶναι
979 3420 1122 3475 αὑτὰ
1149 3423 1634 3495 παρήγαγεν,ἀλλ’
1665 3428 1748 3482 ὅτι
1777 3432 1810 3500 ή
1836 3430 2009 3486 αὑτοῦ

2115 3440 2379 3497 universis
2404 3455 2529 3495 esse
2560 3441 2656 3505 sit,
2699 3440 2961 3510 quoniam
2994 3440 3191 3510 inipsa
3253 3452 3376 3498 sunt
3418 3447 3600 3499 omnia
3656 3451 3693 3504 ι.

414 3518 667 3593 ὶνέργεια
693 3517 764 3573 τὰ
788 3518 880 3571 ὑπ’
923 3516 1097 3571 αὑτοῦ.
1128 3517 1399 3589 γενόμενα
1428 3525 1704 3595 νσυντηρεϊ
1744 3524 1841 3578 καὶ
1879 3541 2009 3578 συν-

2115 3547 2215 3587 non
2248 3531 2441 3586 solum»
2466 3531 2595 3601 quia
2623 3546 2687 3585 ex
2717 3530 2899 3586 nihilo
2936 3547 3001 3587 ea
3033 3534 3151 3602 ipse
3180 3536 3465 3605 produxit,
3500 3554 3691 3593 verum

416 3614 533 3686 ἔχει
552 3616 663 3675 ’,ὲκ
686 3611 951 3686 περισσοῦ
983 3612 1040 3666 δὲ
1069 3611 1137 3666 τὰ
1163 3611 1280 3679 ζῶα
1310 3628 1324 3642 °
1353 3615 1497 3670 κατὰ
1520 3633 1587 3683 ,τε
1610 3614 1720 3689 γὰρ
1751 3618 1814 3672 τὸ
1840 3614 2002 3686 εἶναι,

2115 3623 2177 3679 ob
2205 3622 2260 3679 id
2283 3623 2451 3678 etiam
2479 3622 2626 3694 quod
2656 3622 2950 3692 ejusactio
3010 3640 3099 3682 res
3138 3641 3171 3681 a
3199 3642 3260 3683 se
3290 3629 3548 3687 conditas
3570 3640 3696 3688 tue-

418 3709 515 3764 καὶ
541 3709 684 3763 κατὰ
707 3709 767 3761 τὸ
800 3705 949 3775 ζωῆς
989 3706 1263 3779 μετέχειν,
1293 3710 1617 3765 κοινωνοῦσι
1644 3709 1740 3764 τοῦ
1768 3710 1999 3780 ἀγαθοῦ.

2115 3723 2195 3770 tur
2228 3722 2285 3769 et
2311 3718 2642 3782 conservat;
2682 3712 2910 3769 uberius
2941 3721 3127 3770 autem
3179 3717 3512 3773 animantia.
3557 3717 3694 3774 Nam

403 3804 489 3860 Τὰ
517 3805 576 3861 δὲ
599 3805 814 3877 λογικὰ,
843 3806 941 3863 καὶ
964 3807 1118 3864 κατὰ
1136 3807 1208 3865 τὰ
1229 3808 1605 3879 προειρημένα
1640 3808 1762 3880 μὲν,
1791 3810 1854 3863 οὑ
1889 3811 1999 3881 μὴν

2115 3800 2321 3868 ὑοιιυιιί·
2347 3826 2476 3868 cum
2509 3812 2591 3869 eis
2625 3810 3027 3874 communicat,
3054 3818 3172 3864 tum
3221 3813 3500 3878 quatenus
3538 3810 3695 3871 sunt,

402 3898 542 3955 ἀλλὰ
575 3898 720 3954 κατὰ
744 3899 808 3954 τὸ
832 3899 1079 3969 λογικὸν,
1107 3902 1204 3956 καὶ
1227 3899 1406 3956 ταῦτα
1425 3902 1627 3971 μᾶλλον
1649 3917 1661 3930 ·
1687 3902 1999 3975 οἰκειότερα

2115 3911 2223 3958 tum
2258 3915 2537 3976 quatenus
2579 3906 2745 3961 vitam
2798 3910 3155 3973 acceperunt.
3192 3900 3263 3955 At
3285 3914 3417 3955 vero
3440 3912 3571 3969 qua
3603 3912 3699 3951 ra-

403 3992 517 4063 γάρ
567 3990 684 4056 πώς
740 3993 850 4046 εἱσι
904 3993 1045 4064 πρὸς
1096 3994 1280 4062 αὑτὸν,
1343 3995 1393 4048 εἰ
1440 3995 1537 4048 καὶ
1592 3995 1810 4060 πάντως
1842 3990 1997 4061 οὗτος

2115 3995 2259 4050 tione
2291 4003 2548 4063 utuntur,
2584 4004 2699 4052 tum
2727 3997 2801 4052 ob
2828 4010 2891 4051 ea
2918 4010 3042 4065 quae
3076 3993 3241 4048 modo
3283 3991 3547 4053 diximus,
3584 3997 3698 4043 tuin

406 4081 728 4154 ὑπέρκειται
766 4082 1142 4155 ἀσυγκρίτως.

2115 4089 2180 4143 ob
2228 4088 2504 4145 rationem
2560 4090 2729 4144 etiam
2797 4103 2907 4158 qua
2944 4086 3179 4157 pollent,
3222 4084 3354 4139 boni
3394 4081 3702 4151 participa-

408 4176 559 4230 tione
596 4177 881 4246 copiosius
915 4176 1200 4232 fruuntur.
1228 4173 1471 4233 Arctiori
1512 4177 1719 4233 etenim
1750 4176 2163 4248 quodammodo
2216 4178 2633 4235 necessitudine
2681 4194 2809 4234 cum
2868 4193 2938 4233 eo
3001 4175 3304 4245 cunjuncta
3362 4181 3531 4229 sunt:
3561 4179 3703 4225 tam-

407 4271 511 4328 etsi
544 4273 751 4343 alioqui
788 4274 882 4329 ille
904 4275 1335 4346 incomparabili
1369 4275 1715 4331 sublimitate
1745 4274 1939 4329 anima
1974 4281 2219 4345 superet.

492 4365 552 4419 '0
608 4366 795 4436 μέντοι
843 4366 1157 4435 ἄνθρωπος,
1210 4366 1432 4435 λογικὸς
1500 4368 1597 4420 καὶ
1651 4365 2005 4431 αὑτεξούσιος

2186 4366 2352 4438 Atqui
2386 4367 2554 4422 homo
2604 4367 2820 4421 ratione
2858 4365 3147 4434 liberaque
3185 4360 3469 4417 voluntate
3511 4356 3705 4427 praedi-

411 4456 727 4527 γενόμενος,
785 4458 1038 4525 ἐξουσίαν
1096 4458 1324 4529 εἴληφεν
1368 4459 1736 4521 ἀδιαλείπτως
1766 4460 1856 4511 διὰ
1905 4459 2007 4523 τῆς

2115 4465 2207 4511 tus
2236 4473 2364 4511 cum
2389 4467 2561 4525 esset,
2603 4459 2747 4513 hanc
2781 4465 3078 4527 acceperat
3128 4462 3480 4525 potestatem,
3513 4458 3573 4503 ut
3598 4463 3708 4519 «per

412 4547 625 4611 οἰκείας
640 4548 1022 4620 προαιρέσεως
1050 4549 1307 4603 ὲνοῦσθαι
1328 4549 1413 4619 τῷ
1427 4550 1571 4620 Θεῷ,
1605 4550 1659 4602 εἴ
1682 4567 1745 4618 γε
1775 4550 2011 4621 διαμένῃ

2116 4562 2270 4603 suam
2309 4549 2636 4603 electionem
2671 4549 3049 4603 indesinenter
3089 4561 3215 4600 cum
3260 4544 3371 4599 Deo
3404 4540 3712 4611 conjunge—

416 4640 477 4690 ὲν
525 4638 604 4710 τῷ
634 4641 848 4711 ἀγαθῷ,
899 4642 1150 4695 τουτέστι
1181 4644 1249 4713 τῇ
1288 4642 1384 4695 τοῦ
1429 4642 1733 4705 κτίσαντος
1768 4643 2008 4711 ὑπακοῇ.

2116 4649 2291 4703 retur,
2339 4640 2618 4710 siquidem
2668 4640 2724 4693 in
2768 4639 2938 4702 bono,
2999 4638 3103 4691 hoc
3149 4641 3234 4690 est
3286 4634 3345 4687 in
3395 4629 3710 4687 obedientia

430 4732 654 4805 Ἐπειδὴ
684 4735 867 4787 τοίνυν
896 4736 954 4788 ὲν
1007 4734 1326 4807 παραῦἀσει
1362 4735 1462 4806 τῆς
1505 4733 1601 4787 τοῦ
1639 4734 2011 4803 πεποιηκότος

2118 4729 2409 4784 Creatoris
2444 4729 2808 4798 perstitisset.
2844 4726 3118 4793 Quoniam
3155 4739 3289 4779 vero
3311 4720 3594 4778 Creatoris
3623 4720 3712 4775 sui

417 4827 583 4881 αὑτὸν
612 4828 836 4896 ἐντολῆς
866 4827 1085 4896 γέγονε,
1144 4828 1242 4881 καὶ
1276 4828 1494 4899 θανάτῳ
1543 4828 1638 4882 καὶ
1667 4827 1847 4898 φθορᾷ
1874 4829 2009 4880 ὑπο-

420 4920 736 4983 πέπτωκεν,
774 4919 805 4970 ὑ
833 4919 1069 4990 Ποιητὴς
1128 4920 1225 4972 καὶ
1281 4920 1629 4991 Δημιουργὸς
1680 4917 1776 4972 τοῦ
1817 4920 2013 4987 γένους

420 5012 578 5082 ἡμῶν
607 5011 695 5065 διὰ
727 5011 1019 5082 σπλάγχνα
1079 5011 1266 5075 ἐλέους
1318 5012 1487 5066 αὑτοῦ
1536 5011 1800 5083 ὡμοιώθη
1852 5013 2010 5083 ἡμῖν,

421 5106 565 5158 κατὰ
600 5105 782 5160 πάντα
836 5106 1133 5175 γενόμενος
1191 5104 1478 5178 ἄνθρωπος
1504 5106 1677 5175 χωρὶς
1706 5105 2014 5175 ἁμαρτίας,

422 5196 519 5246 καὶ
557 5193 743 5266 ὴνώθη
777 5198 843 5268 τῇ
877 5195 1124 5267 ἡμετέρᾳ
1157 5194 1345 5265 φύσει.
1388 5195 1610 5267 Ἐπειδὴ
1652 5194 1764 5266 γὰρ
1790 5195 2023 5264 μετέδω-

426 5301 525 5337 κεν
555 5286 691 5355 ἡμῖν
720 5288 823 5357 τῆς
855 5286 996 5349 ιδίας
1022 5284 1256 5349 εἰκόνος,
1290 5286 1388 5339 καὶ
1412 5285 1660 5340 ταὺνίδίου
1686 5285 2021 5355 πνεύματος,

428 5376 521 5427 καὶ
550 5376 652 5429 οὑκ
682 5376 1050 5449 ἐφυλάξαμενν,
1094 5376 1507 5449 μεταλαμϐάνει
1539 5379 1706 5442 αὐτὸς
1744 5380 1844 5449 τῆς
1880 5394 2026 5430 πτω-

427 5469 532 5539 χῆς
553 5472 648 5523 καὶ
671 5471 936 5537 ἀσθενοῦς
964 5473 1127 5543 ήμῶν
1177 5471 1416 5541 φύσεως,
1474 5473 1562 5526 ἵνα
1591 5474 1741 5545 ἡμᾶς
1780 5472 2025 5543 καθάρῃ,

430 5566 525 5617 καὶ
552 5563 889 5638 ἀφθαρτίσῃ,
924 5565 1018 5619 καὶ
1044 5566 1310 5638 μετόχους
1336 5565 1501 5623 πάλιν
1540 5568 1637 5638 τῆς
1657 5564 1826 5620 αὑτοῦ
1851 5582 2027 5621 κατα-

432 5656 610 5728 στήσῃ
644 5656 923 5729 θεότητος.

547 5870 560 5900 ¹
603 5867 760 5922 Rom.
795 5883 867 5933 χι,
900 5867 990 5923 '56.
1097 5865 1117 5897 ’
1147 5863 1313 5921 Hebr.
1346 5882 1407 5935 ιι,
1442 5863 1528 5919 17.

2118 4820 2331 4874 violato
2379 4829 2677 4890 praecepto,
2725 4818 2893 4873 morti
2933 4826 2989 4872 et
3040 4813 3395 4885 corruptioni
3434 4810 3714 4867 obnoxius

2119 4912 2246 4979 fuit,
2299 4912 2510 4967 idcirco
2568 4911 2790 4982 generis
2844 4910 3023 4965 nostri
3045 4907 3357 4962 Productor
3398 4911 3455 4961 et
3492 4902 3713 4974 Opil‘ex,

2119 5002 2191 5057 ob
2220 5000 2612 5057 misericordiae
2640 5016 2755 5057 suae
2784 5002 3015 5065 viscera,
3052 4998 3402 5055 assimiletus
3425 5004 3511 5053 est
3533 4994 3718 5058 nobis,

2122 5094 2292 5149 homo
2332 5094 2512 5149 fastus
2540 5094 2666 5150 sine
2695 5100 2953 5163 peccato,
2991 5102 3303 5161 nostrasque
3340 5095 3554 5145 naturae
3579 5086 3719 5139 uni-

2127 5198 2217 5242 tus
2243 5185 2346 5240 fuit
2406 5188 2446 5240 ’.
2483 5184 2644 5252 Nam,
2687 5186 2815 5257 quia
2861 5185 3161 5255 imaginem
3212 5183 3407 5252 ipsius,
3465 5187 3520 5234 et
3550 5177 3721 5246 spiri-

2127 5291 2244 5335 tum
2275 5295 2439 5351 quem
2475 5280 2642 5335 nobis
2668 5279 2920 5343 dederat,
2950 5278 3179 5332 minime
3203 5273 3575 5335 servavimus,
3603 5272 3721 5339 ipse

2126 5389 2254 5429 cum
2290 5388 2536 5446 paupere
2574 5374 2903 5441 inﬁrmaque
2961 5378 3158 5424 natura
3220 5376 3412 5421 nostra
3443 5378 3722 5418 commer—

2129 5468 2275 5523 cium
2302 5466 2447 5534 iniit,
2473 5478 2586 5538 quo
2612 5480 2715 5521 nos
2736 5466 3010 5535 expiaret,
3044 5469 3210 5527 atque
3249 5457 3317 5511 ad
3348 5454 3723 5523 incorruptio-

2130 5561 2219 5617 nis
2261 5566 2465 5616 statum
2494 5561 2815 5625 translatos,
2851 5572 2967 5614 suae
3000 5568 3221 5609 rursum
3250 5548 3560 5606 divinitatis
3600 5547 3725 5603 red-

2130 5649 2287 5706 deret
2316 5647 2639 5721 participes.
