4132 6408
441 331 579 395 1°2'9

1336 339 1716 401 PANOPLIA
1749 341 2225 403 DOGMATICA.
2265 365 2334 379 -·-
2375 342 2521 405 TlT.
2567 343 2747 404 XXV.

3555 342 3692 407 1270

439 467 543 514 κω,
588 450 971 521 ’Δποκρίνεται
1002 453 1244 524 Γαϐριὴλ
1273 457 1302 509 6
1347 459 1696 527 ἀρχάγγελος
1722 477 1737 491 ο
1767 459 2004 528 Πνεῦμα

2115 461 2358 531 quoniam
2387 463 2559 518 virum
2610 478 2719 515 non
2766 462 3063 532 cognosco‘
3100 461 3124 516 Ἰ
3180 462 3282 517 Cui
3329 462 3551 519 Gabriel
3603 481 3690 518 ar-

438 543 610 610 ἅγιον
627 541 1017 598 ἐπελεύσεται
1039 546 1137 600 ἐπὶ
1157 548 1254 614 σὲ,
1272 549 1371 602 καὶ
1387 550 1645 620 δύναμις
1690 552 1705 572 ⁹
1717 553 1994 620 Υψίστου

436 633 784 691 ἐπισκιάσει
808 649 932 691 σοι.
952 637 1064 690 Καὶ
1091 637 1186 690 νῦν
1215 640 1427 710 ἐρωτᾷς
1452 642 1568 705 πῶς
1602 644 1630 697 6
1660 642 1824 712 ἄρτος
1855 645 2002 713 γίνε-

436 742 506 778 τα
553 726 714 788 σῶμα
753 728 1022 796 Χριστοῦ,
1053 731 1196 784 καὶὸ
1239 728 1384 795 οἶνος
1425 734 1603 787 καὶτὸ
1642 735 1808 803 ὕδωρ,
1865 729 2010 805 αἷμα

437 817 702 887 Χριστοῦ.
727 821 886 888 Λέγω
919 838 1001 876 σοι
1031 823 1186 890 κάγώ
1216 841 1229 854 ·
1282 826 1504 895 Πνεῦμα
1537 825 1693 894 ἁγιον
1733 830 2007 900 ἐπιφοιτᾷ,

436 914 530 962 καὶ
558 909 732 965 ταῦτα
752 915 898 966 ποιεῖ
925 915 994 969 τά
1022 915 1162 986 ὑπὲρ
1198 915 1354 985 λόγον
1386 921 1477 972 καὶ
1503 919 1736 975 ἔννοιαν.

509 1091 709 1161 ’Δρτος
739 1091 794 1144 δὲ
830 1093 926 1148 καὶ
967 1090 1111 1158 οἶνος
1151 1098 1659 1168 παραλαμϐάνεται·
1707 1103 1813 1156 οἵδε
1843 1100 1954 1174 γὰρ
1980 1106 2010 1160 6

433 1183 567 1246 Θεὸς
594 1187 694 1256 τὴν
719 1185 1071 1259 ἀνθρωπίνην
1110 1190 1400 1246 ἀσθένειαν
1423 1209 1439 1224 ο
1488 1194 1566 1257 ὡς
1593 1195 1662 1248 τά
1691 1195 1863 1250 πολλὰ
1897 1200 2009 1269 γὰρ

433 1275 501 1328 τὰ
528 1275 605 1346 μὴ
641 1278 784 1331 κατά
807 1279 906 1349 τὴν
937 1283 1234 1353 συνήθειαν
1278 1288 1642 1357 τετριμμένα,
1667 1289 2009 1361 ἀποστρέφε-

434 1383 523 1420 ται
547 1368 998 1437 δυσχεραίνουσα·
1020 1376 1086 1444 τῇ
1113 1373 1206 1426 οὖν
1240 1378 1649 1443 συγκατασάσει
1672 1379 1891 1447 συνήθει
1917 1398 2010 1435 κε-

435 1460 733 1528 χρημένος,
789 1459 877 1514 διὰ
906 1463 1016 1516 τῶν
1071 1466 1318 1535 συνήθων
1361 1469 1461 1538 τῆς
1503 1469 1720 1539 φύσεως
1773 1475 1920 1527 ποιεί
1939 1473 2009 1528 τά

437 1551 580 1620 ὑπὲρ
632 1553 814 1621 φύσιν·
879 1556 974 1607 καὶ⁸
1041 1556 1232 1628 ὥσπερ
1284 1561 1374 1612 ἐπὶ
1444 1561 1538 1617 τοῦ
1596 1563 2004 1634 βαπτίσματος,

435 1641 622 1707 ἐπειδὴ
652 1640 772 1704 ἔθος
796 1643 1113 1711 ἀνθρώποις
1161 1646 1315 1702 ὕδατι
1359 1648 1646 1718 λούεσθαι,
1702 1655 1798 1708 καὶ
1841 1655 2008 1728 ἐλαίῳ

433 1730 704 1802 χρίεσθαι,
742 1736 1032 1800 συνέξευξε
1056 1737 1135 1805 τῷ
1167 1739 1333 1811 ἐλαίῳ
1384 1743 1481 1795 καὶ
1523 1742 1676 1799 ὕδατι
1722 1749 1823 1816 τὴν
1845 1746 2007 1818 χάριν

2113 553 2411 622 οιιειικειιιε
2439 570 2454 608 :
2479 553 2709 622 Spiritus
2751 564 2966 609 sanctus
3014 555 3344 622 superveniet
3392 556 3449 608 in
3493 564 3562 623 te,
3642 567 3691 610 et

2112 646 2279 700 virtuts
2317 645 2582 700 Altissimi
2606 646 2938 701 obumbrabit
2967 649 3061 700 tibi
3088 648 3127 700 '.
3164 647 3245 702 Tu
3271 661 3491 717 quoque
3545 663 3693 702 nunc

2111 738 2335 808 quaeris,
2391 739 2486 808 qui
2553 743 2711 807 panis
2736 739 2826 793 ﬂat
2867 755 3068 808 corpus
3093 740 3321 806 Christi,
3376 755 3440 795 ac
3497 740 3689 794 vinum

2111 841 2167 888 et
2193 847 2358 903 aqua,
2383 833 2607 903 sanguis
2631 833 2798 889 illius.
2836 833 2949 904 Ego
2985 849 3118 890 vero
3149 835 3247 888 tibi
3285 848 3490 904 repono
3521 835 3696 903 Spiri-

2113 932 2230 979 tum
2254 932 2507 980 sanctum
2536 926 2915 994 supervenire,
2939 935 2994 981 et
3016 943 3078 980 ea
3108 927 3310 991 facere,
3337 942 3456 995 qua:
3478 940 3697 983 sermo-

2111 1031 2235 1073 nem
2273 1026 2712 1089 conceptumque
2746 1035 2970 1075 omnem
3008 1020 3198 1089 procul
3227 1029 3583 1089 exsuperant.

2183 1108 2464 1180 Curpanis
2507 1121 2556 1166 et
2585 1113 2764 1166 vinum
2825 1122 2893 1166 ad
2954 1113 3353 1168 Eucharistiam
3405 1113 3694 1166 adhibean-

2114 1210 2219 1256 tur.
2251 1229 2320 1242 —-
2352 1202 2515 1257 Panis
2555 1217 2718 1272 porro
2769 1204 3068 1273 vinumque
3123 1203 3480 1268 adhibentur,
3538 1202 3689 1272 quia,

2111 1307 2239 1350 cum
2272 1295 2382 1351 Deo
2412 1295 2692 1366 explorata
2732 1296 2805 1350 sit
2841 1295 3192 1350 imbecillitas
3245 1295 3504 1356 humana,
3543 1309 3688 1364 qum,

2115 1396 2176 1442 ut
2208 1386 2528 1456 plurimum,
2565 1404 2627 1443 ea
2657 1398 2941 1443 aversetur
2967 1403 3089 1458 qua:
3120 1404 3222 1443 usu
3276 1388 3500 1441 minime
3564 1387 3690 1441 trita

2114 1478 2445 1546 sunt;hinc
2475 1478 2535 1533 ﬁt
2559 1487 2618 1533 ut
2650 1494 2752 1550 pro
2812 1480 2972 1534 solita
3031 1495 3130 1534 sua
3174 1494 3302 1549 erga
3355 1493 3456 1533 nos
3511 1478 3693 1532 indul-

2112 1573 2314 1643 gentia,
2343 1587 2438 1642 per
2464 1587 2529 1627 ea
2559 1587 2680 1642 quae
2711 1580 2922 1627 natura:
2954 1572 3246 1627 familiaria
3281 1580 3432 1635 sunt,
3469 1588 3555 1626 res
3590 1587 3692 1625 na-

2112 1673 2236 1720 tura
2267 1664 2619 1720 sublimiores
2677 1665 2898 1720 eﬂiciat.
2959 1664 3026 1720 Et
3087 1667 3230 1719 sicut
3283 1664 3337 1718 in
3391 1664 3691 1733 baptismo,

2109 1755 2371 1828 quoniam
2402 1759 2457 1810 in
2486 1769 2639 1810 more
2674 1756 2958 1810 hominum
3008 1756 3248 1825 positum
3300 1765 3406 1822 εει,
3438 1765 3499 1809 ut
3549 1769 3691 1826 aqua

431 1822 526 1919 τοῦ
565 1823 902 1893 Πνεύματος,
937 1829 1032 1881 καὶ
1057 1831 1315 1900 ἐποίησεν
1342 1834 1474 1888 αὐτὸ
1508 1834 1736 1907 λουτρὸν
1778 1840 2004 1909 ἀναγεν-

2115 1822 2370 1904 laventur
2403 1889 2419 1915 ,
2480 1858 2538 1903 et
2607 1855 2878 1919 uagantur
2919 1822 3084 1912 oleo,
3165 1845 3402 1916 Spiritus
3457 1822 3686 1917 gratiam

435 1913 667 1983 νήσεωςο
703 1917 898 1982 οὕτως,
954 1919 1145 1991 ἐπειδὴ
1175 1923 1300 1988 ἔθος
1349 1927 1465 1990 τοῖς
1491 1926 1805 2000 ἀνθρώποις
1839 1933 2006 2004 ἄρτον

433 2007 657 2072 ἐσθίειν,
695 2007 837 2080 ὕδωρ
867 2028 928 2065 τε
963 2013 1059 2066 καὶ
1087 2010 1232 2070 οῐνον
1294 2017 1500 2085 πίνειν,
1551 2023 1872 2091 συνέζευξεν
1909 2028 2007 2082 αύ-

429 2100 546 2161 τοῖς
569 2099 671 2191 τλὴν
703 2101 871 2156 αὐτοῦ
903 2103 1156 2178 θεότητα,
1191 2110 1287 2164 καὶ
1319 2113 1627 2183 πεποίηκεν
1678 2117 1816 2172 αὐτὰ
1843 2119 2003 2191 σῶμα

431 2191 528 2244 καὶ
553 2186 694 2262 αἷμα
715 2195 908 2261 αὐτοῦ,
938 2197 1024 2252 ἵνα
1048 2199 1137 2254 διὰ
1161 2202 1271 2257 τῶν
1301 2206 1551 2276 συνήθων
1588 2209 1681 2264 καὶ
1716 2212 1859 2268 κατά
1896 2186 2002 2283 (ρύ-

433 2300 538 2350 σιν,
574 2288 634 2338 ὲν
656 2288 772 2353 τοῖς
805 2289 948 2359 ὑπὲρ
971 2292 1134 2361 φύσιν
1161 2295 1474 2365 γενώμεθα.

2116 1954 2239 1996 cum
2274 1939 2397 1994 oleo
2422 1947 2477 1994 et
2508 1953 2649 2009 aqua
2691 1938 2989 2008 capulavit,
3018 1946 3075 1992 ut
3115 1938 3396 1992 lavacrum
3455 1951 3689 2007 regene-

2114 2032 2344 2089 rationis
2367 2031 2522 2086 illum
2547 2030 2781 2087 iaceret.
2812 2030 3097 2085 Consimili
3151 2029 3337 2094 modo,
3407 2031 3535 2099 quia
3585 2028 3687 2083 ho-

2113 2125 2323 2180 minum
2343 2124 2686 2180 consuetudo
2707 2125 2815 2179 fert
2845 2134 2903 2179 ut
2933 2138 3128 2194 panem
3165 2124 3352 2188 edant,
3383 2125 3687 2192 vinumque

2111 2225 2166 2274 et
2200 2233 2395 2289 aquam
2420 2219 2648 2285 bibant;
2684 2218 2890 2273 idcirco
2926 2217 3214 2287 conjuncta
3242 2230 3366 2270 cum
3423 2215 3530 2269 illis
3587 2229 3686 2270 SILI

2111 2309 2419 2376 divinitate,
2453 2311 2568 2365 inec
2595 2325 2796 2379 corpus
2836 2319 2893 2364 et
2943 2310 3266 2379 sanguinem
3313 2321 3474 2363 suum
3533 2307 3684 2371 iecEt,

433 2380 510 2438 uti
546 2395 645 2451 per
669 2382 863 2436 usitata
884 2390 942 2438 et
983 2395 1190 2441 natura:
1225 2400 1592 2445 consentanea
1641 2405 1994 2465 assurgamus
2023 2397 2092 2454 ad
2123 2414 2187 2456 ea
2216 2415 2338 2470 qua:
2357 2415 2520 2470 supra
2551 2409 2800 2454 naturam
2825 2409 2973 2454 sunt.

501 2475 670 2546 Σῶμά
693 2478 845 2532 ἐστιν
875 2479 1092 2549 ἀληθῶς
1132 2483 1411 2554 ἡνωμένον
1446 2485 1685 2558 θεότητι,
1724 2490 1786 2542 τὸ
1808 2492 1873 2544 ὲκ
1905 2491 2006 2556 τῆς

2189 2493 2388 2565 Corpus
2456 2493 2654 2549 Christi
2707 2495 2760 2548 in
2797 2492 3141 2548 Eucharistia
3191 2509 3296 2547 non
3348 2491 3686 2560 adductione,

431 2567 591 2636 ἁγίας
623 2571 907 2643 Παρθένου
937 2574 1120 2645 σῶμα,
1165 2577 1262 2648 οὐχ
1293 2577 1372 2632 ὅτι
1405 2579 1467 2632 τὸ
1496 2580 1813 2652 ἀναληφθὲν
1845 2585 2004 2655 σῶμα

2115 2589 2201 2644 sed
2222 2587 2598 2642 elementorum
2636 2589 2988 2642 conversione.
3017 2615 3090 2626 —-
3136 2585 3349 2655 Corpus
3397 2593 3483 2642 est
3543 2584 3687 2641 divi-

430 2663 492 2728 ἐξ
549 2663 785 2734 ούρανοῦ
833 2668 1188 2738 κατέρχεται,
1243 2669 1360 2723 ἀλλ’
1412 2671 1495 2725 ὅτι
1529 2671 1697 2737 αὐτὸς
1754 2677 1783 2729 6
1836 2675 2000 2746 ἄρτος

2115 2679 2268 2732 nitati
2306 2693 2433 2733 vere
2463 2679 2699 2746 unitum,
2729 2677 2875 2747 quod
2907 2691 2974 2730 ex
2999 2685 3189 2730 sancta
3227 2675 3451 2746 Virgine
3501 2686 3686 2731 ortum

417 2763 512 2818 καὶ
531 2755 677 2827 οἶνος
698 2766 1125 2835 μεταποιοῦνται
1205 2767 1286 2832 εἰς
1308 2766 1472 2839 σῶμα
1485 2769 1580 2824 καὶ
1597 2766 1736 2844 αἷμα
1751 2772 1911 2830 Θεοῦ.
1937 2773 2004 2828 Εί

2115 2772 2329 2840 habuit,
2366 2789 2478 2830 non
2520 2781 2581 2828 ut
2607 2772 2746 2828 illud
2789 2770 2939 2843 quod
2983 2772 3037 2827 in
3076 2770 3251 2828 caelos
3292 2777 3574 2842 receptum
3602 2776 3708 2832 est,

417 2855 472 2910 δὲ
488 2855 582 2910 τὸν
598 2855 806 2928 τρόπον
833 2857 1135 2929 ἐπιζητεῖς,
1155 2859 1278 2923 πῶς
1291 2858 1520 2929 γίνεται,
1542 2862 1706 2933 ἀρκεῖ
1721 2881 1802 2917 σοι
1832 2863 2003 2918 ἀκοῦο

2115 2881 2315 2936 corpus
2349 2864 2694 2929 descendat;
2747 2864 2844 2920 sed
2890 2865 3020 2936 quia
3055 2863 3217 2935 panis
3263 2863 3382 2934 ipse
3432 2870 3488 2919 et
3519 2862 3706 2917 vinum

417 2964 530 3014 σαι,
563 2949 647 3003 ὅτι
695 2948 784 3002 διά
841 2949 1163 3025 Πνεύματος
1205 2951 1389 3021 ἁγίου,
1420 2951 1609 3024 ὥσπερ
1656 2954 1752 3007 καὶ
1795 2955 1859 3007 ὲκ
1911 2955 2004 3022 τῆς

2115 2957 2163 3011 in
2206 2971 2418 3026 corpus
2465 2963 2521 3012 et
2571 2957 2902 3026 sanguinem
2961 2954 3059 3009 Dei
3115 2962 3592 3010 transmutantur.
3650 2950 3708 3006 Si

417 3038 579 3110 ἁγίας
607 3041 874 3097 Θεοτόκου
903 3041 994 3096 διὰ
1035 3043 1354 3113 Πνεύματος
1400 3043 1557 3112 ἁγίου
1603 3046 1801 3117 ἑαυτῷ,
1827 3046 1924 3102 καὶ
1949 3048 2004 3101 ὲν

2115 3050 2385 3121 requiras,
2441 3065 2687 3120 quonam
2727 3056 2894 3120 pacto
2945 3048 3098 3104 istud
3344 3047 3460 3112 ﬁat,
3495 3054 3582 3101 sat
3613 3046 3708 3100 tibi

419 3132 599 3203 ἑαυτῷ
619 3135 646 3188 6
675 3133 885 3207 Κύριος
917 3134 1098 3206 σάρκα
1124 3136 1504 3207 ὑπεστήσατο·
1527 3138 1625 3192 καὶ
1660 3138 1824 3193 πλέον
1855 3139 2004 3195 οὐδὲν

2115 3142 2181 3198 sit
2216 3141 2436 3207 audire,
2469 3142 2578 3196 hoc
2609 3141 2727 3196 ﬁeri
2757 3157 2853 3210 per
2885 3139 3158 3212 Spiritum
3194 3146 3449 3194 sanctum
3480 3157 3494 3204 ;
3522 3152 3710 3208 quem-

415 3222 782 3295 γινώσκομεν,
810 3224 930 3279 ἀλλ’
965 3225 1049 3280 ὅτι
1076 3227 1106 3280 6
1137 3225 1298 3295 λόγος
1323 3226 1420 3280 τοῦ
1456 3227 1595 3282 Θεοῦ
1621 3227 1834 3301 ἀληθής
1861 3229 2002 3296 ἐστι,

2115 3234 2412 3289 admodum
2446 3243 2502 3290 et
2547 3249 2614 3289 ex
2681 3241 2878 3288 sancta
2938 3231 3036 3287 Dei
3101 3231 3388 3286 Genitrice
3441 3231 3711 3286 Dominus

413 3316 510 3370 καὶ
538 3318 792 3389 ἐνεργὴς.
819 3318 919 3372 καὶ
945 3317 1385 3390 παντοδύναμος,
1412 3320 1444 3372 6
1492 3320 1552 3374 δὲ
1585 3320 1789 3391 τρόπος
1839 3321 1997 3386 ἀνεξ-

2115 3326 2332 3396 sibiipsi
2375 3339 2604 3381 carnem
2651 3324 2980 3394 assumpsit,
3032 3339 3156 3394 qua:
3202 3324 3258 3378 in
3306 3325 3490 3390 seipso
3525 3323 3710 3378 subsi-

413 3407 726 3479 ερεύνητος.
750 3408 826 3462 Οὐ
856 3410 1040 3479 χεῖρον
1055 3409 1112 3464 δὲ
1135 3411 1229 3464 καὶ
1253 3410 1416 3466 τοῦτο
1433 3413 1634 3477 εἰπεῖν,
1670 3413 1775 3476 ὅτι,
1809 3411 2002 3484 ὥσπερ

2115 3426 2284 3476 steret
2319 3436 2334 3472 :
2368 3433 2472 3474 nec
2524 3418 2767 3485 amplius
2797 3417 3108 3488 quidquam
3161 3416 3323 3471 nobis
3353 3425 3708 3486 perspectum

413 3499 660 3566 φυσικῶς
681 3499 774 3553 διὰ
801 3499 901 3570 τῆς
947 3499 1206 3570 βρώσεως
1242 3502 1272 3554 6
1304 3502 1494 3573 ἄρτος,
1529 3502 1628 3556 καὶ
1661 3503 1692 3556 6
1733 3499 1879 3567 οἶνος
1907 3503 2004 3558 καὶ

2115 3520 2196 3568 est
2228 3521 2283 3566 et
2317 3513 2696 3582 exploratum,
2725 3525 2894 3580 quam
2953 3510 3106 3579 quod
3167 3508 3264 3564 Dei
3310 3524 3496 3564 sermo
3547 3525 3708 3564 verax

411 3589 474 3643 τὸ
517 3588 663 3661 ὕδωρ
710 3590 800 3645 διὰ
832 3591 933 3661 τῆς
985 3591 1200 3656 πόσεως
1246 3594 1328 3656 εἰς
1379 3592 1543 3662 σῶμα
1575 3594 1672 3647 καὶ
1713 3590 1856 3664 αἷμα
1906 3594 2001 3647 τοῦ

2115 3604 2416 3674 eﬂieaxque
2447 3612 2552 3668 est,
2589 3612 2758 3673 atque
2814 3603 3002 3658 omnia
3056 3608 3278 3672 potest;
3324 3601 3522 3656 modus
3578 3616 3711 3655 vero

413 3681 690 3748 ἐσθίοντος
735 3685 833 3738 καὶ
881 3685 1132 3749 πίνοντος
1179 3685 1635 3756 μεταϐάλλονται,
1685 3688 1782 3741 καὶ
1821 3686 1887 3743 οῦ
1917 3686 2004 3755 γί-

2115 3695 2438 3766 investigari
2497 3709 2730 3766 prorsus
2791 3695 2984 3764 nequit
3041 3695 3085 3747 ’.
3139 3692 3278 3747 Illud
3328 3707 3463 3748 vero
3523 3692 3708 3747 dicere

411 3791 596 3829 νονται
621 3785 650 3812 η
679 3776 868 3849 ἕτερον
901 3778 1064 3850 σῶμα
1116 3779 1271 3851 παρά
1302 3779 1364 3834 τὸ
1392 3780 1660 3851 πρότερον
1701 3779 1869 3834 αὑτοῦ
1903 3779 2004 3834 σῶ-

2115 3788 2356 3842 alienum
2390 3802 2502 3843 non
2536 3795 2657 3854 est,
2679 3787 3147 3858 quemadmodum
3179 3785 3509 3840 naturaliter
3547 3785 3708 3856 panis

413 3883 520 3937 μα·
558 3867 734 3932 οὕτως
779 3872 808 3924 6
857 3870 957 3940 τῆς
991 3870 1311 3942 προθέσεως
1501 3872 1684 3938 ἀρτος,
1721 3869 1865 3936 οἶνός
1911 3890 2000 3939 τε,

2115 3895 2198 3949 per
2243 3880 2668 3944 comestionem,
2710 3879 3009 3948 vinumque
3048 3886 3106 3934 et
3161 3893 3307 3949 aqua
3369 3892 3466 3946 per
3517 3878 3700 3947 potio-

410 3960 503 4013 καὶ
536 3961 680 4031 ὕδωρ
708 3961 797 4015 διὰ
848 3963 950 4033 τῆς
977 3963 1326 4031 ἐπικλήσεως
1355 3963 1453 4018 καὶ
1482 3968 1880 4035 ὲπιφοιτήσεως
1905 3965 2002 4020 τοῦ

2115 3986 2260 4038 nem,
2298 3972 2355 4026 in
2410 3987 2614 4042 corpus
2655 3979 2710 4026 et
2759 3969 3088 4041 sanguinem
3140 3968 3487 4024 comedentis
3520 3977 3575 4024 et
3621 3968 3706 4024 bi-

410 4052 567 4120 ἁγίου
610 4054 957 4125 Πνεύματος,
999 4058 1303 4128 ὑπερφυῶς
1353 4057 1786 4129 μεταποιοῦνται
1822 4061 1904 4122 εἰς
1943 4059 2004 4112 τὸ

2115 4063 2295 4119 bentis
2324 4072 2803 4126 transmutantnr,
2847 4071 2908 4116 ut
2938 4077 3042 4116 nec
3075 4076 3280 4131 corpus
3322 4062 3456 4116 [iant
3499 4060 3648 4115 aliud
3676 4076 3704 4112 a

409 4145 571 4216 σῶμα
603 4147 699 4201 τοῦ
734 4148 974 4220 Χριστοῦ
1021 4150 1116 4204 καὶ
1140 4151 1203 4205 τὸ
1242 4146 1405 4221 αἷμα,
1433 4153 1532 4206 καὶ
1580 4150 1686 4206 οὐκ
1739 4152 1850 4205 eisi
1883 4151 1999 4220 δύο,

2115 4169 2344 4226 corpore
2373 4156 2498 4226 ejus
2532 4155 2686 4226 quod
2728 4156 2886 4226 prius
2919 4153 3179 4209 exstabat
3213 4171 3230 4208 :
3258 4142 3342 4210 sic
3381 4167 3580 4222 panem
3613 4152 3707 4221 qui

405 4239 522 4293 ἀλλ’
553 4239 614 4294 ἓν
775 4241 871 4296 καὶ
895 4241 960 4295 τὸ
987 4243 1142 4299 αὑτό.

2115 4246 2166 4301 in
2207 4247 2456 4317 prothesi
2486 4254 2833 4318 praeparatus
2859 4243 2989 4310 fuit,
3023 4244 3216 4300 vinum
3244 4247 3375 4300 item
3416 4251 3474 4301 et
3505 4257 3707 4314 aquam

405 4350 506 4404 per
558 4334 804 4406 Spiritus
855 4339 1038 4394 sancti
1084 4339 1492 4396 invocationem
1547 4346 1606 4395 et
1652 4340 1981 4406 adventum,
2035 4341 2201 4397 modo
2257 4344 2357 4412 qui
2429 4352 2645 4399 naturae
2688 4342 2896 4398 viribus
2963 4348 3020 4396 et
3063 4341 3380 4396 conditione
3420 4337 3709 4395 sublimior

404 4435 513 4489 est.
545 4429 603 4484 in
638 4430 852 4486 Christi
909 4446 1119 4504 corpus
1162 4440 1219 4486 et
1254 4435 1583 4500 sanguinem
1630 4435 1906 4496 converti.
1949 4444 2012 4487 ut
2049 4451 2400 4507 nequaquam
2427 4438 2538 4491 duo
2559 4437 2697 4499 sint,
2723 4435 2822 4490 sed
2861 4450 3030 4489 unum
3096 4444 3151 4489 et
3215 4435 3384 4489 idem.

481 4519 696 4576 Γίνεται
727 4520 912 4574 τοίνυν
948 4526 1060 4581 τοῖς
1104 4517 1288 4570 πίστει
1325 4516 1496 4584 ἀξίως
1548 4515 1999 4586 μεωλαμὸἀνου-

2385 4514 2660 4581 Quocirca
2699 4517 2813 4573 illis
2863 4517 2962 4583 qul
2997 4534 3128 4574 eum
3160 4520 3270 4575 ﬁde
3313 4521 3482 4590 digne
3521 4522 3707 4578 susci—

411 4629 521 4677 σιν,
560 4615 642 4676 εἰς
663 4612 864 4682 ἀφεσιν
893 4609 1205 4682 ἁμαρτιῶν,
1235 4608 1332 4662 καὶ
1358 4609 1440 4672 είς
1468 4607 1616 4678 ζωὴν
1639 4604 1880 4669 αἰώνιον,
1909 4610 2004 4662 καὶ

2118 4605 2307 4676 piunt,
2340 4605 2398 4660 in
2432 4607 2815 4662 remissionem
2846 4616 3226 4677 peccatorum,
3257 4616 3314 4664 et
3337 4610 3507 4664 vitam
3545 4618 3710 4665 mter-

411 4705 492 4768 είς
524 4705 901 4776 φυλακτήριον
927 4702 1110 4773 ψυχῆς
1142 4719 1205 4755 τε
1235 4702 1330 4755 καὶ
1365 4701 1622 4772 σώματος
1659 4718 1673 4732 ·
1710 4703 1824 4765 τοῖς
1847 4701 1906 4754 δὲ
1943 4702 2002 4755 ὲν

413 4796 644 4867 ἀπιστίᾳ
667 4795 904 4860 ἀναξίως
934 4794 1281 4866 μετέχουσιν,
1305 4795 1388 4857 είς
1417 4793 1644 4848 κόλασιν
1691 4793 1787 4848 καὶ
1827 4811 2004 4863 τιμω-

416 4888 558 4959 ρίαν,
585 4889 840 4959 καθάπερ
873 4888 970 4941 καὶ
1002 4888 1030 4938 6
1052 4884 1148 4939 τοῦ
1181 4885 1390 4955 Κυρίου
1420 4885 1675 4951 θάνατος,
1729 4887 1844 4948 τοῖς
1903 4884 2004 4955 μὲν

412 4981 741 5035 πιστεύουσι
771 4980 967 5048 γέγονε
991 4978 1107 5051 ζωὴ
1130 4979 1226 5032 καὶ
1251 4977 1533 5046 ἀφθαρσία
1567 4978 1649 5041 εἰς
1699 4978 2004 5032 ἀπόλαυσιν

409 5073 510 5144 τῆς
545 5072 772 5126 αίωνίου
806 5071 1216 5142 μακαριότητος
1241 5086 1254 5100 ο
1284 5071 1398 5128 τοῖς
1439 5068 1497 5122 δὲ
1555 5067 1860 5132 ἀπειθοῦσι,
1909 5067 2005 5120 καὶ

411 5167 525 5229 τοῖς
569 5165 965 5236 κυριοκτόνοις,
1015 5165 1098 5228 είς
1143 5163 1367 5217 κόλασιν
1409 5162 1506 5216 καὶ
1550 5162 1824 5233 τιμωρίαν
1871 5157 2004 5215 aid)-

413 5273 548 5311 νιον.

487 5347 604 5400 Οὐκ
655 5345 772 5400 ἐστι
893 5345 1069 5409 τύπος
1263 5345 1292 5397 6
1339 5343 1504 5415 ἄρτος
1534 5343 1632 5398 καὶ
1657 5343 1687 5397 6
1723 5339 1868 5407 οἶνος
1908 5342 2005 5398 τοῦ

414 5439 668 5508 σώματος
723 5439 818 5494 καὶ
855 5439 1092 5508 αἵματος
1139 5436 1232 5490 τοῦ
1279 5436 1521 5507 Χριστοῦ
1578 5436 1679 5508 (μὴ
1738 5436 1997 5504 γένοιτο),

416 5531 532 5586 ἀλλ’
561 5531 694 5585 αὐτὸ
726 5531 788 5583 τὸ
832 5531 994 5600 σῶμα
1037 5529 1134 5584 τοῦ
1177 5529 1386 5599 Κυρίου
1430 5529 1795 5600 τεθεωμένον,
1836 5529 2003 5586 αὐτοῦ

417 5621 509 5676 τοῦ
541 5622 749 5692 Κυρίου
772 5621 1061 5685 εἰπόντος’
1119 5619 1303 5676 Τοῦτό
1353 5621 1472 5692 μού
1525 5621 1679 5687 ἐστι,
1727 5622 1789 5674 ού
1829 5619 2006 5684 τύπος

530 5836 707 5895 'Luc.
750 5857 787 5909 ι,
825 5840 915 5896 55.
990 5842 1010 5874 ί
1044 5840 1179 5898 ibid.
1205 5843 1298 5901 56.

2120 4711 2245 4750 nam
2276 4697 2442 4762 cedit,
2471 4711 2691 4754 necnon
2717 4697 2920 4752 animae
2951 4698 3320 4769 corporisque
3366 4701 3710 4769 praesidium;

2121 4788 2232 4844 illis
2269 4798 2462 4843 contra
2498 4790 2592 4859 qui
2646 4790 2698 4844 in
2746 4789 3144 4846 incredulitate
3185 4791 3410 4862 indigne
3455 4805 3708 4858 sumunt,

2119 4879 2176 4935 in
2229 4895 2448 4950 pmnam
2481 4888 2537 4937 et
2576 4881 2912 4951 supplicium
2945 4901 2960 4938 :
3019 4883 3167 4938 haud
3208 4899 3375 4940 secus
3401 4894 3570 4958 atque
3605 4886 3712 4940 Do-

2121 4972 2259 5025 mini
2291 4986 2468 5038 mors,
2521 4972 2883 5029 credentibus
2929 4972 3157 5043 quidem
3205 4975 3320 5029 vita
3351 4984 3409 5031 et
3451 4977 3709 5032 incorru-

2119 5063 2236 5133 ptio
2266 5071 2373 5126 est,
2402 5063 2473 5118 ad
2521 5073 2742 5120 aeternas
2790 5065 3076 5133 [elicitatis
3106 5069 3589 5135 consecutionem;
3621 5069 3708 5122 in-

2119 5154 2370 5210 credulis
2417 5169 2548 5211 vero
2588 5163 2643 5210 et
2689 5155 2760 5212 iis
2795 5157 2892 5226 qui
2937 5147 3234 5214 Dominum
3287 5159 3706 5224 interfecerunt,

2121 5246 2190 5301 ad
2221 5262 2444 5316 penam
2472 5257 2530 5302 et
2554 5248 2856 5304 vindictam
2897 5252 3316 5321 sempiternam.

2195 5337 2402 5396 Christi
2455 5357 2635 5396 verum
2689 5359 2904 5412 corpus,
2960 5360 3064 5398 non
3115 5340 3530 5413 lignum—Nec
3577 5357 3711 5396 vero

2121 5432 2284 5499 panis
2315 5439 2373 5488 et
2420 5433 2634 5500 vinum,
2673 5433 2883 5491 Christi
2932 5435 3188 5504 corporis
3234 5441 3290 5489 et
3325 5433 3618 5504 sanguinis
3650 5433 3709 5488 ﬁ-

2122 5539 2258 5594 gura
2291 5534 2423 5581 sunt
2454 5527 2622 5596 (absit
2645 5531 2708 5595 ι),
2737 5528 2835 5585 sed
2884 5530 3063 5598 ipsum
3096 5526 3311 5580 Domini
3353 5542 3560 5596 corpus
3597 5528 3708 5582 dei-

2123 5625 2234 5673 tate
2264 5617 2514 5675 dotatam
2536 5638 2551 5688 ;
2576 5637 2702 5675 cum
2728 5621 2847 5690 ipse
2873 5620 3145 5676 Dominus
3177 5617 3387 5675 dixerit
3413 5636 3427 5674 :
3457 5618 3574 5673 Hoc
3607 5629 3706 5682 est,
