4132 6402
466 304 596 366 i271
1694 298 2077 363 BUTIIYMH
2112 299 2474 363 ZiGABENI
3579 299 3718 366 1972

463 468 573 505 nou
612 453 788 524 ﬁgura
838 452 1115 523 corporis,
1172 451 1269 507 sed
1300 465 1488 519 corpus
1521 463 1718 515 meum,
1773 462 1958 517 neque
1984 446 2095 502 ti-A

2161 447 2226 507 οῦ
2260 448 2535 521 σώματος,
2562 447 2699 504 ἀλλὰ
2725 450 2793 504 τό
2821 448 2993 518 σῶμα
3022 466 3040 486 ο
3075 450 3172 504 καὶ
3195 448 3258 502 οὐ
3289 449 3463 513 τύπος
3480 451 3577 503 τοῦ
3619 452 3713 504 ατ-

460 559 601 613 gura
640 545 953 615 sanguinis,
988 545 1082 600 sed
1111 546 1328 612 sanguis
1358 558 1523 597 utens.
1556 540 1621 594 Et
1648 548 1808 595 antea
1838 538 2050 596 Judcis

2161 559 2325 606 ιατος,
2350 541 2487 596 ἀλλὰ
2513 542 2581 595 τὸ
2592 537 2757 611 αἷμα.
2778 542 2891 595 Καὶ
2916 540 3025 612 πρὸ
3043 541 3236 593 τούτου
3263 544 3376 603 τοῖς
3413 543 3712 607 Ἰουδαίοις,

462 636 680 688 dixerat
707 654 723 689 :
759 633 884 689 Nisi
927 634 1369 687 manducaueritis
1394 647 1607 685 carnem
1635 629 1767 683 Filii
1792 629 2043 694 hominis,

2162 651 2213 687 τι
2240 631 2480 702 Ἐὰνμὴ
2510 632 2743 701 φάγητε
2770 630 2889 700 τὴν
2912 630 3111 701 σάρκα
3143 631 3249 685 τοῦ
3288 631 3426 685 nos
3464 632 3572 685 τοῦ
3608 633 3717 686 άν-

462 736 513 780 et
546 726 785 780 biberitis
821 727 937 795 ejus
971 727 1309 795 sanguinem,
1346 741 1451 778 non
1496 722 1757 777 habebitis
1803 723 1966 776 vitam
1992 722 2047 774 in

2161 724 2392 794 'pdurov,
2417 725 2518 778 καί
2536 725 2711 792 πίητε
2734 724 2920 779 αὑτοῦ
2942 726 3008 778 τὸ
3036 718 3200 793 αἷμα,
3228 724 3341 777 οὐκ
3369 722 3539 793 ἔχετε
3559 722 3719 791 ζωὴν

464 817 627 872 vobis.
662 815 803 870 Caro
852 816 990 869 enim
1043 832 1159 870 mea
1198 832 1347 869 verus
1398 825 1475 868 est
1518 814 1691 877 cibus,
1732 820 1781 865 et
1825 811 2047 880 sanguis

2161 835 2203 873 ν
2225 816 2485 881 ἑαυτοῖς.
2511 814 2576 873 Ἡ
2592 817 2704 887 γὰρ
2732 814 2891 883 σάρξ
2900 830 3022 884 μου
3047 811 3286 881 ἀληθής
3310 813 3441 867 ἐστι
3459 814 3714 881 βρῶσις,

464 928 632 977 nisus,
670 927 821 966 uerus
853 922 932 965 est
966 920 1144 979 potus.
1196 910 1264 964 Et
1298 924 1520 965 rursum
1556 926 1570 961 :
1604 906 1708 973 Qui
1758 903 2046 960 manducet

2161 910 2233 962 Lai
2256 909 2321 963 τὸ
2338 905 2483 979 αἷμά
2504 926 2625 978 μου
2652 907 2888 976 ἀληθής
2909 906 3045 961 ἐστι
3062 906 3266 972 πόσις.
3289 907 3399 960 Καὶ
3420 905 3583 959 πάλιν
3604 921 3618 935 ⁸
3653 906 3718 959 '0

465 1020 564 1069 me,
593 1006 724 1059 vivet
777 1008 810 1061 ’.

2161 999 2371 1069 ρώτων
2389 1017 2487 1069 με,
2518 999 2779 1067 ζήσεται.

538 1160 691 1215 Ritus
747 1160 915 1216 dandi
965 1158 1363 1214 Eucharistiam
1414 1158 1468 1211 in
1520 1147 2051 1215 manibus.—-Qua-

2204 1160 2296 1215 Διὸ
2321 1160 2460 1231 μετὰ
2487 1159 2690 1223 παντὸς
2716 1158 2885 1229 φόϐου
2917 1157 3010 1212 καὶ
3043 1157 3406 1228 συνειδήσεως
3447 1158 3721 1228 καθαρᾶς,

465 1261 692 1323 propter
750 1267 876 1307 cum
928 1251 1081 1307 omni
1137 1252 1336 1304 timore
1384 1259 1441 1304 et
1489 1243 1835 1302 conscientia
1891 1254 2049 1312 pura,

2161 1254 2232 1308 ιαὶ
2250 1252 2578 1307 ἁδιστάκτου
2603 1251 2845 1313 πίστεως
2896 1248 3313 1320 προσέλθωμεν,
3353 1248 3448 1302 καὶ
3500 1247 3725 1311 πάντως

467 1344 680 1413 ﬁdeque
712 1359 820 1399 non
852 1343 1019 1397 dubia
1050 1342 1383 1398 accedamus
1413 1357 1425 1395 :
1460 1350 1515 1393 et
1557 1338 1664 1393 erit
1691 1335 1919 1391 omnino
1951 1347 2045 1387 no-

2161 1347 2290 1398 ᾖσται
2321 1346 2477 1415 ἡμῖν,
2506 1342 2690 1407 καθὼς
2719 1341 3075 1413 πιστεύομεν,
3111 1341 3188 1412 μὴ
3210 1339 3583 1404 διστάζοντες.
3624 1340 3724 1393 Τι-

467 1435 553 1491 bis
589 1435 737 1489 sicut
762 1433 1064 1497 credimus,
1104 1430 1238 1485 nihil
1285 1430 1626 1484 hasitantes.
1669 1424 1850 1496 ipsum
1887 1435 2050 1492 porro

2161 1438 2403 1508 ιήσωμεν
2436 1436 2491 1490 δὲ
2513 1435 2647 1490 αὐτὸ
2673 1435 2825 1507 πάσῃ
2866 1433 3226 1505 καθαρότητι,
3272 1431 3478 1501 ψυχικῇ
3515 1447 3574 1483 τε
3627 1431 3727 1484 καὶ

466 1527 620 1582 omni
660 1525 828 1580 animi
870 1532 924 1579 et
958 1522 1215 1594 corporis
1276 1521 1518 1591 puritate
1548 1528 1912 1573 veneremur:
1947 1512 2051 1567 du-

2161 1528 2428 1597 τωματικῇ
2459 1542 2472 1554 ·
2503 1525 2729 1579 διπλοῦν
2782 1525 2893 1595 γάρ
2943 1525 3084 1578 ἐστι.
3131 1521 3529 1593 Προσέλθωμεν
3573 1520 3727 1590 αὐτῷ

468 1619 591 1687 plcx
625 1618 771 1671 enim
800 1624 905 1672 est.
941 1614 1287 1671 Accedamus
1320 1609 1387 1665 ad
1418 1626 1545 1667 eum
1587 1607 1801 1664 ardenti
1830 1604 2054 1660 deside-

2161 1616 2290 1688 πόθῳ
2326 1617 2562 1681 διακαεῖ,
2594 1616 2690 1669 καὶ
2720 1614 3085 1687 σταυροειδῶς
3106 1613 3204 1675 τὰς
3236 1611 3500 1681 παλάμας
3540 1609 3728 1664 τυπώ-

470 1711 581 1774 rio,
610 1707 1043 1777 compositisque
1090 1705 1146 1758 in
1183 1704 1371 1759 crucis
1427 1701 1659 1755 formam
1697 1696 1952 1753 manibus
2034 1734 2050 1761 ,
2078 1755 2090 1779 '

2161 1726 2355 1773 παντες,
2394 1708 2490 1762 τοῦ
2510 1708 2934 1779 ὲσταυρωμένου
2984 1707 3047 1760 τὸ
3090 1706 3252 1777 σῶμα
3291 1702 3724 1773 ὑποδεξὼμεθαο

471 1755 581 1774 --η
613 1755 1040 1777 "mrum—1"
1347 1755 1366 1759 ι
2037 1755 2047 1761 ,

470 1800 725 1857 cruciﬁxi
760 1814 967 1869 corpus
1017 1794 1416 1865 suscipiamus,
1452 1792 1670 1857 oculos,
1702 1789 1870 1852 labia,
1907 1755 2095 1841 i‘rou—l

2161 1801 2237 1854 tat
2268 1755 2550 1865 ἐπίθέντες
2595 1755 2934 1872 όφθῐαλιμοῦς.
2972 1800 3068 1854 καὶ
3096 1755 3276 1871 χείλη,
3471 1755 3728 1867 μέτωπα,

468 1902 576 1950 tem
608 1892 959 1959 adhibentes,
1009 1890 1264 1945 divinum
1296 1887 1594 1944 carbonem
1645 1896 1954 1945 sumamus,
1992 1887 2055 1969 ut

2161 1891 2235 1946 τοῦ
2263 1892 2409 1945 θείου
2443 1893 2717 1964 ἄνθρακος
2748 1891 3164 1962 μεταλάϐωμεν,
3207 1890 3297 1944 ίνα
3322 1889 3382 1942 τὸ
3412 1888 3523 1959 πῦρ
3550 1887 3645 1940 τοῦ
3667 1888 3729 1939 ὲν

465 1984 728 2044 desiderii
790 1986 968 2041 nostri
1014 1984 1179 2057 ignis,
1233 1990 1460 2051 accepto
1523 1977 1787 2033 carbonis
1831 1973 2053 2037 ardore,

2161 1984 2273 2057 jpiv
2298 1983 2464 2037 πόθου
2497 1982 2805 2055 προσλαϐὸν
2825 1982 2922 2054 τὴν
2943 1982 3009 2035 ὲκ
3029 1981 3123 2035 τοῦ
3154 1980 3427 2051 ἄνθρακος
3458 1978 3728 2047 πύρωσιν,

464 2087 693 2151 peccata
728 2086 918 2135 nostra
955 2078 1274 2141 comburat,
1318 2083 1374 2131 et
1419 2072 1591 2128 corda
1627 2068 1926 2131 illuminet,
1965 2064 2053 2120 di—

2161 2073 2455 2149 ιαταφλέξῃ
2487 2076 2645 2148 ἡμῶν
2684 2075 2784 2140 τὰς
2846 2076 3142 2147 ἁμαρτίας,
3182 2075 3279 2128 xui.
3312 2073 3526 2144 φωτίσῃ
3570 2071 3731 2143 ἡμῶν

464 2172 694 2242 vinique
747 2171 887 2225 adeo
949 2170 1093 2239 ignis
1125 2165 1463 2223 commercio
1508 2159 1956 2222 inardescamus,
1999 2162 2054 2209 et

2161 2164 2240 2229 εὰς
2276 2165 2525 2237 καρδίας,
2553 2166 2651 2221 καὶ
2677 2168 2745 2238 τῇ
2780 2166 3047 2237 μετουσίᾳ
3069 2166 3162 2219 τοῦ
3213 2165 3359 2219 θείου
3409 2163 3583 2234 πυρὸς
3628 2179 3733 2216 πυ-

467 2267 524 2319 in
608 2264 745 2318 deos
800 2262 1128 2317 evadamus.
1202 2258 1510 2313 Carbonem
1564 2253 1703 2309 vidit
1750 2250 1923 2307 Isaias
1965 2250 1985 2280 '
2035 2266 2050 2302 :

2161 2254 2411 2326 δωθῶμεν
2448 2259 2544 2311 καὶ
2574 2258 2893 2329 θεωθῶμεν.
2920 2258 3206 2329 ’Δνθρακα
3243 2252 3386 2311 εἶδεν
3442 2255 3675 2320 Ἡσαΐας
3725 2272 3733 2283 ’

466 2358 638 2411 carbo
666 2372 775 2410 non
826 2364 909 2409 est
943 2355 1179 2423 simplex
1232 2353 1471 2422 lignum,
1513 2347 1610 2404 sed
1659 2345 1767 2418 igni
1801 2344 2053 2407 unitum;

2161 2347 2346 2421 ἱνθραξ
2378 2349 2435 2404 δὲ
2466 2348 2624 2417 ξύλον
2662 2350 2808 2405 λιτὸν
2824 2352 2924 2405 οὐκ
2951 2350 3125 2415 ἔστιν,
3156 2349 3272 2404 ἀλλ’
3310 2349 3591 2420 ἡνωμένον
3623 2364 3733 2399 πυ-

466 2450 549 2505 sic
596 2462 821 2518 quoque
1067 2444 1227 2515 panis
1262 2438 1697 2502 communionis,
1751 2452 1864 2491 non
1913 2434 2065 2491 sim--

2161 2441 2199 2495 >ί
2234 2457 2249 2473 ο
2279 2440 2426 2495 οὕτω
2449 2443 2545 2496 καὶ
2575 2444 2604 2497 6
2634 2444 2800 2514 ἄρτος
2834 2444 2935 2514 τῆς
2965 2444 3252 2506 κοινωνίας
3286 2484 3303 2510 ,
3485 2440 3587 2493 οὐκ
3627 2440 3735 2506 ἄρ-

465 2542 591 2612 plex
624 2547 719 2597 est
751 2539 933 2610 panis,
970 2536 1066 2594 sed
1108 2533 1391 2592 divinitati
1443 2533 1653 2588 unitus.
1694 2530 1917 2601 Corpus
1957 2543 2056 2582 au-

2161 2550 2234 2598 τος
2276 2533 2424 2600 λιτός
2469 2537 2641 2603 ἐστιν,
2674 2536 2793 2592 ἀλλ’
2836 2538 3117 2609 ἡνωμένος
3176 2535 3393 2605 θεότητι
3422 2550 3435 2565 ο
3476 2534 3637 2605 σῶμα
3674 2534 3735 2586 δὲ

467 2644 577 2691 tem
629 2637 649 2668 ³
686 2630 832 2703 quod
873 2628 1154 2685 divinitati
1210 2627 1571 2698 coniunctum
1628 2629 1737 2688 est,
1797 2636 1908 2677 non
1942 2632 2054 2673 una

2161 2626 2422 2699 ἱνωμένον
2476 2628 2716 2701 θεότητι,
2780 2630 2842 2684 οὐ
2876 2629 2978 2701 μία
3012 2628 3175 2699 φύσις
3221 2629 3393 2693 ἐστὶν,
3445 2627 3584 2682 ἀλλὰ
3635 2626 3737 2695 μία

467 2731 672 2779 natura
704 2730 788 2778 est
810 2741 835 2789 ;
864 2720 965 2776 sed
1009 2735 1119 2775 una
1158 2718 1382 2790 quidem
1423 2725 1509 2772 est
1541 2711 1817 2784 corporis,
1852 2712 2053 2777 altera,

2161 2718 2247 2773 ιὲν
2281 2721 2375 2775 τοῦ
2408 2721 2683 2794 σώματος,
2702 2722 2804 2793 τῆς
2834 2721 2891 2775 δὲ
2913 2721 3203 2792 ήνωμένης
3259 2718 3408 2789 αὑτῷ
3456 2717 3735 2789 θεότητος,

467 2817 789 2885 conjuncta:
820 2830 946 2869 cum
984 2813 1108 2884 ipso
1140 2811 1475 2867 divinitatis.
1507 2808 1629 2875 Quo
1662 2806 1722 2861 ﬁt
1757 2812 1817 2861 ut
1848 2811 2058 2860 utrum-

2161 2809 2340 2882 ἑτέρα·
2372 2812 2515 2867 ὥστε
2539 2813 2601 2868 τὸ
2625 2814 3065 2885 συναμφότερον,
3115 2814 3180 2868 οὐ
3226 2811 3323 2883 μία
3364 2811 3547 2882 φύσις,
3597 2809 3739 2865 ἀλλὰ

468 2925 578 2981 que
609 2924 720 2964 non
752 2910 826 2965 sit
854 2921 962 2962 una
994 2914 1211 2970 natura,
1251 2902 1346 2960 sed
1374 2902 1511 2957 duae.
2142 2902 2255 2957 δύο.

544 3047 900 3102 Eucharislia:
936 3042 1633 3117 ﬁgurw.—Abrahamum
1677 3052 1746 3092 ex
1793 3032 2095 3116 aiienige-(

2220 3040 2409 3113 ’Δρτῳ
2419 3042 2514 3096 καὶ
2525 3043 2658 3113 οίνῳ
2678 3041 2949 3108 ἐδεξιοῦτο
2978 3039 3323 3112 Μελχισέδεκ
3336 3039 3429 3095 τὸν
3458 3039 3738 3112 Ἀϐραὰμ,

470 3153 671 3194 narum
720 3146 906 3208 strage
956 3145 1348 3200 revertentem,
1401 3131 1674 3188 Altissimi
1724 3129 1821 3185 Dei
1863 3142 2056 3183 sacer-

2161 3135 2215 3186 ist
2250 3134 2351 3203 τῆς
2378 3133 2488 3187 τῶν
2516 3134 2835 3202 ἀλλοφύλων
2865 3134 3045 3205 κοπῆς
3099 3133 3530 3203 ὑποστρέφοντα.
3592 3132 3622 3184 6
3658 3132 3739 3183 is-

470 3230 576 3285 dos
627 3226 1040 3285 Melchisedech
1098 3227 1317 3297 excepit
1374 3228 1414 3280 ⁵.
1449 3224 1639 3280 Mensa
1668 3223 1760 3277 illa
1805 3234 2056 3277 mensam

2161 3222 2280 3297 ρεὺς
2304 3222 2402 3276 τοῦ
2431 3222 2568 3277 Θεοῦ
2595 3223 2688 3277 τοῦ
2731 3224 3017 3294 Ὑψίστου·
3050 3223 3234 3294 ἐκείνη
3267 3224 3301 3293 ἡ
3331 3222 3583 3294 τράπεζα
3606 3220 3739 3275 ταύ-

471 3323 622 3377 hanc
676 3322 969 3391 mysticam
1016 3318 1428 3389 pmsignabat;
1469 3312 1935 3386 quemadmodum
1970 3325 2061 3365 sa-

470 3415 669 3471 cerdos
699 3415 793 3469 ille
821 3413 937 3469 veri
990 3411 1294 3468 sacerdotis
1323 3408 1532 3463 Christi
1576 3408 1807 3478 ﬁguram
1839 3412 1894 3459 et
1925 3404 2063 3458 ima-

475 3506 659 3576 ginem
696 3503 961 3574 gerebat“
992 3546 1005 3559 .
1027 3503 1118 3556 Ait
1149 3502 1295 3557 enim
1326 3518 1340 3554 :
1375 3498 1455 3554 Tu
1479 3515 1533 3553 es
1559 3495 1810 3551 sacerdos
1836 3496 1892 3549 in
1907 3504 2061 3550 aeter-

477 3611 605 3648 num
658 3594 948 3650 secundum
1002 3594 1243 3647 ordinem
1301 3586 1690 3645 Melchisedech
1777 3586 1817 3640 '.
1855 3583 2059 3640 Panem

478 3687 645 3751 hunc,
680 3685 1084 3756 propositionis
1134 3698 1307 3754 panes
1357 3679 1784 3735 adumbrabant.
1815 3674 1932 3731 Hoc
1964 3689 2064 3745 pu-

477 3793 601 3833 rum
632 3779 771 3833 illud
798 3788 853 3833 et
887 3778 1241 3832 incruentum
1278 3774 1619 3831 sacriﬁcium
1660 3779 1768 3837 est,
1806 3769 1959 3841 quod
1993 3768 2064 3823 ab

470 3882 605 3932 ortu
636 3873 772 3929 solis
816 3886 995 3943 usque
1024 3870 1091 3925 ad
1125 3884 1386 3925 occasum
1430 3870 1536 3925 sibi
1576 3868 1824 3925 oblatum
1859 3869 1927 3924 iri
1956 3868 2058 3923 Do-

472 3969 661 4023 minus
691 3981 789 4036 per
819 3966 1147 4034 prophetam
1182 3961 1323 4016 dixit
1372 3960 1414 4016 '.
1500 4020 1508 4027 _

546 4056 907 4111 Eucherium
959 4055 1188 4123 fructus.
1211 4080 1284 4095 --
1304 4052 1522 4123 Corpus
1559 4059 1615 4109 et
1643 4049 1875 4122 sanguis
1898 4048 2057 4105 Chriv

472 4150 545 4205 sti
577 4156 690 4212 est,
719 4150 772 4205 in
806 4136 1009 4211 nostri,
1045 4154 1165 4201 tum
1211 4146 1405 4212 animi,
1441 4154 1557 4201 tum
1608 4145 1866 4215 corporis
1898 4157 2063 4213 vege-

473 4239 743 4293 tationem
777 4237 1010 4301 cedens,
1051 4235 1202 4306 quod
1236 4252 1341 4291 nec
1383 4244 1765 4299 consumatur,
1812 4248 1916 4289 nec
1944 4247 2063 4286 cor-

2146 3330 2250 3386 την
2276 3315 2376 3387 τὴν
2411 3315 2682 3386 μυστικὴν
2713 3316 3062 3389 προεικόνιζε
3085 3316 3393 3389 τράπεζαν,
3424 3316 3485 3369 ὃν
3532 3314 3740 3388 τρόπον

2148 3408 2360 3472 ικεῐνος
2397 3410 2426 3462 6
2450 3409 2653 3480 ἱερεὺς,
2683 3409 2779 3462 τοῦ
2834 3409 3095 3481 ἀληθινοῦ
3155 3409 3461 3479 ἀρχιερέως
3500 3404 3742 3477 Χριστοῦ

2148 3498 2322 3564 τύπος
2342 3495 2411 3572 ἦν
2445 3502 2541 3555 καὶ
2576 3503 2864 3573 είκόνισμα
2886 3519 2900 3532 ⁸
2928 3503 3013 3557 Σὺ
3044 3502 3176 3574 γὰρ,
3205 3501 3396 3571 φησιν,
3447 3501 3505 3555 εἷ
3546 3498 3745 3567 ἱερεὺς

2148 3591 2241 3658 εἰς
2267 3591 2377 3645 τόν
2399 3591 2588 3647 αἰῶνα
2619 3594 2772 3648 κατὰ
2796 3592 2912 3662 τὴν
2960 3593 3138 3658 τάξιν
3175 3591 3573 3662 Μελχισέὸεκ.
3601 3588 3743 3643 Τοῦ-

2150 3697 2245 3736 τον
2275 3682 2370 3737 τὸν
2399 3683 2567 3755 ἄρτον
2589 3688 2637 3739 oi
2666 3686 2822 3758 ἄρτοι
2867 3687 3135 3751 είκόνιζον
3256 3686 3357 3756 τῆς
3409 3684 3745 3759 προθέσεως.

2153 3772 2301 3845 Αὕτη
2336 3776 2488 3830 ἐστὶν
2516 3780 2550 3847 ἡ
2579 3779 2798 3850 καθαρὰ
2844 3779 3029 3843 θυσία,
3095 3779 3299 3849 δηλαδὴ
3358 3780 3455 3833 καὶ
3507 3778 3749 3845 ἀναίμα-

2162 3884 2311 3931 κτος,
2336 3869 2402 3938 ῆν
2428 3867 2537 3921 ἀπὸ
2580 3867 2857 3921 ἀνατολῶν
2916 3867 3072 3939 ἡλίου
3125 3868 3286 3937 μέχρι
3326 3866 3548 3937 δυσμῶν
3600 3867 3752 3937 αὐτῷ

2163 3960 2578 4032 προσφέρεσθαι
2605 3958 2695 4013 διὰ
2712 3960 2807 4013 τοῦ
2849 3960 3134 4033 προφήτου
3161 3962 3189 4014 6
3226 3960 3431 4031 Κύριος
3564 3958 3755 4027 ἔφησε.

2239 4048 2410 4119 Σῶμα
2426 4050 2545 4103 ἐστι
2562 4048 2663 4102 καὶ
2681 4043 2821 4119 αἷμα
2849 4049 2962 4120 (86)
2990 4048 3230 4121 Χριστοῦ
3264 4050 3339 4112 είς
3372 4046 3632 4101 σύστασιν
3651 4047 3757 4117 τῆς

2162 4140 2440 4212 ἡμετέρας
2468 4140 2650 4211 ψυχῆς
2670 4156 2732 4193 τε
2753 4140 2849 4195 καὶ
2868 4141 3127 4209 σώματος
3156 4140 3392 4211 χωροῦν,
3425 4140 3486 4193 οὗ
3500 4138 3757 4192 δαπανώ-

2172 4249 2356 4303 μενον,
2380 4231 2442 4284 οὐ
2462 4230 2844 4302 φθειρόμενον,
2869 4233 2972 4287 οὐκ
2998 4232 3079 4295 είς
3103 4231 3393 4302 ἀφεδρῶνα
3415 4228 3628 4301 χωροῦν
3652 4230 3756 4300 (μὴ

470 4338 790 4399 rumpatur,
826 4342 929 4383 nec
973 4326 1031 4382 in
1071 4341 1353 4383 secessum
1390 4326 1556 4380 vadat
1590 4325 1757 4395 (absit
1780 4325 1843 4393 l),
1875 4324 1973 4380 sed
2007 4324 2061 4377 in

2165 4324 2428 4395 γένοιτο),
2457 4324 2575 4378 ἀλλ’
2610 4326 2690 4388 εις
2714 4324 2817 4395 τὴν
2844 4324 3004 4395 ἡμῶν
3031 4323 3223 4379 οὐσίαν
3253 4325 3351 4377 καὶ
3395 4324 3756 4394 συντήρησιν,

472 4422 844 4477 substantiam
909 4430 1156 4476 nostram
1207 4427 1265 4475 et
1317 4417 1824 4480 conservationem,
1882 4417 2065 4472 omni-

473 4528 625 4583 geme
670 4514 815 4570 labis
866 4514 1370 4585 propulsationem,
1432 4511 1730 4580 omnisque
1774 4510 2064 4577 spurcitiei

471 4604 871 4671 detersionem,
908 4612 969 4658 ut
1010 4604 1054 4659 si
1103 4604 1472 4658 adulteratam
1522 4616 1719 4655 aurum
1750 4599 2065 4671 deprehen-

474 4698 591 4760 dat,
625 4712 724 4767 per
752 4698 1136 4768 explorantem
1177 4696 1371 4766 judicii
1398 4693 1886 4749 inﬂammationem
1928 4692 2065 4747 Illud

476 4797 693 4859 purget,
761 4805 830 4845 ne
885 4789 945 4843 in
996 4788 1187 4842 futuro
1243 4786 1452 4843 saculo
1510 4801 1637 4841 cum
1699 4785 1805 4840 hoc
1857 4785 2066 4840 mundo

476 4878 826 4933 damnamur.
876 4877 1085 4934 Morbis
1134 4877 1306 4942 enim,
1342 4874 1770 4946 omnifariisque
1799 4874 2067 4931 immissis

474 4967 891 5023 calamitatibus
938 4978 1231 5039 expurgat,
1284 4968 1445 5037 juxta
1504 4982 1571 5021 ac
1600 4966 2063 5037 Apostolusait':

479 5059 541 5116 Si
568 5060 711 5115 enim
738 5062 1086 5128 nosmetipsos
1122 5060 1568 5129 diiudicaremus,
1622 5075 1727 5114 non
1775 5058 1954 5128 utique
1973 5056 2070 5128 ju-

477 5155 805 5208 dicaremur.
843 5150 979 5207 Cum
1000 5152 1317 5221 iudicamur
1360 5160 1537 5206 autent
1572 5169 1605 5205 a
1638 5149 1866 5205 Domino
1895 5150 2067 5203 corri-

476 5246 672 5313 pimur,
699 5255 757 5298 ut
784 5261 887 5299 non
905 5260 1027 5298 cum
1053 5245 1151 5297 hoc
1180 5245 1377 5297 mundo
1394 5242 1730 5297 damnentur.
1760 5242 1941 5311 Atque
1962 5241 2071 5296 hoc

479 5346 567 5394 est
596 5339 745 5408 quod
793 5337 967 5393 dicit:
1006 5337 1112 5403 Qui
1138 5338 1279 5390 enim
1304 5337 1465 5389 sumit
1508 5335 1729 5405 indigne
1784 5349 1973 5401 corpus
2020 5344 2069 5387 et

480 5427 792 5497 sanguinem
840 5425 1083 5489 Domini,
1103 5425 1373 5494 judicium
1414 5424 1516 5477 sibi
1574 5423 1863 5476 manduca:
1897 5432 1950 5476 et
1994 5422 2072 5475 bi-

484 5518 557 5572 bit
608 5519 649 5571 '.
691 5519 796 5572 Per
830 5518 967 5572 illud
994 5532 1126 5572 vero
1151 5516 1396 5588 purgati,
1424 5529 1548 5569 cum
1580 5513 1799 5568 Domini
1832 5530 2071 5586 corpore

483 5609 682 5678 spiritu
726 5610 904 5678 ipsius
935 5609 1180 5671 nitimur,
1214 5614 1269 5663 et
1294 5605 1501 5661 Christi
1528 5618 1735 5674 corpus
1783 5606 2071 5662 eiiicimur.

561 5715 578 5745 ‘
609 5716 767 5771 Joan.
796 5731 876 5781 νι,
908 5716 1100 5773 54ο58.

491 5786 578 5843 10.
635 5789 655 5819 ⁸
683 5788 701 5841 ι
730 5786 857 5842 Cor.
890 5802 967 5856 χι,
997 5789 1084 5853 3i,
1121 5787 1209 5843 32.
1292 5788 1312 5818 '
1350 5786 1478 5841 ibid.
1512 5786 1600 5843 29.

1177 5716 1197 5745 ¹
1221 5715 1323 5770 lsa.
1350 5732 1425 5781 vr,
1448 5714 1531 5787 2.,
1588 5714 1610 5747 ³
1645 5714 1781 5772 ibid.
1842 5716 1865 5750 ⁸
1899 5718 2039 5776 Gen.
2070 5734 2181 5787 xw,
2209 5718 2267 5774 5.
2340 5715 2559 5771 'chit.
2588 5730 2699 5779 xiv,
2735 5715 2789 5769 5.

2172 4415 2379 4488 βλάϐης
2441 4415 2824 4479 παντοδαποῦς
2882 4416 3225 4487 ἀμυντήριον
3252 4455 3268 4478 ,
3320 4414 3496 4486 ῥύπου
3557 4420 3761 4479 παντὸς

2165 4505 2542 4578 καθαρτήριον
2575 4520 2589 4536 ο
2633 4504 2700 4559 ἂν
2756 4505 2859 4576 μὲν
2900 4506 3102 4578 χρυσὸν
3160 4505 3301 4578 λάϐῃ
3341 4504 3615 4576 κίϐδηλον,
3668 4506 3762 4558 διὰ

2161 4598 2264 4669 τῆς
2319 4597 2575 4669 κριτικῆς
2624 4597 2929 4670 πυρώσεως
2976 4597 3267 4669 καθαίρει,
3337 4598 3424 4650 ἵνα
3466 4597 3542 4667 μὴ
3581 4599 3641 4650 ὲν
3681 4597 3761 4667 τῷ

2175 4691 2429 4760 μέλλοντι
2478 4692 2576 4745 σὺν
2636 4690 2717 4761 τῷ
2740 4691 2936 4761 κόσμῳ
2984 4690 3433 4762 κατακριθῶμεν.
3480 4688 3760 4759 Καθαίρει

2164 4783 2276 4853 γὰρ
2309 4784 2610 4846 νόσοιςςκαὶ
2642 4783 2925 4847 παντοίαις
2952 4784 3246 4854 ἐπιφοραῖς
3266 4823 3284 4848 ,
3358 4780 3546 4845 καθώς
3587 4798 3763 4854 φησιν

2162 4876 2194 4928 6
2214 4875 2359 4938 θεῖος
2385 4875 2711 4939 ’Δτιόστολος
2731 4893 2745 4907 ο
2770 4879 2841 4931 Et
2874 4876 2981 4945 γὰρ
3009 4875 3265 4941 ἑαυτοὺς
3285 4875 3625 4945 exple-oper,
3648 4876 3766 4927 οὐκ

2166 4968 2247 5021 ἂν
2288 4967 2662 5033 ἐκρινόμεθα.
2695 4969 3046 5038 Κρινόμενοι
3088 4968 3177 5033 δὲ,
3217 4968 3337 5024 ὑπὸ
3369 4969 3593 5036 Κυρίου
3626 4983 3767 5020 παι-

2166 5059 2480 5128 δευόμεθα,
2515 5061 2616 5114 ἵνα
2632 5059 2721 5129 μὴ
2756 5060 2880 5115 σὺν
2910 5060 2993 5126 τῷ
3042 5062 3250 5130 κόσμῳ
3294 5058 3765 5128 κατακριθῶμεν.

2168 5152 2278 5207 Καὶ
2299 5151 2459 5207 τοῦτό
2495 5155 2647 5206 ἐστιν
2672 5153 2702 5205 θ
2729 5153 2915 5222 λέγει’
2952 5154 3137 5208 ’Ὥστε
3161 5156 3193 5208 ό
3213 5150 3484 5222 μετέχων
3511 5150 3620 5205 τοῦ
3649 5148 3769 5203 σώ-

2165 5261 2355 5314 ματος
2382 5245 2479 5299 καί
2507 5245 2613 5300 τοῦ
2640 5246 2891 5315 αἵματος
2919 5245 3025 5301 τοῦ
3042 5246 3268 5315 Κυρίου
3291 5244 3553 5310 ἀναξίως
3584 5240 3769 5312 κρῖμα

2171 5337 2364 5403 ἑαυτῷ
2379 5338 2569 5392 ἐσθίει
2584 5339 2681 5393 καὶ
2700 5339 2879 5392 πίνει.
2900 5335 3157 5392 Διάὺτοῦ
3180 5338 3590 5408 καθαιρόμενοι,
3610 5334 3735 5387 ἑνού
3747 5366 3773 5377 -

2175 5428 2316 5498 μεθα
2370 5429 2455 5500 τῷ
2509 5429 2726 5499 σώματι
2748 5430 2955 5500 Κυρίου
2998 5430 3093 5484 καὶ
3127 5431 3207 5501 τῷ
3250 5429 3523 5501 πνεύματι
3574 5429 3770 5496 αὑτοῦ,

2174 5517 2271 5573 καὶ
2300 5519 2565 5589 γινόμεθα
2589 5519 2752 5591 σῶμα
2788 5518 3053 5589 Χριστοῦ.

2888 5721 2909 5751 ⁸
2960 5719 3103 5775 Psal.
3143 5735 3249 5787 six,
3278 5718 3330 5775 6.
3398 5723 3418 5755 τ
3451 5718 3677 5775 Malach.
3722 5738 3769 5793 ι,
