4132 6402
373 329 511 394 12Ἰ3

1322 319 1717 384 PANOPLIA
1765 316 2230 380 DOGMATICA.
2271 338 2292 351 ο
2319 337 2343 350 ·
2382 315 2536 377 TlT.
2579 314 2788 376 XXVI.

3504 312 3642 376 1274

441 446 505 498 Ei
561 441 621 497 δὲ
681 443 774 500 καί
844 456 988 505 τινες
1048 437 1321 494 ἀντίτυπα
1392 436 1488 493 τοῦ
1553 435 1806 506 σώματος
1872 434 1967 487 καὶ

2142 429 2258 495 Quo
2289 444 2447 483 sensu
2485 426 2715 484 Basilius
2773 427 3174 484 Euclmristiaut
3224 427 3423 483 vocavit
3477 428 3646 484 ἀντί-

373 543 608 616 ατματος
639 539 737 596 τοῦ
768 538 980 610 Κυρίου
1004 538 1096 593 τὸν
1124 537 1289 607 ἄρτον
1316 534 1413 590 καὶ
1447 535 1538 590 τὸν
1562 531 1709 589 οἶνον
1763 530 1960 589 ἐκάλε-

2081 546 2221 587 τυπα
2244 532 2487 602 corporis
2517 540 2567 586 et
2589 530 2869 601 sanguinis
2905 526 3130 584 Christi.
3152 556 3215 569 —-
3245 526 3408 595 Quod
3438 528 3486 583 si
3510 545 3647 585 nou-

354 651 503 698 .aav,
518 634 596 696 ὡς
624 632 655 683 ὁ
684 629 944 701 θεοφόρος
966 627 1075 698 ἐφη
1104 626 1411 690 Βασίλειος,
1442 627 1507 679 οὐ
1550 625 1694 695 μετὰ
1714 624 1776 678 τὸ
1803 625 1969 693 ἁγισ-

375 726 571 798 σθῆναι
628 719 804 789 εἷπον,
866 720 1002 775 ἀλλὰ
1059 720 1190 792 πρὶν
1245 718 1598 789 άγιασθῆναι,
1650 716 1822 786 αὐτὴν
1868 713 1968 786 τὴν

374 818 699 890 προσφορὰν
725 814 873 869 οὕτω
914 811 1268 875 καλέσαντες.

446 1091 773 1164 Μετάληψις
803 1089 862 1144 δέ
894 1088 1118 1158 λέγεται
1152 1103 1167 1119 ο
1194 1087 1264 1141 δι’
1294 1086 1469 1157 αὐτῆς
1498 1086 1629 1157 γὰρ,
1656 1083 1758 1155 τῆς
1791 1081 1970 1155 Ἰησοῦ

375 1188 631 1258 θεότητος
665 1181 1180 1256 μεταλαμϐάνομεν.
1233 1177 1507 1234 Κοικρωνία
1551 1176 1610 1230 δέ
1642 1174 1861 1245 λέγεταί
1913 1191 1973 1229 τε

376 1280 479 1336 καὶ
514 1280 666 1332 ἐστιν
701 1275 942 1346 ἀληθῶς,
975 1273 1064 1326 διὰ
1084 1273 1147 1326 τὸ
1195 1272 1477 1325 κοινωνεῖν
1522 1270 1675 1339 ημᾶς
1708 1268 1775 1322 δι’
1801 1267 1976 1339 αὐτῆς

377 1373 456 1442 τῷ
509 1368 757 1442 Χριστῷ,
804 1367 900 1420 καὶ
939 1365 1193 1437 μετέχειν
1224 1363 1390 1419 αὐτοῦ
1424 1364 1523 1433 τῆς
1560 1360 1764 1433 σαρκός
1794 1378 1855 1414 τε
1879 1361 2007 1414 και

379 1466 477 1536 τῆς
513 1463 770 1533 Θεότητος
793 1477 806 1492 ·
844 1461 1126 1514 κοινωνεῖν
1153 1458 1232 1522 δὲ,
1275 1457 1372 1511 καὶ
1412 1455 1668 1510 ἐνοῦσθαι
1722 1455 1977 1526 ἀλλήλοις

379 1558 448 1612 δι’
483 1558 657 1626 αὐτῆς
682 1574 694 1585 ·
732 1556 862 1609 ἐπεὶ
879 1554 990 1626 γὰρ
1022 1553 1083 1619 ἐξ
1101 1551 1221 1615 ἐνὸς
1255 1552 1429 1622 ἄρτου
1462 1550 1977 1621 μεταλαμϐάνομεν,

381 1653 428 1706 oi
462 1650 661 1710 πάντες
692 1646 756 1701 ἐν
781 1647 946 1717 σῶμα
974 1644 1242 1717 Χριστοῦ,
1274 1644 1370 1698 κα).
1407 1643 1466 1696 ἓν
1498 1638 1664 1712 αἷμα,
1689 1643 1783 1695 καὶ
1814 1643 1981 1714 ἀλλή-

2071 624 2203 678 nulli
2230 639 2424 694 panem
2457 624 2784 693 vinumque,
2818 620 3077 691 corporis
3127 626 3182 674 et
3215 619 3510 690 sanguinis
3546 618 3652 674 Do-

2071 716 2203 768 mini
2229 715 2525 779 ἀντίτυπα,
2556 729 2651 769 seu
2685 712 2957 782 imagines
2989 711 3267 782 ﬁgurasve
3289 717 3653 772 vocaverunt,
3738 720 3741 723 ‘

2070 807 2222 863 velut
2258 806 2486 862 divinus
2510 806 2777 871 Basilius,
2808 820 2921 861 non
2954 805 3060 860 hoe
3099 811 3225 874 post
3271 804 3659 861 consecratio-

2072 917 2196 957 nem
2220 902 2507 967 dixerunt,
2535 900 2632 956 sed
2671 908 2971 970 antequam
3021 897 3235 953 oblatio
3286 899 3407 968 ipsa
3452 911 3656 952 consc-

2072 1003 2350 1057 craretur,
2389 1008 2578 1049 vocem
2617 992 2761 1045 hanc
2795 998 3165 1060 usurparunt.

2144 1083 2512 1154 Nuncupatur
2544 1082 2924 1152 participatio,
2965 1081 3097 1151 quia
3125 1096 3221 1151 per
3251 1080 3427 1150 ipsam
3457 1080 3661 1135 divini-

2074 1176 2208 1232 tatis
2241 1173 2375 1231 Jesu
2424 1175 2711 1231 reddimur
2772 1173 3100 1245 participes.
3153 1172 3488 1229 Communio
3528 1173 3659 1227 item

2074 1267 2407 1337 appellatur,
2451 1273 2507 1321 et
2555 1280 2749 1322 revera
2805 1273 2913 1330 est,
2972 1263 3104 1335 quia
3140 1278 3237 1333 per
3276 1276 3398 1316 eam
3438 1261 3665 1317 Christo

2076 1354 2583 1418 communicamus,
2633 1354 2865 1423 ejusque
2911 1365 3138 1406 carnem
3191 1364 3257 1405 ac
3317 1348 3663 1402 divinitatem

2078 1447 2440 1519 percipimus,
2477 1446 2615 1517 quin
2646 1446 2815 1502 etiam
2863 1444 2991 1500 aliis
3021 1443 3132 1512 alii
3189 1443 3666 1497 communicamus

2078 1555 2146 1597 ac
2177 1540 2533 1611 copulamur.
2574 1536 2711 1592 Nam
2742 1536 2875 1608 quia
2907 1551 2974 1591 ex
3010 1549 3120 1588 uno
3174 1548 3314 1604 pane
3367 1532 3668 1602 participa-

2079 1649 2227 1701 mus,
2261 1646 2459 1687 omnes
2514 1647 2685 1686 unum
2721 1629 2931 1685 Christi
2971 1643 3199 1698 corpus,
3250 1635 3305 1681 et
3353 1641 3499 1680 unus
3537 1640 3668 1680 san-

381 1746 488 1796 λων
535 1741 671 1813 μέλη
726 1713 1040 1811 γινόμεθα(
1080 1736 1362 1809 σύσσωμοι
1401 1734 1644 1808 Χριστοῦ
1708 1713 1979 1807 χρηματί-

2081 1725 2225 1796 guis,
2252 1723 2463 1793 aliique
2487 1722 2725 1777 aliorum
2752 1718 3001 1775 membra
3029 1718 3329 1783 cilicimur,
3350 1716 3481 1771 dum
3506 1713 3672 1770 unius

383 1832 589 1897 ζοντες.

963 2120 1219 2178 ἸἸΤΛΟΣ
1253 2122 1398 2190 KQ".

892 2260 1051 2318 Κατὰ
1092 2262 1149 2321 Μ
1152 2255 1521 2312 ασαλιανῶν.

476 2402 631 2457 Κατὰ
662 2401 788 2465 τοὺς
804 2399 1031 2471 χρόνους
1064 2393 1519 2451 Οὐαλεντινιανοῦ
1556 2391 1653 2447 καὶ
1677 2390 1981 2453 Οὐάλεντος

316 2562 325 2569 _
401 2496 438 2566 ἡ
467 2493 577 2550 τῶν
612 2489 981 2548 Μασαλιανῶν
1021 2488 1358 2558 ἐϐλάστησεν
1400 2485 1617 2555 αἵρεσις
1639 2500 1653 2515 ’
1690 2485 1724 2554 ἠ
1752 2482 1810 2537 δὲ
1839 2482 1977 2552 κλῆ-

405 2602 491 2649 σις
522 2584 661 2656 αὕτη
705 2580 1155 2655 μεταδαλλομὲνη
1200 2581 1280 2643 είς
1322 2578 1422 2650 τὴν
1465 2577 1690 2639 Ἑλλάδα
1723 2575 1979 2646 γλῶσσαν

406 2678 637 2749 Εὐχίτας
684 2676 856 2746 δηλοῖ.
887 2674 996 2728 Καὶ
1022 2674 1133 2746 γὰρ
1180 2672 1316 2727 πολὺ
1377 2670 1512 2742 παρ’
1551 2670 1738 2734 αὐτοῖς
1779 2668 1842 2722 τὸ
1878 2667 1980 2738 τῆς

404 2771 570 2842 εὐχῆς
594 2772 792 2840 ὖνομα,
828 2769 924 2823 καὶ
961 2767 1170 2838 ταύτην
1191 2766 1304 2821 ἄνω
1348 2766 1446 2820 καὶ
1475 2765 1627 2819 κάτω
1667 2761 1979 2833 θρυλλοῦσι,

405 2863 502 2917 καὶ
529 2862 669 2932 αῦτη
698 2861 911 2925 τούτοις
933 2859 995 2914 τὸ
1029 2876 1088 2913 σε
1097 2858 1440 2930 μνολόγημα.
1469 2856 1648 2928 Εύχὴν
1684 2855 1743 2909 δέ
1793 2855 1982 2923 λέγου-

406 2972 493 3011 σιν
515 2956 624 3009 είτε
659 2956 761 3026 τὴν
787 2954 1126 3026 προσευχὴν,
1152 2951 1220 3022 ἢν
1248 2952 1476 3015 ἕκαστος
1500 2948 1804 3021 προσφέρει
1833 2947 1976 3014 Θεῷ,

404 3047 519 3102 εἴτε
546 3050 644 3118 τὴν
656 3048 747 3103 τοῦ
769 3047 962 3118 Πάτερ
988 3048 1178 3117 ἡμῶν,
1210 3048 1278 3117 ἢν
1306 3047 1335 3100 ὁ
1367 3044 1572 3116 Κύριος
1592 3045 1705 3105 τοῖς
1742 3041 1977 3096 ἀποστό-

2080 1814 2335 1887 corporis
2360 1828 2578 1870 sumus.

2609 2105 2915 2164 TITULUS
2948 2105 3141 2163 XXVL

2538 2242 2799 2296 Adversus
2836 2239 2886 2294 Μ
2896 2238 3182 2298 asalianos.

2150 2376 2538 2434 Valentiniano
2571 2385 2626 2432 et
2656 2373 2881 2431 Valente
2944 2372 3366 2443 imperatoribus
3404 2371 3659 2427 Masaiia'

2077 2486 2271 2528 norum
2316 2471 2542 2526 haeresis
2568 2468 2871 2539 pullulavit.
2903 2466 3056 2533 Quod
3086 2466 3308 2535 quidem
3335 2467 3656 2522 vocabulum

2078 2564 2358 2631 Euchitas,
2393 2565 2446 2620 id
2470 2573 2555 2620 est
2588 2563 2879 2633 supplices,
2908 2576 3001 2616 seu
3056 2570 3339 2630 precantes
3368 2560 3664 2630 signiﬁcat.

2079 2656 2286 2713 Multus
2319 2657 2465 2713 enim
2499 2656 2641 2726 apud
2686 2656 2833 2726 ipsos
2876 2662 2961 2709 est
3010 2667 3193 2710 sermo
3227 2652 3296 2707 de
3326 2653 3661 2721 precatione,

2079 2764 2311 2819 eamque
2344 2763 2611 2818 nusquam
2653 2762 2765 2802 non
2790 2745 3090 2812 celebrant,
3122 2753 3174 2800 et
3200 2743 3474 2814 iactitant.
3528 2744 3663 2796 Pre-

2081 2840 2349 2896 catiouem
2419 2848 2599 2894 autem
2671 2838 2786 2892 sive
2858 2836 3316 2907 supplicationem
3392 2833 3664 2903 appellant

2085 2946 2292 3002 preces,
2343 2945 2481 3000 quas
2535 2929 2763 3000 quisque
2816 2928 2976 3005 oﬂ'ert
3008 2927 3166 2995 Deo;
3206 2924 3438 2996 exempli
3469 2926 3661 2994 gratia,

2087 3023 2249 3077 Pater
2277 3035 2472 3089 noster,
2519 3037 2682 3092 quam
2732 3019 2951 3091 quidem
2997 3018 3362 3087 precationem
3408 3017 3664 3071 Dominus

404 3139 518 3203 λοις
543 3109 886 3212 παρέδωκεν,
918 3109 1040 3193 Ere;
1072 3109 1195 3194 τινά
1225 3109 1425 3210 ἐτέραν
1454 3109 1641 3207 μόνοις
1679 3136 1738 3202 ἐξ
1795 3134 1978 3188 αὐτῶν

2085 3115 2365 3186 discipulis
2427 3114 2668 3179 tradidit,
2712 3124 2801 3166 aut
2860 3111 3076 3179 aliquod
3140 3110 3283 3163 aliud
3338 3109 3666 3179 precationis

405 3232 758 3303 ἐγνωσμένην
789 3234 903 3296 τοῖς
932 3235 1012 3296 είς
1055 3232 1313 3287 ἀσέὕειαν
1360 3229 1733 3296 τελεωτέροις,
1764 3226 1900 3296 πρὸς
1924 3224 1982 3278 δέ

406 3312 533 3389 τοὺς
559 3324 760 3388 ἄλλους
815 3325 1026 3388 πάντας
1083 3320 1251 3379 οὖσαν
1297 3323 1601 3393 ἀνέκφορον
1650 3323 1740 3377 διὰ
1776 3320 1876 3390 τὴν
1925 3321 1984 3372 ἐν

410 3416 552 3487 αὐτῇ
582 3416 999 3488 τερατολογίαν,
1041 3412 1221 3486 οἶμαι,
1251 3416 1348 3470 καὶ
1393 3414 1690 3484 σατανικὴν
1738 3412 1979 3483 ἐπῳδήν.

412 3509 639 3579 Ἔχουσι
675 3508 732 3562 δὲ
758 3509 853 3562 καὶ
882 3507 1054 3576 ἄλλην
1101 3506 1481 3575 προσηγορίαν
1515 3505 1627 3559 ἀπὸ
1661 3503 1758 3557 τοῦ
1800 3502 1985 3572 πράγ-

411 3617 581 3670 ματος
613 3600 958 3654 ἐπιτεθείσαν
980 3601 1186 3662 αὐτοῖς.
1228 3596 1646 3653 Ἐνθουσιασταὶ
1671 3596 1780 3666 γὰρ
1805 3609 1982 3665 προσ-

409 3692 795 3764 ονομάζονται,
863 3693 1122 3763 δαίμονός
1156 3708 1303 3753 τινος
1345 3690 1638 3761 ἐνέργειαν
1662 3688 1983 3756 είσδεχόμε-

408 3800 494 3837 νοι
512 3821 530 3850 ,
559 3783 656 3838 καὶ
685 3784 1005 3855 Πνεύματος
1034 3783 1192 3852 ἁγίου
1224 3782 1433 3853 ταύτην
1472 3781 1980 3852 ὑπολαμϐάνοντες.

410 3878 480 3932 Oi
504 3877 561 3931 δὲ
601 3877 787 3931 τέλεον
815 3877 919 3950 τὴν
968 3877 1127 3932 νόσον
1152 3878 1362 3947 ταύτην
1403 3874 1805 3945 εἰσδεδεγμένοι
1845 3875 1985 3928 ἀπο-

414 3969 740 4039 στρέφονται
773 3969 873 4040 μὲν
909 3968 1008 4040 τὴν
1034 3969 1146 4023 τῶν
1173 3969 1377 4040 χειρῶν
1414 3967 1685 4039 ἐργασίαν
1711 3967 1786 4027 ὡς
1813 3984 1985 4038 πονη-

417 4061 537 4132 ρὰν,
563 4060 716 4129 ὕπνῳ
742 4060 799 4114 δέ
827 4062 899 4114 τὰ
920 4060 1094 4115 πολλὰ
1135 4062 1277 4129 σφᾶς
1315 4060 1517 4121 αὐτοὺς
1551 4058 1853 4120 ἐκδιδόντες
1900 4060 1987 4110 ἐν-

416 4152 747 4222 θουσιασμὸν
766 4153 867 4217 τὰς
891 4154 1001 4209 τῶν
1027 4153 1261 4224 ὀνείρων
1289 4151 1593 4220 φαντασίας
1619 4149 1985 4205 ἀποκαλοῦσι.

415 4242 630 4311 Ταύτης
664 4244 917 4313 ἐγένοντο
945 4245 1047 4314 τῆς
1077 4243 1347 4314 αἱρέσεως
1382 4242 1626 4313 ἀρχηγοὶ
1669 4240 1858 4295 πολλοὶ
1885 4242 1987 4311 μιν

415 4334 510 4388 καὶ
533 4333 705 4399 ἄλλοι,
733 4334 816 4388 ιτι
845 4334 903 4387 δέ
938 4335 1035 4387 καὶ
1065 4334 1361 4404 Ἀδέλφιος,
1393 4334 1453 4386 ὃν
1474 4331 1773 4395 Φλαδιανὸς
1800 4332 1830 4385 ὁ
1862 4332 1986 4385 Ἀν-

412 4427 652 4496 τιοχείας
681 4425 1197 4497 μετακαλεσάμενος
1228 4424 1290 4489 ἐξ
1341 4423 1621 4493 Ἐδέσσης,
1670 4424 1766 4477 καὶ
1804 4438 1984 4492 τεχνι-

417 4520 531 4583 κῶς
566 4518 838 4582 ὑπελθὼν,
869 4519 964 4574 καὶ
1013 4518 1289 4591 μαθητιᾷν
1341 4516 1804 4587 ὑποκρινάμενος,
1844 4531 1986 4584 παρ-

416 4611 714 4665 ἐσκεύασεν
746 4612 1003 4682 ἐξεμέσαι
1051 4610 1231 4665 πάντα
1260 4609 1352 4662 τὸν
1392 4607 1849 4677 ἐγκεκρυμμένον
1877 4605 1986 4659 τῶν

415 4705 708 4772 δογμάτων
731 4704 829 4758 ίόν.
857 4704 1035 4775 Δήλης
1055 4702 1113 4756 δὲ
1132 4701 1230 4771 τῆς
1249 4702 1406 4755 νόσου
1430 4698 1636 4769 ταύτης
1663 4697 1986 4768 γενομένης,

416 4796 516 4867 τῆς
547 4796 648 4867 μὲν
679 4795 877 4864 Συρίας
922 4795 1291 4864 ἐξηλάθησαν,
1319 4795 1399 4856 είς
1436 4792 1495 4846 δέ
1524 4792 1626 4863 τὴν
1660 4789 1988 4860 Παμφυλίαν

417 4887 729 4958 ἐχώρησαν.
783 4886 921 4939 Τίνα
966 4885 1026 4939 δέ
1064 4884 1134 4938 τὰ
1166 4884 1419 4953 δόγματα
1485 4882 1693 4938 τούτων
1751 4879 1988 4953 ἐροῦμεν

418 4980 829 5051 προδαίνοντσς.
874 4977 1292 5049 ’Δνελήφθησαν
1325 4979 1436 5047 γὰρ
1476 4978 1542 5031 ἐκ
1568 4976 1668 5047 τῆς
1694 4974 1875 5029 αὐτῶν
1911 4973 1991 5046 βί-

418 5072 570 5141 ϐλου,
599 5073 695 5127 καὶ
747 5072 883 5126 πᾶσι
924 5071 1047 5124 τότε
1076 5067 1439 5140 προετίθεσαν
1489 5068 1571 5131 είς
1600 5067 1664 5121 τὸ
1706 5065 1990 5123 καταπτύ-

417 5166 594 5221 εσθαι.

491 5258 783 5325 Λέγουσιν,
807 5256 891 5311 ὃτι
931 5255 988 5308 αί
1007 5253 1159 5324 τρεῖς
1185 5248 1520 5312 ὑποστάσεις
1562 5248 1801 5319 Πατρὸς,
1834 5248 1989 5312 Υίοῦ,

419 5351 515 5405 καὶ
541 5350 703 5419 ἁγίου
726 5330 1046 5421 Π’νεύματος
1081 5348 1162 5407 είς
1196 5345 1330 5415 μίαν
1376 5343 1678 5397 ὑπόστασιν
1729 5341 1993 5396 ἀναλύον-

420 5460 534 5499 ται.
568 5441 742 5497 Τοῦτο
774 5442 831 5496 δὲ
866 5442 931 5494 ἐκ
976 5438 1076 5509 τῆς
1116 5436 1449 5506 Σαϐελιανῆς
1482 5434 1748 5506 αἱρέσεως
1791 5433 1993 5503 ἐσύλη-

423 5549 524 5587 σαν
543 5534 623 5594 είς
661 5530 721 5585 ἓν
768 5528 1155 5598 συναιρούσηςο
1220 5525 1318 5580 καὶ
1380 5521 1839 5593 συναλειφούσης,
1898 5524 1993 5575 καὶ

425 5625 765 5696 συγχεούσης
786 5624 884 5687 τὰς
909 5623 1059 5693 τρεῖς
1089 5618 1444 5685 ὑποστάσεις,
1472 5616 1567 5672 καὶ
1601 5615 1732 5688 μίαν
1757 5615 1993 5670 ὑπόστα·

499 5788 517 5819 ⁸
550 5786 571 5842 ι
599 5786 722 5845 Cor.
756 5800 829 5854 xi,
860 5784 951 5842 29.

2084 3222 2272 3277 genus,
2301 3206 2431 3262 solis
2472 3205 2600 3269 illis,
2634 3203 2726 3272 qui
2758 3204 2894 3273 apud
2926 3202 3070 3270 ipsos
3104 3200 3156 3253 in
3194 3199 3470 3269 impietate
3525 3201 3666 3266 peri-

2085 3299 2250 3353 tiores
2302 3308 2462 3362 sunt,
2515 3296 2831 3365 cognitum;
2893 3293 2961 3348 ab
3014 3291 3134 3347 aliis
3183 3302 3361 3344 autem
3415 3292 3665 3344 omnibus

2084 3389 2388 3459 ignoratum
2418 3396 2637 3458 propter
2658 3386 2848 3456 ipsius,
2872 3392 2928 3438 ut
2961 3384 3215 3446 arbitror,
3246 3382 3660 3445 absurditatem,

2083 3489 2139 3533 et
2188 3478 2486 3533 satanicum
2534 3478 2977 3531 incantationem.
3026 3474 3183 3529 Aliud
3222 3475 3387 3527 etiam
3435 3474 3503 3529 ab
3547 3477 3664 3544 ipsa

2085 3584 2144 3626 re
2191 3583 2489 3640 cognomen
2552 3567 2770 3621 habent.
2828 3565 3005 3619 Alﬂati
3061 3566 3203 3620 enim
3265 3576 3666 3635 nuncupantur,

2083 3664 2281 3734 quippe
2314 3661 2407 3731 qui
2437 3662 2698 3717 d.cmonis
2747 3658 3033 3730 cujus‘dam
3092 3658 3356 3713 actionem
3412 3660 3663 3722 subeant,

2085 3769 2245 3823 quam
2305 3765 2426 3807 esse
2489 3749 2665 3807 sancti
2715 3748 2951 3819 Spiritus
3007 3749 3338 3804 exist'mant.
3405 3748 3510 3805 Sed
3574 3752 3664 3819 qui

2084 3845 2325 3915 perfecto
2360 3843 2611 3898 laborant
2670 3843 2773 3896 hoc
2834 3843 3063 3906 morbo,
3128 3857 3385 3895 manuum
3448 3843 3662 3911 quidem

2084 3951 2222 4008 opus
2259 3936 2336 3990 uti
2378 3935 2637 3990 nefarium
2692 3942 3033 3997 aversantur,
3067 3948 3130 3987 ac
3180 3949 3373 3988 somno
3430 3936 3667 4004 plerum-

2085 4044 2192 4101 que
2222 4044 2341 4085 sese
2375 4028 2649 4093 dedentes,
2684 4041 2751 4079 ex
2806 4026 3139 4079 somniorum
3199 4025 3329 4079 visis
3377 4024 3539 4079 amori
3604 4042 3664 4081 se

2087 4130 2296 4193 putant.
2333 4119 2500 4174 Porro
2560 4118 2716 4172 istius
2771 4116 2991 4171 haeresis
3032 4131 3151 4170 cum
3192 4116 3281 4169 alii
3336 4117 3486 4169 inulti
3519 4118 3666 4183 prin-

2088 4214 2234 4284 cipes
2265 4210 2614 4274 exstiterunt,
2653 4219 2762 4263 tum
2806 4208 3124 4277 Adelphius,
3162 4223 3320 4277 quem
3379 4205 3667 4263 Flavianus

2088 4303 2387 4360 Antiochia:
2438 4300 2679 4371 pontifex
2730 4301 3052 4355 accersitum
3106 4314 3174 4355 ex
3212 4298 3437 4366 Edessa,
3475 4314 3669 4370 magno

2090 4413 2149 4454 se
2180 4398 2322 4452 illius
2351 4394 2648 4465 disciplina:
2699 4391 2878 4473 studio
2911 4390 3081 4445 teneri
3135 4390 3419 4456 simulans,
3475 4391 3668 4445 callide

2015 4483 2328 4556 Dpellexit,
2380 4493 2439 4537 ut
2490 4483 2759 4538 occultmu
2839 4496 3001 4535 omne
3072 4479 3335 4534 doctrina:
3401 4494 3665 4534 venenum

2086 4584 2383 4633 evomeret.
2418 4573 2537 4639 Quo
2590 4569 2807 4641 quidem
2864 4570 3055 4624 morbo
3102 4567 3394 4638 patefacto,
3426 4584 3456 4624 e
3513 4570 3666 4641 Syria

2088 4665 2294 4734 expulsi
2354 4665 2405 4717 in
2473 4660 2843 4732 Pamphyliam
2925 4665 3359 4729 concesserunt.
3405 4658 3668 4725 Quaedam

2091 4761 2316 4816 istorum
2378 4757 2623 4810 instituta
2706 4752 3111 4824 progredientes
3164 4753 3489 4820 aperiemus,
3549 4768 3669 4822 qua:

2090 4866 2158 4906 ex
2210 4849 2449 4919 ipsorum
2521 4846 2659 4900 libro
2713 4844 3031 4913 deprompta
3095 4852 3243 4908 sunt,
3307 4854 3358 4900 et
3419 4847 3670 4900 omnibus

2092 4952 2222 4998 tunc
2296 4939 2595 5012 pr0posita,
2685 4944 2746 4988 ut
2841 4934 3210 5004 despiciantur
3280 4942 3336 4988 et
3417 4946 3666 4990 contem-

2091 5045 2316 5091 nanlur.

2164 5239 2359 5294 Dicunt
2390 5242 2497 5289 tres
2543 5243 2805 5301 personas
2839 5226 3038 5292 Patris,
3081 5235 3137 5281 et
3175 5226 3320 5290 Filii,
3350 5234 3405 5282 et
3433 5225 3669 5297 Spiritus

2092 5332 2265 5391 sancti
2300 5330 2353 5384 in
2386 5339 2548 5382 unam
2574 5323 2797 5389 resolvi,
2830 5323 2973 5393 quod
3001 5337 3067 5377 ex
3096 5319 3402 5376 Sabelliana
3472 5319 3668 5375 haeresi

2094 5422 2491 5494 surripuerunt,
2529 5432 2648 5486 qure
2677 5423 2786 5470 tres
2820 5416 3133 5485 hypostases
3190 5411 3246 5466 in
3304 5427 3469 5466 unum
3529 5413 3671 5483 cegit

2098 5529 2264 5587 atque
2349 5510 2651 5576 confundit,
2719 5515 2776 5563 et
2857 5520 3018 5561 unam
3079 5504 3240 5559 trium
3318 5518 3669 5573 personarum

2099 5604 2431 5682 bypostasim
2479 5603 2668 5661 tradit.
2727 5596 3109 5669 istius_igitur
3164 5597 3438 5669 opinionis
3496 5596 3673 5668 impia:
