4132 6410
491 329 636 396 12⁷5

1722 320 2113 385 EUTHYMII
2154 321 2525 385 ZIGABENI

3639 324 3776 392 1276

483 440 916 502 coniutationem
942 435 1095 507 injeo
1121 437 1300 507 titulo,
1319 437 1411 507 qui
1438 434 1699 492 adversus
1732 434 2076 492 Sabellianos

2183 455 2272 492 σιν
2334 437 2776 511 δογματιζούσης
2820 439 3232 511 τριπρόσωπον.
3268 442 3541 515 Εὑρήσεις
3572 446 3630 500 δὲ
3671 450 3775 513 τάς

487 534 785 603 inscriptus
804 540 914 597 est,
943 530 1203 602 reperies.

558 816 801 872 Divinam
833 816 983 869 aiunt
1018 820 1266 868 naturam
1306 811 1470 868 facile
1528 811 1669 868 verti
1756 821 1813 868 et
1877 810 2080 868 mutari

488 912 542 965 in
586 910 952 978 quodcunque
980 906 1238 969 voluerit,
1272 915 1333 960 ut
1374 918 1499 961 cum
1540 904 1761 970 animis,
1813 919 1935 975 qua:
1965 904 2081 972 ipsa

488 1005 602 1059 sint
643 1004 841 1071 dignae,
898 1000 1282 1070 coniungatur.
1349 996 1514 1067 Atqui
1563 998 1703 1053 verti
1774 997 2083 1066 mutarique

485 1107 668 1148 rerum
704 1100 1112 1160 procreatarum
1146 1087 1423 1157 proprium
1451 1096 1561 1141 est.
1600 1086 1875 1156 Quidquid
1936 1087 2081 1142 enim

485 1193 729 1241 creatum
780 1192 885 1245 est,
918 1181 971 1236 id
1005 1190 1061 1236 et
1088 1179 1353 1237 mutabile
1386 1188 1489 1233 est.
1516 1177 1651 1235 Nam
1686 1194 1809 1249 qua:
1840 1193 1872 1232 a
1912 1188 2082 1233 muta-

484 1282 631 1335 tione
661 1278 934 1332 duxerunt
984 1277 1224 1341 initium,
1255 1274 1310 1329 id
1351 1282 1467 1339 est,
1510 1288 1631 1343 qua:
1658 1288 1725 1327 ex
1756 1271 1929 1328 nihilo
1959 1286 2085 1343 pro-

486 1370 629 1425 fecta
655 1380 809 1433 sunt,
857 1383 919 1423 ea
975 1370 1135 1438 plane
1184 1365 1576 1422 mutationibus
1640 1366 2084 1435 corruptiOniqne

486 1472 613 1518 sunt
636 1463 900 1527 obnoxia,
945 1471 1005 1514 ut
1044 1474 1166 1529 quae
1203 1458 1405 1513 mundo
1448 1458 1821 1524 continentur,
1856 1466 1912 1514 et.
1964 1474 2085 1529 qua:

487 1557 765 1627 proposito
795 1563 1074 1609 mutantur
1106 1565 1162 1609 et
1189 1552 1487 1618 voluntate,
1505 1551 1692 1621 quales
1718 1561 1848 1608 sunt
1905 1555 2082 1624 angeli

2183 531 2284 587 τοῦ
2336 533 2577 598 ἀσεσοῦς
2628 532 2825 587 τούτου
2880 533 3156 603 δόγματος
3206 535 3530 608 ἀνατροπάς
3582 541 3642 594 έν
3692 541 3777 612 τῷ

2182 628 2565 699 προγραφέντι
2596 626 2752 682 κατὰ
2788 624 2911 681 τῶν
2931 627 3322 683 Σαϐελιιινῶν
3341 630 3532 703 τιτλφ,
3553 633 3651 686 καὶ
3678 631 3779 704 ζή-

2180 733 2350 790 τησον
2374 722 2491 774 ἐκεῖ
2518 720 2771 784 satis“)

2251 812 2549 881 Λέγουσιν,
2576 812 2661 866 ὅτι
2690 812 2975 885 τρέπεται,
2999 813 3099 869 καὶ
3130 814 3532 885 μεταϐάλλεται
3566 816 3774 888 ῥᾳδίως

2180 906 2215 976 tl)
2248 905 2372 960 θεία
2401 905 2565 976 φύσις
2595 905 2733 977 πρὸς
2763 906 2793 960 ὃ
2825 905 2893 961 ἀν
2918 905 3188 976 βούλοιτο,
3209 907 3299 961 ἶνα
3323 912 3613 981 συγκραθῇ
3644 913 3775 975 ταῖς

2182 999 2363 1065 ἀξίαις
2390 1002 2530 1071 αὐτῇ
2570 999 2795 1070 ψυχαῖς.
2823 998 2931 1054 Καὶ
2966 999 3075 1072 μὴν
3102 999 3209 1054 τῶν
3235 1001 3474 1055 κτιστῶν
3508 1003 3541 1073 ἠ
3567 1004 3776 1074 τροπή.

2183 1094 2305 1148 Πᾶν
2336 1093 2448 1165 γὰρ
2503 1094 2725 1148 κτιστὺν
2779 1092 2880 1147 καὶ
2943 1093 3199 1164 spem-6v.
3231 1087 3334 1148 Ἦν
3386 1096 3497 1167 γάρ
3521 1096 3583 1149 τὸ
3629 1089 3778 1152 εἶναι

2185 1186 2295 1240 ἀπὸ
2322 1184 2537 1257 τροπῆς
2568 1183 2796 1257 ἧρξατο,
2847 1187 3134 1239 τουτέστιν
3179 1187 3289 1239 ἀπὸ
3324 1186 3420 1240 τοῦ
3475 1187 3555 1260 μὴ
3603 1183 3773 1254 εἶναι,

2182 1277 2360 1334 ταῦτα
2388 1278 2609 1343 πάντως
2643 1281 2711 1349 τῇ
2742 1281 2927 1350 τροπῇ
2958 1279 3314 1333 ὑποκείσεται
3341 1279 3373 1351 ἢ
3402 1282 3772 1351 φθειρόμενα,

2184 1374 2263 1435 ὡς
2301 1372 2372 1426 τὰ
2395 1372 2694 1442 έγκόσμια,
2738 1371 2773 1442 ἢ
2806 1375 2949 1427 κατά
2996 1372 3324 1444 προαιρεσιν
3377 1372 3772 1442 ἀλλοιούμενα,

2186 1465 2263 1530 ὡς
2299 1466 2527 1535 ἄγγελοι
2559 1466 2656 1520 καὶ
2693 1466 2890 1536 ψυχαὶ,
2943 1466 3086 1519 κατά
3125 1482 3187 1519 τε
3217 1466 3318 1538 τὴν
3366 1469 3462 1520 ἐπὶ
3505 1466 3569 1520 τὸ
3607 1466 3778 1521 καλὸν

2188 1558 2503 1630 προκοπὴν,
2552 1559 2649 1611 καὶ
2675 1560 2777 1630 τὴν
2816 1560 2912 1612 ἐπὶ
2943 1559 3006 1613 τὸ
3036 1560 3207 1613 κακὸν
3238 1560 3483 1629 κίνησιν.
3530 1561 3687 1613 Ἐπεὶ
3716 1560 3779 1613 δὲ

491 1660 547 1703 et
579 1650 795 1714 animm,
834 1656 946 1699 tum
986 1649 1053 1699 ad
1085 1645 1312 1710 bonum,
1366 1653 1477 1698 tum
1534 1643 1603 1698 ad
1664 1644 1886 1700 malum.
1942 1645 2084 1712 Quo-

2188 1654 2216 1706 6
2239 1651 2373 1715 Θεὸς
2398 1653 2673 1716 άκτιστος,
2705 1652 2928 1716 πάντως
2967 1652 3065 1705 καὶ
3097 1652 3390 1724 ἄτρεπτος.
3422 1648 3527 1706 Ὧν
3571 1653 3680 1723 γὰρ
3710 1653 3776 1705 τὸ

490 1744 640 1797 niam
698 1750 878 1795 autem
910 1738 1053 1794 Deus
1086 1745 1304 1792 creatus
1341 1750 1450 1790 non
1480 1743 1585 1802 est,
1616 1743 1671 1792 et
1725 1736 2084 1794 immutabilis

2188 1740 2333 1798 εἶναι
2376 1745 2644 1812 ἐναντίον,
2676 1745 2887 1799 τούτων
2917 1746 3011 1799 καὶ
3041 1746 3069 1798 6
3120 1745 3220 1799 τοῦ
3263 1747 3385 1808 πῶς
3441 1740 3586 1798 εἶναι
3609 1746 3773 1814 λόγος

487 1844 573 1890 est
603 1831 849 1888 omnino.
881 1828 1129 1895 Quorum
1161 1827 1308 1883 enim
1368 1827 1608 1883 essentia
1663 1828 1941 1883 contraria
1973 1838 2080 1897 est,

2183 1840 2453 1904 ἐναντίος.
2481 1839 2592 1893 Καὶ
2618 1803 2743 1893 καθ’
2774 1839 2965 1911 ἕτερον
2993 1838 3050 1892 δὲ
3069 1840 3228 1908 λόγον
3267 1841 3300 1911 ἡ
3332 1803 3431 1911 μ-ὲν
3470 1839 3651 1912 τροπὴ

487 1939 677 1980 eorum
709 1931 764 1979 et
787 1921 1042 1979 essentiae
1100 1918 1345 1976 conditio
1408 1920 1685 1995 contraria
1737 1928 1841 1976 est.
1907 1922 2084 1991 Atque

2183 1931 2390 2002 νήσεως
2426 1926 2569 1996 εἶδός
2596 1934 2738 1999 ἐστι,
2774 1933 3141 2003 προσήκουσα
3168 1934 3282 1994 τοῖς
3316 1935 3554 1995 κτιστοῖς
3580 1949 3596 1966 ο
3649 1935 3677 1986 6
3713 1933 3775 1987 δὲ

487 2019 593 2074 alia
628 2017 847 2088 quidem
886 2014 1099 2069 ratione
1124 2011 1353 2067 mutatio
1380 2021 1559 2067 motus
1589 2020 1674 2068 est
1707 2027 1881 2084 genus
1918 2012 2084 2070 rebus

2183 2018 2316 2081 Θεὸς
2354 2020 2497 2075 κατά
2525 2023 2690 2091 φύσιν
2720 2021 2981 2093 ἀκίνητός
3012 2024 3151 2085 ἐστι,
3190 2025 3284 2075 καὶ
3315 2022 3461 2093 ὑπὲρ
3491 2023 3589 2094 τὴν
3616 2024 3774 2093 παρά

485 2098 819 2169 conveniens
884 2106 1232 2180 procreatis;
1301 2105 1445 2161 Deus
1502 2113 1691 2161 autem
1762 2116 1955 2161 natura
2004 2115 2084 2164 est

2192 2113 2312 2177 τοῖς
2326 2113 2643 2184 φιλοσόφοις
2662 2115 2828 2186 ἑξαχῆ
2850 2116 3093 2186 κίνησιν,
3117 2115 3192 2178 ὡς
3208 2117 3414 2180 άποσος
3439 2117 3533 2170 καὶ
3550 2117 3771 2183 ἄποιος,

486 2205 804 2271 immobilis,
878 2199 1355 2274 praestantiorque,
1436 2213 1602 2268 quam
1666 2199 1837 2254 utin
1911 2200 2081 2256 ullum

2183 2205 2328 2258 κατά
2353 2222 2416 2259 τε
2453 2206 2632 2279 ἀρχὴν
2658 2209 2754 2262 καὶ
2779 2208 2955 2271 τέλος.
2981 2207 3045 2262 Εἰ
3068 2208 3121 2262 δὲ
3144 2207 3415 2283 ἄτρεπτος
3437 2207 3579 2260 κατὰ
3601 2206 3771 2276 φύσιν

484 2313 549 2353 ex
605 2296 712 2352 illis
753 2309 849 2351 sex
907 2300 1152 2347 motuum
1214 2288 1530 2361 generibus,
1607 2288 1675 2344 de
1721 2290 1919 2360 quibus
1968 2291 2084 2361 phi-

2183 2298 2211 2349 6
2245 2296 2399 2363 Θεὺς,
2430 2299 2649 2363 πάντως
2673 2302 2768 2353 καὶ
2794 2300 3195 2372 άμετάὸλητος.

486 2390 696 2459 Iosephi
745 2390 1048 2458 disputant,
1089 2382 1270 2450 cadat,
1350 2382 1554 2453 quippe
1621 2381 1713 2453 qui
1777 2384 2102 2453 quantitatis
2174 2397 2230 2443 et
2290 2391 2570 2460 qualitatis
2627 2403 2713 2447 est
2767 2407 3001 2464 expers,
3082 2404 3138 2448 et
3209 2393 3453 2449 infinitus
3501 2402 3769 2464 quantum

484 2484 550 2539 ad
589 2482 911 2554 principium
964 2479 1236 2547 ﬁnemque
1283 2476 1541 2546 pertinet.
1589 2474 1745 2543 Quod
1792 2476 1839 2534 si
1879 2477 2175 2537 immobilis
2213 2492 2298 2540 est
2348 2495 2543 2542 natura
2579 2486 2760 2555 Deus,
2792 2498 2846 2544 et
2885 2488 3240 2545 immutabilis
3260 2488 3504 2544 omnino.

554 2577 754 2632 Dicunt
817 2587 1004 2629 semen
1084 2579 1139 2626 et
1204 2567 1447 2624 Verbum
1512 2570 1568 2624 in
1640 2568 1736 2625 Del
1789 2568 2084 2628 Genitricis

2257 2580 2553 2650 Λέγουσιν,
2576 2580 2660 2635 ὅτι
2699 2581 2929 2653 σπέρμα
2959 2582 3055 2637 καὶ
3083 2583 3257 2651 Λόγος
3304 2581 3500 2636 ἔπεσεν
3527 2582 3621 2636 ἐπὶ
3666 2582 3774 2657 τὴν

483 2682 696 2725 uterum
729 2666 1091 2723 descendisse.
1126 2662 1318 2719 Procul
1362 2661 1640 2732 rejiciatur
1675 2659 1891 2716 nefaria
1945 2661 2084 2717 isto-

2183 2673 2351 2745 νηδὺν
2371 2675 2471 2746 τῆς
2486 2676 2858 2747 Θεομνιγτορος.
2882 2677 3104 2746 Ἀπαγε
3136 2678 3236 2747 τῆς
3263 2678 3501 2748 ἐσχάτης
3526 2677 3776 2749 βλασφη-

481 2778 605 2817 rum
674 2762 940 2829 impietas,
1032 2772 1265 2827 quorum
1324 2770 1505 2811 sermo
1568 2769 1699 2810 vere
1758 2768 1943 2810 semen
1997 2764 2084 2811 est

2185 2773 2337 2838 μίας.
2374 2765 2436 2822 '0
2471 2767 2631 2837 λόγος
2655 2769 2838 2823 αὐτῶν
2871 2761 3033 2834 οὗτος
3086 2770 3182 2823 τοῦ
3221 2771 3475 2824 διαϐόλου
3540 2771 3771 2843 σπέρμα

491 2854 717 2920 diaboli,
769 2853 914 2922 quod
951 2851 1005 2903 in
1027 2848 1259 2904 'animas
1289 2850 1528 2919 ipsorum
1571 2846 1776 2904 cadens
1808 2848 1952 2918 cogit
1984 2862 2081 2903 eos

2183 2858 2354 2923 ὕντως
2383 2860 2523 2924 ἐστὶ,
2553 2859 2647 2912 καὶ
2676 2861 2798 2923 ταῖς
2838 2861 3044 2932 ψυχαῖς
3083 2862 3267 2915 αὐτῶν
3292 2862 3558 2933 ἐμπεσὸν,
3592 2864 3774 2932 ἀνοιγ-

488 2949 597 3004 tale
633 2961 898 3002 venenum
947 2942 1242 2997 cﬂ'untiere.
1286 2941 1582 3011 Cujusnam
1632 2953 1839 3005 semen,
1884 2947 1943 2995 ut
1974 2940 2076 3009 ipsi

2185 2950 2347 3015 κάξει
2397 2951 2627 3017 τούτους
2683 2955 2867 3021 ἐκχεῖν
2902 2953 3150 3009 τοιοῦτον
3206 2956 3307 3009 εόν.
3360 2955 3521 3020 Τίνος
3572 2956 3682 3028 γὰρ
3708 2957 3775 3009 τ’)

486 3047 769 3109 nugantur
821 3035 1117 3107 (prepitius
1147 3034 1301 3089 nobis
1335 3033 1410 3087 sit
1453 3030 1730 3096 Christus,
1785 3040 1841 3087 et
1887 3032 2082 3088 castis-

2187 3042 2415 3114 σπέρμα
2445 3044 2507 3096 τὸ
2530 3046 2598 3115 τῇ
2631 3044 2943 3116 παρθενικῇ
2975 3045 3155 3115 νηδύϊ,
3186 3045 3371 3110 καθὼς
3417 3047 3573 3101 αὐτοὶ
3601 3047 3777 3118 φλυα-

485 3134 622 3188 sima
643 3130 813 3185 Mater
829 3129 1000 3198 ipsius
1020 3129 1060 3201 ι)
1096 3125 1343 3183 cedidit?
1377 3124 1736 3182 Hominisnc?
1773 3124 1993 3180 Minime
2031 3125 2084 3180 id

2190 3135 2398 3205 ροῦσιν,
2423 3137 2671 3205 ιμπεσόν
2701 3153 2717 3203 ;
2765 3136 2902 3190 Ἀλλ’
2953 3137 3113 3201 ῑλεως
3147 3139 3282 3209 ἡμῖν
3316 3141 3411 3192 καὶ
3463 3141 3491 3192 ό
3528 3138 3776 3209 Χριστὸς

498 3230 705 3289 dicent.
739 3242 862 3282 cum
904 3225 1008 3295 ipsi
1045 3238 1262 3294 quoque
1312 3222 1577 3293 virginem
1603 3220 1811 3278 Christi
1857 3222 2084 3277 Matrem

2187 3226 2297 3296 εἴη,
2335 3230 2436 3280 καὶ
2467 3229 2502 3298 ή
2526 3229 2914 3301 πανάχραντος
2954 3231 3126 3284 αὐτοῦ
3157 3232 3385 3303 Μήτηρ.
3452 3231 3775 3303 ’Δνθρώπου

490 3321 787 3374 fateantur.
838 3318 921 3368 An
954 3314 1118 3370 caeli?
1157 3314 1229 3369 At
1281 3312 1386 3367 hoc
1417 3311 1465 3367 si
1515 3310 1779 3377 dixerint,
1848 3327 2084 3385 oppone-

2190 3319 2292 3390 μὲν
2318 3320 2427 3389 γάρ
2473 3320 2650 3373 εἰπεῖν
2683 3322 2786 3375 οὐκ
2841 3321 2909 3376 ἂν
2946 3323 3147 3393 ἔχοιεν.
3204 3325 3482 3393 Παρθένον
3527 3326 3638 3396 γὰρ
3677 3328 3777 3378 καὶ

492 3427 612 3465 mus
653 3410 759 3464 illis
800 3424 863 3461 ea
892 3422 1016 3479 quae
1049 3407 1312 3461 adversus
1338 3404 1483 3471 illos,
1514 3404 1608 3474 qui
1656 3404 1859 3461 Christi
1902 3415 2084 3462 ortum

490 3520 555 3558 cx
601 3502 821 3574 Virgine
859 3509 1059 3573 negant
1102 3498 1459 3566 exstitisse,et
1487 3497 1708 3554 caeleste
1765 3496 1933 3553 fuisse
1962 3514 2089 3556 cor-

488 3611 591 3664 pus
660 3595 830 3666 ipsius
900 3593 1192 3658 aﬂirmant,
1255 3589 1687 3657 elaboravimus,
1752 3600 1808 3647 et
1854 3594 2090 3661 septimo

486 3688 665 3760 capite
718 3687 865 3744 illius
927 3686 1105 3750 tituli,
1164 3684 1256 3754 qui
1320 3692 1404 3737 est
1458 3682 1714 3735 adversus
1782 3682 2088 3749 Armenios,

491 3785 865 3848 continentur,
913 3792 970 3837 et
1026 3781 1079 3835 in
1134 3782 1313 3851 capite
1398 3778 1467 3833 de
1517 3777 1611 3832 Dei
1672 3775 1971 3849 Genitrice,
2034 3793 2091 3839 et

485 3891 605 3944 qua:
644 3874 901 3943 deinceps
933 3878 1233 3942 sequuntur
1286 3870 1339 3924 in
1400 3870 1556 3924 titulo
1605 3868 1874 3925 Adversus
1937 3869 2087 3926 Pau-

484 3969 729 4034 liciauos,
776 3966 973 4037 quibus
1012 3965 1066 4022 iu
1114 3966 1251 4021 locis
1285 3964 1539 4040 impietas
1595 3966 1832 4023 istorum
1897 3973 2086 4035 aperte

488 4058 830 4117 confutatur.

566 4325 778 4398 Negant
822 4328 1074 4384 divinum
1108 4328 1441 4401 baptismum
1484 4345 1642 4401 posse
1673 4330 1887 4388 radices
1936 4332 2084 4390 evel.

2187 3412 2348 3466 αὐτοὶ
2397 3412 2607 3483 ταύτην
2638 3414 3028 3485 ὁμολογοῦσιν.
3086 3417 3356 3487 Οὐράνιον
3386 3418 3443 3470 δὲ
3472 3420 3673 3487 εἰπεῖν,
3722 3420 3774 3471 εἰ

2186 3504 2557 3577 τολμήσουσιν
2595 3506 2748 3571 αὐτὸ,
2810 3509 3180 3579 ἀντιθήσομεν
3210 3513 3398 3573 αὐτοῖς
3448 3511 3547 3581 τὴν
3597 3528 3776 3580 πονη-

2187 3598 2381 3652 θεῑσαν
2408 3600 2544 3668 ἡμῖν
2565 3600 2886 3671 ἀνατροπὴν
2909 3601 3019 3655 τῶν
3047 3601 3386 3656 ἀθετούντων
3410 3603 3509 3673 τὴν
3531 3604 3595 3656 ἐκ
3623 3605 3774 3674 Παρ-

2189 3687 2347 3742 θένου
2380 3689 2637 3759 γέννησιν
2661 3690 2760 3744 τοῦ
2790 3689 3053 3759 Χριστοῦ,
3087 3692 3184 3746 καὶ
3216 3694 3475 3765 οὐράνιον
3510 3692 3677 3745 αὑτοῦ
3711 3693 3774 3745 τὸ

2190 3779 2353 3851 σῶμα
2384 3780 2720 3851 ληρούντων,
2769 3782 2893 3853 ἥτις
2916 3783 3147 3853 ἕϐδομόν
3189 3787 3307 3839 ὲστι
3344 3786 3644 3855 κεφάλαιον
3675 3785 3770 3839 τοῦ

2184 3871 2341 3926 κατὰ
2375 3871 2709 3941 ’Δρμενίων
2733 3870 2940 3939 τίτλου,
2992 3875 3450 3944 παραπέμπουσα
3502 3877 3598 3926 καὶ
3632 3876 3773 3945 πρὶς

2183 3963 2245 4017 τὸ
2270 3964 2402 4035 περὶ
2429 3964 2527 4033 τῆς
2554 3962 2821 4017 Θεοτόκου
2852 3965 3173 4034 κεφάλαιον,
3204 3969 3299 4019 καὶ
3332 3967 3395 4020 τὸ
3420 3966 3546 4037 ἑξῆς
3574 3966 3771 4031 αὐτοῦ,

2189 4053 2422 4124 κειμενα
2464 4054 2525 4106 ὲν
2565 4052 2647 4124 τῷ
2698 4054 2853 4108 κατὰ
2898 4052 3019 4107 τῶν
3085 4055 3516 4111 navitae;er
3580 4044 3771 4128 ﬂéhp,

2185 4145 2285 4198 καὶ
2329 4144 2523 4214 σαφῶς
2589 4141 2897 4214 ἐλέγχοντα
2958 4144 3063 4217 τὴν
3117 4144 3383 4201 ἀσέϐειαν
3444 4145 3557 4201 τῶν
3595 4147 3773 4211 οὕτως

2187 4236 2448 4308 ἑχόντων.

2258 4328 2555 4399 Λέγουσιν,
2589 4329 2674 4384 ὅτι
2709 4329 2773 4384 τὸ
2819 4329 2967 4385 θετον
2990 4328 3284 4400 βάπτισμα
3312 4330 3415 4394 τὰς
3450 4329 3608 4401 ῥίζας
3661 4331 3778 4383 τᾶν

485 4429 599 4474 lere
639 4428 1013 4490 peccatorum.
1058 4419 1163 4477 Sed
1189 4420 1453 4485 Dominus
1497 4432 1682 4480 noster
1730 4422 1892 4481 Jesus
1927 4424 2084 4481 Chri-

2189 4420 2611 4493 ἁμαρτημάτων
2631 4421 2888 4494 ἀνασπᾷν
2914 4421 2978 4475 ού
3000 4421 3249 4477 δύναται.
3278 4422 3416 4491 Φησὶ
3442 4421 3500 4474 δὲ
3518 4423 3547 4474 6
3567 4422 3776 4493 Κύριος

486 4522 605 4569 stus
636 4513 714 4567 ait
748 4528 763 4565 :
801 4512 924 4568 Nisi
959 4513 1077 4583 quia
1112 4523 1327 4570 renatus
1371 4514 1534 4586 fuerit
1569 4532 1635 4572 ex
1670 4534 1832 4589 aqua,
1870 4527 1922 4571 et
1958 4516 2082 4589 Spi-

488 4607 597 4661 ritu
640 4615 846 4674 sancto,
876 4621 980 4659 non
1009 4606 1233 4660 intrabit
1294 4608 1352 4661 in
1407 4624 1629 4680 regnum
1670 4609 1765 4663 Dei
1793 4611 1831 4665 ί.
1897 4612 2086 4681 Itaque

489 4716 613 4754 cum
676 4698 814 4770 ignis
845 4700 1063 4753 divinus
1122 4700 1461 4771 sit-Spiritus
1492 4715 1737 4770 sanctus,
1771 4719 1894 4758 nam
1942 4714 1997 4759 et
2030 4705 2083 4759 in

486 4795 670 4863 specie
754 4793 1039 4864 ignearum
1133 4790 1469 4864 linguarum
1540 4813 1703 4867 super
1790 4798 2085 4869 discipulos

487 4884 785 4950 descendit,
838 4887 904 4940 de
968 4901 1081 4956 quo
1134 4894 1189 4942 et
1243 4886 1561 4944 Prtecursor
1621 4888 1835 4945 diccbat
1892 4890 2084 4954 turbis,

487 4972 693 5028 Christi
739 4976 1036 5033 testiﬁcans
1077 4978 1458 5035 excellentiam
1492 4998 1507 5036 :
1543 4978 1645 5035 Ille
1672 4998 1761 5036 vos
1790 4982 2085 5050 baptizabit

487 5069 545 5121 in
606 5066 811 5135 Spiritu
849 5081 1058 5136 sancto,
1115 5082 1168 5127 et
1213 5074 1331 5144 igne
1358 5075 1400 5138 ³,
1454 5074 1911 5141 quemadmodum
1946 5074 2086 5144 ignis

488 5160 740 5214 sensibus
790 5162 1091 5230 expositus,
1132 5164 1176 5216 si
1209 5164 1399 5217 silvam
1447 5164 1693 5233 corripit,
1731 5165 1909 5219 omnia
1936 5180 2085 5221 com-

488 5250 665 5319 burit,
723 5267 843 5323 quae
882 5262 1018 5308 sunt
1051 5266 1218 5322 super
1274 5253 1473 5309 l‘aciem
1515 5263 1693 5321 terrae,
1766 5264 1821 5312 et
1873 5256 2085 5316 radices

487 5346 750 5411 exsiccat,
809 5355 864 5403 et
922 5346 1099 5402 locum
1158 5359 1190 5400 a
1248 5347 1504 5403 sordibus
1562 5350 1981 5418 expurgat;sic
2028 5361 2082 5408 et

490 5434 728 5506 Spiritus
784 5449 1029 5505 sanctus,
1086 5453 1152 5495 ac
1207 5439 1376 5495 multo
1429 5440 1593 5495 etiam
1650 5443 1823 5513 magis
1881 5462 1895 5499 :
1939 5446 2081 5517 ignis

487 5526 631 5579 enim
676 5539 757 5582 est
788 5543 1116 5586 consumens
1158 5529 1460 5600 nequitiam
1523 5544 1714 5584 eorum
1764 5534 1854 5603 qui
1904 5534 2079 5605 bapti-

487 5626 703 5673 zantur.
730 5616 839 5675 Has
868 5623 1012 5677 enim
1046 5622 1288 5679 arbitror
1318 5625 1387 5679 ab
1422 5623 1543 5679 istis
1574 5623 1784 5682 radices
1818 5639 2071 5698 peccato-

563 5793 579 5825 ³
612 5792 765 5851 Joau.
801 5811 886 5865 tu,
927 5799 981 5854 5.
1062 5801 1082 5832 ³
1115 5798 1255 5859 Luc.
1288 5819 1371 5872 lli,
1418 5804 1509 5861 i6.

2187 4515 2349 4587 ἡμῶν
2392 4515 2600 4584 Ἰησοῦς
2624 4515 2886 4584 Χριστὸς.
2922 4516 3005 4568 ὄτι
3060 4515 3203 4572 Ἐὰν
3248 4514 3335 4584 μή
3364 4531 3455 4582 τις
3506 4516 3778 4585 γεννηθῇ

2188 4607 2266 4663 δι’
2315 4608 2538 4673 ὕδατος
2595 4609 2697 4663 καὶ
2750 4609 3125 4678 Πνεύματος,
3165 4611 3239 4662 οὐ
3273 4609 3356 4677 μὴ
3411 4606 3657 4674 εἰσέλθῃ
3688 4611 3778 4674 εἰς

2187 4700 2306 4769 τὴν
2331 4702 2671 4766 ,βασιλειαν
2730 4704 2841 4758 τοῦ
2893 4700 3069 4757 Θεοῦ.
3126 4700 3282 4753 Ἐπεὶ
3311 4699 3369 4753 δὲ
3400 4699 3545 4753 θεῖον
3573 4699 3686 4771 πῦρ
3713 4700 3776 4752 τὸ

2189 4792 2420 4862 Πνεῦμα
2452 4796 2515 4847 τὸ
2545 4793 2706 4862 ἀγιον
2732 4810 2747 4827 ⁸
2807 4797 2902 4848 καὶ
2948 4795 3061 4866 γὰρ
3091 4794 3188 4848 καὶ
3219 4796 3278 4847 ὲν
3339 4795 3471 4848 εῐδει
3526 4792 3776 4863 πυρίνων

2138 4910 2143 4915 ·
2186 4886 2453 4955 γλωσσῶν
2478 4888 2753 4959 κατῆλθεν
2797 4889 2893 4942 ἐπὶ
2925 4892 3056 4951 τοὺς
3095 4887 3364 4959 μαθητὰς.
3406 4888 3540 4957 περὶ
3578 4880 3642 4940 οὗ
3676 4889 3774 4940 καὶ

2185 4976 2215 5030 6
2244 4977 2556 5048 Ιιρόδρομος
2590 4979 2743 5048 ἔλεγε
2772 4981 2886 5041 τοῖς
2913 4978 3094 5049 ὀχλονς
3120 4978 3417 5049 μαρτυρῶν
3441 4980 3521 5049 τῷ
3546 4981 3587 5032 Χ
3598 4981 3773 5049 ριστίξι

2184 5067 2250 5120 τὸ
2308 5069 2649 5140 ὑπερφερὲς,
2709 5071 2795 5124 ὅτι
2842 5070 3113 5136 Ἐκεῖνος
3155 5070 3313 5138 ὑμᾶς
3369 5072 3660 5136 ,ϐαπτίσει
3705 5072 3775 5122 ἐν

2185 5164 2489 5234 Πνεύμιιτι
2529 5166 2674 5233 ἁγίῳ
2707 5166 2803 5219 καὶ
2840 5166 2985 5233 πυρί
3005 5182 3018 5195 ·
3058 5164 3249 5236 ὥσπερ
3279 5166 3338 5219 τὸ
3366 5166 3626 5235 αἰσθητὸν
3657 5164 3775 5234 πῦρ

2185 5256 2583 5327 ὲπιλαὸόμενον
2612 5257 3005 5326 ύλομανοῦντος
3047 5258 3274 5328 χωρίου,
3312 5260 3381 5311 τὰ
3416 5257 3518 5327 μὲν
3554 5259 3646 5309 ἐπὶ
3672 5258 3772 5309 τοῦ

2182 5350 2484 5421 προσώπου
2510 5350 2609 5420 τῆς
2638 5352 2741 5421 γῆς
2764 5353 2946 5405 πάντα
2990 5353 3350 5422 καταφλέγει,
3381 5352 3481 5417 τὰς
3508 5354 3566 5407 δὲ
3615 5351 3773 5420 ῥίζας

2180 5441 2392 5496 τούτων
2423 5441 2956 5520 ἀποξηραίνειηκαὶ
3012 5444 3262 5511 καθαρὸν
3307 5445 3408 5514 τῆς
3464 5447 3529 5497 ὲκ
3562 5443 3773 5497 τούτων

2182 5536 2362 5606 λύμης
2392 5534 2691 5606 ἐργάζεται
2716 5537 2778 5590 τὸ
2827 5537 3068 5607 χωρίον’
3120 5538 3269 5592 οὕτω
3306 5539 3401 5591 καὶ
3455 5537 3515 5591 τὸ
3544 5536 3773 5606 Πνεῦμα

2180 5628 2246 5682 τὺ
2283 5630 2461 5698 ἀγιον,
2506 5628 2710 5700 μᾶλλον
2749 5628 2806 5684 δὲ
2862 5629 3049 5702 πολλῷ
3104 5632 3290 5687 πλέον.
3320 5630 3437 5701 Πῦρ
3488 5631 3600 5703 γάρ
3649 5630 3772 5686 ἐστι
