2066 3201
161 166 228 200 12η

586 166 780 198 ΡᾹΝΟΡωΛ
798 163 1034 198 DOGa'tATICA.
1052 179 1087 185 —
1107 168 1182 199 Tl'l‘.
1204 168 1310 201 XXVI.

1724 168 1793 201 1278

160 226 358 253 καταναλίσκον
388 225 436 261 τὴν
469 224 623 260 μοχθηρίαν
649 224 704 251 τῶν
725 223 965 259 βαπτιζομένων.,

1016 232 1059 251 um
1072 225 1237 253 existimari.
1263 225 1341 259 Quod
1367 226 1392 253 si
1416 231 1445 254 et
1469 232 1538 260 aqua
1561 229 1656 260 purgat
1684 228 1795 253 omnino

160 273 208 299 καί
230 271 283 298 τῶν
298 270 426 306 πονηρῶν
443 270 528 303 ⁵ἐξεων
551 269 742 304 ἀφανιστικόν.
772 268 881 299 Ταύτας
896 267 950 302 γὰρ

160 315 240 352 οἶμαι
260 316 340 351 ῥίζας
354 316 409 342 τῶν
424 315 636 350 ἁμαρτημάτων
661 314 784 346 ἐκείνους
796 313 900 348 λέγειν.
919 313 952 340 Et

160 364 188 390 δὲ
208 363 296 390 καὶτὸ
315 361 388 398 ὕδωρ
403 361 532 396 καθαίρει
545 361 687 392 παντελῶς
705 360 740 387 τὰ
761 359 879 395 σώματα
895 359 952 386 τῶν

160 409 324 444 ἀνθρώπων,
341 408 382 440 τίς
396 408 549 444 ἁμφιὸαλεί
574 408 639 442 περὶ
651 406 698 434 τοῦ
726 407 805 440 ἁγίου
822 406 950 440 Πνεῦμα-

161 465 218 487 τος,
234 456 271 486 ὼς
282 456 333 482 οὐκ
347 455 521 491 ἁσυγκρίτως
533 454 615 481 πλέον
630 453 814 488 ἀποκαθαίρει
827 451 862 479 τὰ
878 451 954 485 στίγ-

165 511 249 537 ματα,
266 503 314 528 καὶ
333 502 382 532 τὰς
408 493 534 536 κηλῖδας,
556 500 605 527 καὶ
629 501 693 531 τοὺς
719 498 875 534 μολυσμοὺς
899 497 954 524 τῶν

163 549 258 583 ψυχῶν
275 557 282 581 ;
302 549 356 574 Καὶ
369 548 400 574 οὺ
416 547 544 583 καθαίρει
559 546 650 582 μόνον,
670 545 738 572 ἀλλὰ
762 545 810 571 κα)⁸
826 543 955 579 λαμπρύ-

165 604 204 622 νει
215 602 221 609 ·
242 595 303 621 οὐδὲ
318 593 476 628 λαμπρύνει
507 593 599 628 μόνον,
635 591 704 618 ἀλλὰ
721 591 768 618 καὶ
782 590 855 617 θείου
874 588 954 625 χαρί-

1001 277 1116 305 corpora
1134 271 1288 304 hominum,
1302 272 1363 307 quis
1379 271 1485 300 dubitet
1501 271 1567 307 quin
1591 271 1710 307 Spiritus
1731 278 1797 298 san-

1001 321 1062 344 ctus
1082 316 1169 345 multo
1182 318 1270 353 magis
1287 319 1348 346 sine
1360 319 1418 346 ulla
1427 318 1633 354 comparatione
1643 318 1796 349 cicatrices,

1001 365 1029 388 et
1043 362 1174 395 maculas,
1186 368 1215 390 et
1231 363 1329 391 sordes
1343 364 1497 391 animarum
1506 366 1638 399 expurget
1648 370 1680 389 ac
1691 362 1799 390 deleat!

1001 405 1096 441 Neque
1121 407 1208 435 solum
1229 414 1363 444 expurget
1383 414 1412 437 et
1432 409 1533 442 deleat,
1550 415 1644 436 verum
1663 408 1746 435 etiam
1764 407 1797 434 il-

1002 452 1099 481 lustret
1114 462 1122 487 ;
1142 461 1192 482 nec
1207 454 1324 483 illustret
1340 456 1432 488 modo,
1459 456 1507 483 sed
1525 461 1636 482 munera
1657 454 1797 488 largiatur,

1003 503 1033 525 ut
1046 499 1146 526 docent
1157 502 1283 535 apostoli,
1296 502 1326 529 in
1344 502 1494 537 primisque
1507 501 1608 529 Paulus
1623 501 1651 528 in
1666 500 1797 527 distribu-

1005 545 1125 573 tionibus
1136 547 1286 581 gratiarum
1304 547 1425 583 Spiritus
1438 548 1538 581 sancti,
1561 547 1660 583 quibus
1678 546 1800 574 aﬂiciuu-

1007 596 1051 618 tur
1064 592 1103 619 illi
1117 593 1164 626 qui
1182 594 1364 628 baptizantur.

167 650 274 678 σματος
291 641 375 673 ἀξιοῖ,
387 639 480 672 καθὼς
499 640 672 666 διδάσκουσιν
698 639 722 664 oi
740 637 897 668 ἀπόστολοι,
914 637 963 663 καὶ
976 636 1093 671 μάλιστα
1121 639 1228 671 Παῦλος
1244 641 1349 676 ἐνιταῖς
1370 641 1523 678 διαιρέσεσι
1554 641 1612 668 τῶν
1640 640 1689 667 τοῦ
1721 639 1799 674 ἁγίου

164 688 324 721 Πνεύματος
337 686 527 722 χαρισμάτων,
545 684 562 712 ἃ
579 686 636 717 τοῖς
651 684 862 719 βαπτιζομένοις
882 683 1089 718 ἐπεμερίζοντο,

200 734 284 761 Φασὶν
299 732 416 759 ἕκαστον
430 732 487 758 τῶν
504 731 675 766 τικτομένων
695 731 798 757 παίδων
815 730 906 756 ἕλκειν
922 730 955 756 ὲκ

165 779 212 807 τοῦ
232 779 406 814 προπάτορος
422 777 519 811 Ἂὸὰμ,
537 777 633 811 ὥσπερ
644 777 694 811 τὴν
716 775 808 809 φύσιν,
831 774 902 801 οὕτω
923 775 956 809 δὴ

168 826 218 851 καὶ
232 823 281 858 τὴν
299 823 369 858 πρὸς
391 823 456 854 τοὺς
479 822 612 856 δαίμονας
639 820 775 853 δουλείαν,
793 821 841 847 καὶ
859 828 957 847 συνου-

169 871 305 905 σιωμένον
331 869 427 905 φέρειν
449 869 565 903 δαίμονα
594 867 773 894 συνοικοῦντα
794 866 894 902 τούτῳ,
910 866 958 893 καὶ

170 915 432 949 κατεξουσιάζοντα,
450 915 593 942 ἀδυνατεῖν
612 915 641 941 δὲ
658 914 751 941 καὶτὸ
766 913 845 947 ἅγιον
861 913 959 948 βάπτι-

169 971 237 998 σμα,
265 964 313 989 καὶ
339 962 430 988 πᾶσαν
454 961 538 996 ἄλλην
564 960 709 994 Θειοτάτην
738 959 871 995 ἐργασίαν
888 958 957 993 πρὸς

168 1009 302 1036 ἁπέλασιν
315 1008 410 1039 αὑτοῦ,
426 1007 510 1042 μόνην
525 1007 553 1033 δὲ
569 1006 665 1036 τοῦτον
679 1005 791 1038 ἐξωθεῖν
802 1005 852 1039 τὴν
866 1006 959 1031 ἐπιτε-

168 1056 290 1091 ταμένην
304 1056 351 1082 καὶ
376 1054 525 1081 σπουδαίαν
542 1053 627 1088 εὐχὴν
643 1053 687 1080 διὰ
703 1053 752 1087 τῆς
778 1051 825 1078 τοῦ
840 1050 958 1086 εὐχομέ-

169 1111 216 1130 νου
230 1102 378 1138 χρέμψεώς
386 1110 415 1128 τε
424 1102 472 1128 καὶ
483 1099 675 1130 ἀποπτύσεως.
690 1099 792 1125 Τούτου
808 1098 837 1124 δὲ
852 1097 958 1124 ἀπελα-

169 1149 273 1181 θέντος,
296 1148 441 1183 ἐπιφοιτᾷν
463 1146 603 1181 αἰσθητῶς
617 1146 663 1172 καὶ
676 1144 781 1180 ὁρατῶς
794 1144 824 1170 τδ
845 1143 958 1178 Πνεῦμα

167 1196 200 1222 τὺ
213 1196 292 1229 ἅγιον
317 1194 368 1229 τὴν
388 1194 493 1220 οἰκείαν
525 1192 680 1226 παρουσίαν
705 1191 851 1225 σημαῖνον,
867 1188 960 1215 καὶτὸ

171 1241 251 1276 σῶμα
272 1242 322 1276 τῆς
342 1239 397 1266 τῶν
428 1238 523 1267 παθῶν
549 1238 683 1273 κινήσεως
711 1236 888 1271 ἐλευθεροῦν,
914 1235 962 1262 καὶ

169 1288 306 1315 ἀπάθειαν
329 1285 521 1322 χαριζόμενον,
546 1285 584 1316 ὡς
614 1284 714 1320 μηκέτι
736 1283 843 1309 δεῖσθαι
867 1282 961 1309 λοιπὸν

174 1335 245 1369 μήτε
258 1333 385 1369 νηστείας
404 1332 555 1366 πιεζούσης
578 1331 609 1358 τὸ
637 1331 730 1365 σῶμα,
746 1330 816 1365 μήτε
831 1329 963 1356 διδασκα-

170 1381 231 1412 λίας
247 1379 422 1415 χαλινούσης,
438 1379 484 1406 καὶ
497 1379 601 1414 βαίνειν
620 1377 741 1405 abruma.
766 1376 961 1411 παιδευούσης.

172 1428 211 1454 Οὑ
223 1427 303 1454 τοῦτο
313 1426 342 1454 δέ
359 1426 451 1461 μόνον,
466 1425 536 1453 ἀλλὰ
551 1425 598 1452 τὸν
613 1425 663 1459 τῆς
678 1423 810 1458 τοιαύτης
825 1422 964 1452 ἀπαθείας

171 1473 343 1508 τετυχηκότα
358 1472 392 1499 τά
407 1480 438 1497 τε
457 1471 589 1506 μέλλοντα
601 1471 733 1505 προορᾷν,
754 1469 802 1496 καὶ
825 1468 875 1504 τὴν
887 1467 964 1494 θείαν

173 1519 277 1555 Τριάδα
304 1519 358 1549 τοῖς
379 1517 529 1552 ὀφθαλμοῖς
553 1516 677 1551 Θεωρεῐν.
703 1516 802 1547 Μόνοις
825 1515 880 1550 γὰρ
907 1515 965 1545 τοῖς

1046 731 1128 758 Aiunt
1155 739 1253 766 pueros
1273 740 1368 761 omnes
1392 733 1439 769 qui
1471 738 1633 767 nascuntur,
1661 733 1769 760 trahere
1786 740 1801 759 ο

1010 776 1100 810 primo
1114 783 1228 812 parente
1248 779 1334 807 Adam
1356 784 1385 807 ut
1401 785 1538 812 naturam,
1554 780 1595 807 sic
1606 781 1688 807 etiam
1717 779 1804 807 servi-

1012 827 1097 850 tutem
1114 831 1176 851 cum
1196 825 1376 859 dmmonibus,
1390 830 1417 854 et
1434 834 1497 854 cum
1515 831 1614 853 natura
1628 825 1803 859 coujunctum

1011 869 1161 897 dannonem
1201 878 1295 898 secum
1334 873 1550 905 cohabitantem,
1579 877 1611 899 ἐι
1640 876 1804 907 pmestatem

1008 921 1192 949 exercentem,
1217 924 1268 944 nec
1290 923 1415 946 sanctum
1442 919 1619 953 baptismum,
1636 922 1665 945 et
1695 925 1805 945 omnem

1009 961 1090 988 aliam
1107 962 1225 989 divinam
1247 964 1383 991 actionem
1405 971 1486 998 posse
1500 964 1576 992 illum
1589 964 1737 999 expellere,
1756 963 1805 991 sed

1010 1009 1195 1042 precationem
1211 1009 1295 1037 solam
1308 1010 1368 1046 ejus
1380 1018 1441 1038 cum
1459 1018 1556 1045 magna
1581 1010 1717 1045 precantis
1740 1010 1805 1037 alie-

1010 1054 1101 1082 ctiono
1115 1060 1141 1081 et
1157 1060 1315 1091 contemptu
1325 1056 1470 1092 diligenter
1483 1057 1631 1084 adhibitam
1646 1056 1672 1084 id
1681 1056 1803 1084 edicere.

1011 1099 1138 1127 [nemone
1155 1106 1245 1128 autem
1271 1101 1357 1136 eiecto
1371 1101 1501 1137 Spiritum
1522 1106 1646 1130 sanctum
1668 1101 1708 1129 sic
1727 1108 1804 1128 acce-

1010 1146 1086 1178 dere,
1113 1151 1143 1174 ut
1185 1149 1323 1176 sentiatur
1361 1153 1390 1176 et
1432 1148 1569 1182 videatur,
1610 1149 1807 1183 propriumque

1012 1193 1157 1220 adventum
1175 1194 1340 1229 signiﬁcare,
1361 1199 1390 1222 et
1412 1201 1512 1229 corpus
1527 1202 1541 1221 a
1570 1193 1805 1229 perturbationum

1012 1246 1087 1267 motu
1105 1240 1235 1273 liberare,
1257 1245 1286 1269 et
1311 1241 1539 1277 impatibilitatem
1569 1240 1673 1275 largiri,
1689 1238 1758 1267 adeo
1776 1244 1807 1267 ut

1013 1287 1143 1322 deinceps
1170 1287 1195 1315 ei
1212 1295 1263 1315 nec
1282 1287 1394 1323 jejuniis
1415 1287 1451 1315 sit
1477 1294 1557 1323 opus,
1577 1286 1677 1322 quibus
1706 1293 1807 1320 col-pus

1013 1332 1124 1369 atliigat,
1147 1340 1234 1368 neque
1248 1333 1392 1368 disciplina
1433 1340 1493 1368 qua:
1509 1336 1648 1365 coerceat,
1669 1336 1696 1359 et
1711 1331 1808 1358 ordine

1015 1381 1118 1416 ingredi
1138 1380 1246 1408 doceat.
1260 1380 1394 1408 Praeterea
1414 1380 1459 1415 qui
1488 1380 1653 1407 vacuitatem
1676 1378 1749 1405 hanc
1773 1378 1807 1404 ab

1015 1426 1204 1453 aﬂectiottibus
1220 1425 1257 1453 sit
1276 1429 1430 1459 assecutus,
1459 1428 1517 1452 tum
1539 1430 1571 1452 ea
1603 1431 1663 1458 quae
1693 1427 1808 1450 Ventura

1015 1477 1090 1505 sunt,
1133 1472 1296 1507 praevidere,
1316 1476 1372 1499 tum
1388 1470 1508 1499 divinam
1539 1469 1700 1497 Trinitatem
1714 1468 1810 1509 \oculis

1018 1519 1118 1547 intueri
1132 1527 1142 1546 :
1165 1527 1246 1547 sensu
1260 1519 1333 1546 enim
1349 1518 1383 1545 ab
1397 1516 1531 1554 ejusmodi
1544 1517 1632 1544 solum
1652 1515 1809 1543 hominibus

173 1566 308 1597 τοιούτοις
335 1564 476 1598 αίσοητοῖς
503 1563 607 1597 ταύτην
633 1562 845 1597 ἐμφανίζεσθαι.
876 1560 964 1587 Τοῦτο

1018 1566 1220 1601 comprehendi.
1234 1565 1296 1593 Haec
1307 1564 1343 1592 illi
1356 1565 1487 1592 sentiunt.
1498 1562 1552 1591 Nos
1560 1566 1650 1590 autem
1661 1562 1808 1597 reSponde-

176 1613 227 1649 μὲν
242 1609 289 1639 οὖν
305 1611 420 1638 ἐκείνων
434 1611 465 1637 τὸ
480 1611 570 1645 δόγμα
582 1618 588 1625 ·
604 1610 683 1644 ἡμεῖς
697 1609 725 1635 δὲ
740 1609 809 1643 πρὸς
824 1608 903 1635 τοῦτο
919 1608 965 1634 λέ-

175 1666 273 1693 γομεν,
304 1658 345 1685 ὅτι
369 1657 394 1683 oi.
421 1657 454 1683 ἐκ
472 1657 521 1682 τοῦ
542 1656 761 1691 πρωτοπλαστου
779 1655 966 1690 καταγόμενοι

175 1705 277 1735 πάντες
288 1703 418 1738 τοιαύτην
434 1703 561 1729 ἕλκουσιν
578 1703 608 1734 ἐξ
629 1702 712 1729 αὐτοῦ
734 1702 784 1737 τὴν
797 1701 890 1736 φύσιν,
906 1701 966 1727 οῖαν

176 1750 263 1786 αὐτὴν
277 1747 351 1785 εἶχεν
366 1749 460 1782 αὐτὸς,
476 1749 521 1776 ὅτε
535 1748 584 1775 τοῦ
598 1749 697 1783 γεννᾷν
710 1748 824 1783 ἧρξατο.
839 1747 966 1781 Γέννημα

176 1798 233 1832 γὰρ
248 1797 321 1824 ἅπαν
335 1797 393 1823 ἴσον
415 1796 454 1830 τῷ
474 1796 652 1831 γεγεννηκότι
669 1795 741 1821 κατὰ
758 1795 808 1829 τὴν
824 1795 918 1828 φύσιν.
935 1793 967 1820 Ei

179 1844 230 1880 μὲν
251 1842 299 1871 οὖν
314 1844 376 1871 κατ’
392 1843 480 1878 ἀρχὰς
500 1844 514 1869 ό
538 1842 606 1874 Θεὸς
628 1843 662 1876 τῇ
683 1840 764 1877 φύσει
790 1839 838 1866 τοῦ
860 1847 968 1875 πρωτο-

178 1892 300 1920 πλάστου
317 1891 433 1926 δαίμονα
459 1890 667 1924 συνεκλήρωσε,
696 1889 744 1915 καὶ
765 1887 865 1922 δούλην
881 1886 967 1921 αὐτὴν

178 1937 226 1965 τοῦ
256 1937 486 1968 συνουσιωθέντος
511 1935 639 1970 δαίμονος
664 1934 825 1969 ἐποιήσατο,
854 1934 968 1964 εἰκότως

179 1984 228 2012 καὶ¹
256 1985 282 2010 oi
302 1983 332 2015 ἐξ
346 1983 430 2010 αὐτοῦ
461 1982 628 2017 δαιμονιώδη
650 1981 698 2008 καὶ
713 1980 811 2015 δούλην
839 1980 970 2013 δαίμονος

179 2030 264 2066 αὐτὴν
277 2030 439 2064 διεδέχοντο.
455 2029 486 2056 Et
504 2028 526 2055 δ’
543 2028 692 2062 ἐλευθέραν
712 2028 759 2053 καὶ
781 2026 962 2058 αὐτεξούσιον

180 2078 268 2113 αὐτὴν
279 2076 480 2108 κατεσκεύασε,
495 2074 627 2110 ληροῦσιν
641 2074 785 2108 ἄντικρυς,
798 2073 846 2099 καὶ
864 2072 970 2107 μωραί-

180 2133 284 2152 νουσιν.
314 2124 345 2150 Εἰ
363 2123 417 2158 γὰρ
435 2123 473 2157 μὴ
500 2121 634 2156 ἐλευθέρα
658 2120 708 2147 καὶ
724 2120 901 2152 αὺτεξούσιος
924 2116 970 2154 ἦν,

181 2172 232 2199 οὐκ
245 2171 279 2198 ἂν
297 2170 337 2204 τῷ
353 2169 492 2205 γεννὰρχῃ
512 2168 562 2202 τὴν
582 2167 695 2202 ἐντολὴν
708 2166 908 2200 ἐνομοθέτησεν
933 2162 971 2192 ὧν

180 2224 211 2242 ἰε
238 2214 425 2250 μεταληπτέον
452 2206 527 2247 αὑτῷ
560 2211 665 2246 φυτῶν,
689 2211 738 2237 καὶ
765 2207 796 2237 οὗ
818 2210 856 2245 μὴ
885 2218 972 2245 προσ-
988 2229 1011 2257 υ

181 2262 293 2290 απτέον.

218 2309 250 2336 Et
265 2308 363 2343 δούλην
379 2307 425 2334 τοῦ
449 2305 551 2341 ἐχθροῦ
566 2304 617 2336 τὴν
639 2304 722 2340 φύσιν
748 2302 830 2339 ἡμῶν
856 2303 872 2330 ὁ
903 2302 971 2334 Θεὸς

182 2355 306 2391 ἐποίησε,
316 2354 407 2381 πάντα
424 2353 453 2380 δέ
467 2353 502 2380 τὰ
517 2352 694 2388 πραττόμενα
708 2351 780 2378 κατὰ
794 2350 877 2385 φύσιν
890 2350 973 2384 ἀνέγ-

183 2402 272 2436 κλητα
300 2400 349 2427 καὶ
380 2398 557 2434 ἀτιμώρητα,
579 2396 675 2423 λοιπὸν
695 2395 759 2422 οὔτε
782 2395 876 2431 κρίσις
893 2394 973 2422 ἔσται

182 2447 239 2475 τῶν
275 2445 491 2482 ἁμαρτανόντων
515 2444 578 2472 οὐτε
605 2443 730 2474 κόλασις.
765 2442 882 2477 Ἔχουσι
915 2441 971 2478 γὰρ

184 2494 301 2530 ἰσχυρὰν
313 2492 466 2527 ἀπολογίαν
480 2491 550 2526 πρὸς
568 2490 615 2518 τὸν
633 2490 712 2521 Θεὸν,
736 2490 779 2516 ὅτι
795 2488 831 2515 Σὺ
851 2489 903 2524 τὴν
922 2487 976 2523 φύ-

186 2546 228 2565 σιν
251 2539 332 2574 ἡμῶν
363 2539 396 2573 τῇ
423 2536 532 2572 δουλείᾳ
547 2535 603 2563 τῶν
627 2534 764 2569 δαιμόνων
789 2533 946 2566 ὑπέζευξας
963 2540 972 2549 '

185 2586 336 2619 ἀναγκαῖον
351 2584 381 2611 δὲ
405 2584 463 2615 τοῖς
481 2583 589 2615 δούλοις
616 2583 709 2609 ἐκεῖνα
737 2581 884 2617 πράττειν,
901 2580 974 2616 ἅπερ

186 2632 211 2659 οἱ
230 2631 409 2663 δεσπόζοντες
434 2630 638 2657 ἐπιτάττουσιν.

224 2678 257 2705 Ei
288 2678 339 2713 τὴν
379 2677 462 2712 φύσιν
502 2676 581 2712 ἡμῶν
623 2675 638 2702 δ
679 2675 746 2708 Θεὸς
790 2674 889 2709 δούλην
921 2674 976 2701 τῶν

186 2725 325 2760 δαιμόνων
361 2723 510 2758 ἐποίησεν,
559 2723 584 2749 oi
621 2722 750 2757 δαίμονες
786 2721 815 2747 δὲ
853 2719 977 2748 κινοῦσιν

189 2773 265 2807 ἡμᾶς
291 2770 338 2797 ἐπὶ
366 2770 421 2797 πᾶν
454 2769 553 2802 κακδν,
578 2768 761 2804 εὑρεθήσεται
782 2767 893 2794 πάντων
920 2766 977 2793 τῶν

189 2817 373 2853 ἀνθρωπίνων
407 2815 503 2842 κακῶν
529 2815 617 2845 αἴτιος
649 2814 664 2840 ό
699 2813 778 2845 Θιός.
806 2813 888 2841 Ἀλλὰ
922 2813 976 2849 μὴν

192 2864 314 2895 ἀναίτιος
344 2863 445 2893 παντδς
473 2860 560 2888 κακοῦ
594 2861 609 2887 ό
625 2860 703 2892 Θεός.
730 2860 815 2887 Οὐδὲν
840 2860 895 2895 γὰρ
927 2868 978 2886 κα-

193 2912 241 2938 κὸν
255 2911 288 2937 ἐκ
304 2909 352 2936 τοῦ
368 2908 449 2944 φύσει
466 2907 582 2957 ἀγαθοῦ.
603 2908 660 2934 Οὐκ
684 2907 738 2942 ἄρα
763 2908 777 2934 ό
793 2906 860 2939 Θεὸς
882 2906 981 2943 δούλην

1018 1620 1090 1644 mus,
1104 1619 1209 1643 omnes,
1224 1612 1269 1646 qui
1289 1618 1304 1638 a
1319 1611 1406 1646 primo
1418 1615 1530 1646 parente
1545 1608 1649 1636 ducunt
1664 1608 1810 1643 originem,

1020 1658 1100 1685 talem
1120 1659 1154 1685 ab
1178 1658 1236 1692 ipso
1260 1661 1383 1684 naturam
1413 1657 1531 1688 trahere,
1561 1655 1667 1691 qualem
1695 1653 1812 1681 habebat

1020 1705 1089 1739 ipse,
1101 1712 1163 1731 cum
1179 1704 1312 1738 inciperet
1334 1710 1475 1737 generare.
1501 1702 1596 1730 Omnis
1622 1701 1696 1728 enim
1722 1700 1812 1736 proles

1018 1750 1135 1784 genitori
1157 1756 1208 1776 suo
1235 1753 1331 1775 natura
1362 1755 1412 1783 par
1439 1753 1467 1775 et
1494 1747 1591 1775 similis
1605 1752 1657 1775 est.
1683 1745 1773 1779 Quare
1788 1746 1811 1773 si

1019 1794 1152 1829 principio
1169 1794 1239 1821 Deus
1264 1798 1369 1821 natura!
1399 1792 1479 1828 primi
1512 1792 1632 1827 parentis
1658 1792 1811 1820 dtemonem

1019 1839 1153 1870 attribuit.
1178 1844 1204 1866 et
1231 1839 1391 1866 servitutem
1424 1838 1494 1866 hanc
1529 1838 1663 1866 daemonis
1693 1837 1811 1865 essentia

1019 1885 1158 1920 conjuncti
1175 1885 1326 1919 constituit,
1342 1885 1440 1912 merito
1455 1889 1482 1912 et
1494 1886 1595 1919 posteri
1623 1885 1707 1920 ipsius
1726 1883 1813 1911 servi-

1020 1936 1104 1960 tutem
1121 1932 1252 1960 daemonis
1265 1936 1455 1967 susceperunt,
1472 1936 1653 1967 naturamque
1665 1930 1813 1958 damnonia-

1020 1986 1092 2006 cam.
1110 1979 1188 2012 Quod
1208 1978 1230 2005 si
1249 1978 1319 2005 illam
1335 1976 1448 2005 liberant
1475 1982 1501 2004 et
1527 1977 1568 2004 sui
1585 1977 1656 2011 juris
1683 1977 1811 2008 instituit,

1021 2030 1158 2060 uugantur
1175 2028 1202 2052 et
1224 2023 1373 2051 insaniunt.
1388 2022 1457 2050 Nam
1483 2024 1505 2051 si
1525 2024 1610 2051 libera
1644 2029 1671 2051 et
1682 2024 1723 2051 sui
1744 2022 1813 2057 juris

1022 2078 1076 2098 non
1097 2070 1260 2101 exstitisset,
1291 2069 1380 2104 primo
1395 2069 1503 2106 generis
1522 2070 1626 2104 parenti
1655 2069 1812 2096 mandatum

1022 2124 1077 2144 non
1095 2116 1225 2149 dedisset,
1242 2117 1366 2151 quibuse
1379 2116 1479 2152 plantis
1496 2116 1566 2144 vesci
1596 2116 1717 2149 deberet,
1747 2119 1775 2143 et
1799 2121 1814 2142 a

1022 2162 1119 2198 quibus
1133 2162 1282 2191 abstinere.

1064 2310 1093 2340 Si
1111 2315 1236 2338 naturam
1250 2314 1371 2337 nostram
1386 2308 1488 2337 inimici
1502 2314 1609 2336 servam
1628 2308 1697 2335 Deus
1713 2309 1817 2336 consti-

1026 2358 1089 2392 tuit,
1100 2357 1191 2385 omnia
1202 2361 1292 2383 autem
1308 2363 1368 2390 qus:
1389 2362 1404 2382 a
1420 2355 1497 2382 nobis
1508 2358 1605 2382 natura
1620 2354 1697 2385 tiunt,
1710 2361 1761 2381 nec
1789 2355 1816 2382 in

1026 2404 1129 2431 crimen
1143 2404 1232 2430 vocari
1248 2406 1372 2436 possunt,
1386 2408 1436 2428 nec
1447 2400 1581 2436 supplicio
1594 2400 1675 2433 allici,
1693 2401 1818 2434 sequitur

1026 2455 1058 2478 ut
1073 2457 1123 2477 nec
1139 2448 1282 2484 judicium,
1301 2454 1351 2475 nec
1365 2446 1567 2474 animadversio
1592 2445 1763 2481 peccantium
1782 2447 1819 2474 sit

1026 2497 1129 2524 futura.
1166 2495 1225 2523 Hac
1256 2494 1328 2522 enim
1361 2493 1448 2521 valida
1489 2493 1647 2521 defensione
1683 2494 1822 2521 adversus

1029 2543 1115 2569 Deum
1144 2544 1183 2569 uti
1208 2545 1356 2577 poterunt:
1391 2539 1431 2567 Tu
1456 2544 1582 2567 naturain
1614 2543 1736 2568 nostram
1761 2546 1819 2566 ser-

1030 2588 1110 2616 vituti
1139 2588 1291 2615 daemonum
1318 2585 1467 2619 subjecisti.
1497 2584 1697 2615 ,Necessarium
1728 2589 1823 2610 autem.

1030 2639 1095 2667 est.
1124 2639 1153 2661 ut
1180 2633 1251 2660 servi
1285 2631 1387 2659 faciant
1423 2639 1454 2659 ea
1478 2639 1538 2666 quae
1574 2631 1675 2659 domini
1711 2630 1818 2665 jubent.

1068 2681 1098 2709 Si
1128 2685 1252 2708 naturam
1284 2684 1406 2707 nostram
1435 2678 1588 2705 dmmonum
1616 2683 1724 2704 servam
1750 2675 1826 2703 Deus»

1032 2726 1186 2760 constituit,
1202 2726 1339 2753 damones
1372 2729 1464 2751 autem
1485 2730 1533 2750 nos
1557 2722 1591 2749 ad
1618 2727 1699 2749 omne
1727 2720 1825 2747 vitium

1029 2773 1184 2808 impellunt,
1211 2772 1340 2799 vitiorum
1369 2771 1493 2798 onniunt
1527 2773 1623 2795 auctor
1651 2770 1693 2794 est
1730 2767 1812 2795 Deus.

1031 2819 1113 2855 Atqui
1151 2817 1251 2846 nullius
1290 2816 1354 2844 mali
1395 2815 1466 2843 Deus
1507 2818 1549 2842 est
1587 2820 1682 2841 causa.
1712 2811 1826 2839 Nullum

1030 2868 1103 2896 enim
1130 2865 1230 2893 malum
1254 2864 1289 2892 ab
1307 2871 1339 2891 eo
1355 2864 1400 2898 qui
1420 2868 1517 2889 natura
1546 2862 1633 2889 bonus
1647 2863 1711 2893 est,
1738 2859 1826 2895 proti-

1037 2913 1148 2942 ciscitur
1195 2911 1254 2939 Non
1300 2910 1384 2943 igitur
1421 2909 1573 2937 daemonum
1612 2913 1721 2935 servam
1755 2905 1831 2933 Deus
