4132 6438
489 355 625 418 i2.9

1717 349 2100 413 EUTIIYMH
2143 340 2508 411 ZlGABENl

3614 344 3754 410 1⁸280

489 475 741 519 naturam
773 471 1012 519 nostram
1040 462 1348 529 constituit,
1387 462 1485 519 sed
1533 462 1786 528 liberam,
1843 472 1899 517 ut
1948 470 2079 516 ante

2192 466 2291 518 τῶν
2319 466 2594 536 δαιμόνων
2615 465 2912 535 είργάσατο
2940 462 3042 534 τήν
3071 461 3234 529 φύσιν
3256 460 3433 532 ἡμῶν.
3459 457 3571 514 ἀλλ’
3599 461 3755 514 ὲλευ-

488 552 753 619 diximus,
784 564 838 609 et
864 553 950 609 sui
991 552 1152 621 juris.
1189 552 1471 608 Daemones
1516 560 1698 607 autem
1732 551 2073 607 suntadver-

490 645 623 701 sarii
656 647 849 710 nostri,
880 660 987 702 non
1027 646 1266 702 essentia
1347 659 1450 701 nec
1502 643 1845 701 habitatione
1891 642 2078 699 nobis-

494 751 622 790 eum
653 736 954 805 conjuncti,
996 744 1052 791 et
1078 736 1217 790 alias
1263 735 1480 806 quidem
1529 741 1718 804 aperte
1775 748 1874 789 nos
1920 733 2077 787 inva-

492 827 647 889 dunt,
681 826 819 882 alias
851 836 1033 882 autem
1063 826 1276 882 occulte
1301 826 1714 898 aggrediuntur.
1755 824 1908 891 Quod
1933 825 1978 880 si
2023 825 2077 879 in

496 933 595 974 nos
648 917 910 973 haberent
973 926 1320 989 potestatem,
1378 919 1540 989 idque
1591 917 1775 973 statim
1831 917 1900 971 ab
1954 926 2077 972 ortu

495 1019 703 1074 nostro,
734 1024 841 1064 non
913 1010 1295 1079 permitterent
1330 1025 1431 1065 nos
1484 1011 1537 1065 in
1597 1009 1776 1064 lucem
1824 1009 1934 1074 edi,
1986 1015 2081 1061 aut

491 1101 605 1171 jam
640 1102 812 1157 editos
843 1101 1050 1169 vivere,
1090 1116 1161 1157 ne
1198 1117 1362 1157 unum
1391 1100 1612 1172 quidem
1664 1100 1833 1156 diem.
1883 1098 2077 1171 Magna

496 1192 641 1247 enim
673 1192 938 1249 adversus
970 1192 1218 1248 homines
1241 1192 1437 1247 ardent
1455 1190 1684 1257 invidia,
1704 1200 1757 1246 et
1778 1189 1961 1246 odium
1983 1203 2079 1243 eo-

497 1299 617 1339 rum
648 1285 701 1339 in
742 1302 841 1343 nos
898 1285 1156 1354 explicari
1207 1300 1316 1342 non
1369 1294 1585 1354 potest;
1644 1283 1843 1339 bellum
1899 1289 2078 1336 autem

498 1376 767 1444 ejusmodi
810 1378 1125 1445 intercedit,
1193 1388 1255 1433 ut
1280 1377 1485 1433 nullum
1511 1375 1639 1432 iniri
1666 1374 1840 1430 ftedus
1863 1373 2080 1444 fqueat,

501 1482 566 1522 ea
615 1467 844 1539 denique
882 1466 939 1524 in
1003 1482 1106 1524 nos
1157 1469 1260 1536 ira,
1329 1469 1621 1537 furoreque
1675 1465 1973 1530 insaniunt,
2026 1474 2085 1518 ut

502 1558 660 1615 facile
691 1559 868 1616 verbis
895 1562 1137 1617 enarrari
1166 1576 1274 1615 non
1298 1560 1495 1614 valeat.
1543 1557 1705 1625 Quod
1742 1564 1924 1612 autem
1975 1554 2086 1610 da-

503 1666 689 1707 mones
714 1666 819 1706 non
876 1654 1039 1708 modo
1076 1655 1130 1707 in
1179 1652 1448 1716 homines,
1488 1652 1583 1707 sed
1637 1664 1704 1706 ne
1741 1648 1813 1720 {in
1891 1662 2085 1718 porcos

502 1739 719 1808 quidem
757 1740 1334 1813 habeantpotestalem
1362 1783 1379 1810 ,
1433 1742 1744 1798 dannonum
1774 1740 1941 1811 legio
1989 1741 2082 1796 de-

507 1832 854 1898 monstravit,
902 1841 958 1887 ut
1002 1842 1150 1902 patet
1191 1848 1259 1889 ex
1299 1833 1611 1904 Evangelio.
1670 1832 1890 1903 Expulsi
1939 1834 2085 1887 enim

503 1937 534 1976 λ
566 1921 852 1979 Servatore
896 1933 1082 1982 nostro
1112 1925 1391 1995 petierunt
1426 1934 1486 1981 ut
1517 1925 1622 1982 sibi
1685 1940 1782 1995 per
1808 1925 1985 1995 ipsum
2022 1926 2088 1981 li-

503 2024 656 2068 ceret
698 2015 751 2068 in
787 2030 987 2085 porcos
1020 2016 1250 2087 ingredi,
1290 2020 1381 2087 qui
1429 2029 1555 2073 tunc
1593 2017 1667 2074 ibi
1693 2020 2085 2088 pascebantur.

504 2104 622 2172 Quo
645 2106 932 2178 impetrato
961 2110 1190 2182 ingressi
1231 2119 1379 2178 sunt,
1404 2121 1459 2166 ct
1485 2122 1629 2167 totus
1653 2128 1941 2182 porcorum
1959 2127 2091 2181 grex

506 2197 665 2253 irruit
695 2215 934 2273 praeceps
969 2204 1019 2257 in
1066 2219 1237 2269 mare,
1267 2214 1321 2260 et
1361 2204 1660 2260 suii‘ocatus
1684 2215 1786 2261 est.
1820 2205 1876 2259 ld
1909 2215 2088 2258 autem

508 2289 759 2358 permisit
786 2292 1066 2361 Servatur,
1092 2310 1198 2350 non
1228 2306 1285 2349 ut
1310 2295 1646 2352 daemonibus
1669 2297 2089 2366 gratificaretur,

506 2385 603 2440 sed
640 2396 697 2439 ut
726 2400 914 2441 eorum
955 2388 1214 2442 adversus
1267 2388 1520 2443 homines
1549 2388 1734 2443 odium
1757 2390 2089 2444 ostenderet.

506 2474 706 2533 I’orcos
762 2476 907 2533 enim
958 2476 1372 2545 interfecerunt,
1425 2489 1482 2533 ut
1508 2493 1694 2533 eorum
1736 2478 1961 2544 domini,
1998 2477 2089 2545 qui

507 2576 661 2621 erant
684 2568 953 2635 homines,
1008 2568 1193 2624 dolore
1223 2579 1277 2625 et
1311 2571 1509 2624 damno
1565 2568 1904 2624 adicerentur
1964 2584 1977 2621 :
2037 2575 2091 2621 et

516 2672 576 2714 ut
601 2675 701 2717 nos
735 2663 1073 2718 disceremus
1129 2663 1330 2718 nullam
1368 2663 1642 2717 daemones
1697 2676 1801 2716 non
1834 2659 2006 2715 solum
2038 2659 2093 2714 in

512 2754 784 2820 homines,
812 2756 905 2810 sed
931 2770 999 2810 ne
1023 2755 1077 2810 in
1110 2770 1302 2826 porcos
1349 2755 1588 2825 quidem,
1626 2763 1685 2808 ut
1727 2753 1932 2808 dictum
1984 2765 2089 2819 est,

513 2847 715 2901 habere
746 2853 1100 2915 potestatem,
1150 2846 1252 2901 nisi
1293 2861 1322 2900 a
1364 2846 1474 2901 Deo
1518 2846 1841 2912 permissum
1903 2844 2089 2912 fuerit,

519 2945 614 2991 aut
685 2938 752 2992 ad
806 2953 995 2993 eorum
1071 2937 1162 3007 qui
1226 2953 1256 2993 a
1321 2938 1658 2994 daemonibus
1729 2938 2090 3007 aﬂliguntur,

511 3028 968 3092 emendationem,
1002 3038 1095 3083 aut
1132 3028 1294 3083 aliam
1328 3026 1561 3097 aliquam
1616 3025 1981 3095 justissitnam
2021 3026 2091 3081 ob

512 3135 759 3176 causam.

583 3212 641 3267 Si
671 3221 995 3283 potestatem
1029 3212 1080 3268 in
1126 3215 1224 3269 nos
1258 3205 1574 3267 exercentes
1597 3227 1662 3268 ex
1720 3212 1909 3267 matris
1932 3220 2087 3268 utero

516 3306 796 3360 daemonas
836 3305 1185 3372 haberemus,
1226 3321 1328 3359 non
1389 3306 1618 3361 dixisset
1664 3319 1890 3376 magnus
1951 3304 2087 3359 Pau-

517 3398 623 3463 lus,
685 3395 840 3453 nobis
907 3411 1012 3452 non
1056 3411 1176 3451 esse
1218 3396 1415 3452 luctam
1470 3397 1729 3452 adversus
1770 3410 1991 3451 carnem
2035 3404 2091 3451 et

516 3488 856 3559 sanguinem,
905 3489 996 3542 sed
1043 3488 1302 3544 adversus
1348 3488 1619 3559 spiritales
1651 3488 1940 3558 nequitias,
1974 3488 2091 3544 sive

517 3579 779 3635 adversus
802 3577 1149 3646 incorporeas
1181 3578 1460 3649 improbas
1492 3587 1789 3648 potestates
1821 3579 1865 3644 ¹,
1918 3591 2092 3645 neque

518 3671 677 3726 nobis
710 3669 915 3726 timidis
945 3670 1185 3725 animum
1217 3678 1271 3725 et
1306 3667 1556 3724 ﬁduciam
1585 3668 1890 3737 iniecisset,
1915 3678 1971 3724 et
2000 3668 2093 3739 qui

518 3777 643 3837 cera
672 3759 948 3815 molliores
994 3774 1208 3827 sumus,
1241 3760 1387 3815 ferro
1444 3760 1690 3816 duriores
1745 3761 2091 3828 reddidisset,

519 3865 693 3921 neque
723 3857 990 3905 armasset
1025 3866 1122 3905 nos
1156 3860 1346 3905 contra
1373 3850 1644 3907 dannonas
1670 3851 1957 3906 adversum
1980 3849 2096 3907 'nos

520 3942 836 4008 instructos,
865 3942 1161 3998 adhortans
1226 3950 1280 3997 et
1303 3942 1547 3997 clamans
1584 3960 1597 3996 :
1641 3941 1875 4012 Accipite
1912 3960 2095 3999 arma-

522 4044 700 4089 turam
751 4033 870 4101 Dei,
956 4043 1013 4088 ut
1075 4035 1286 4105 positis
1347 4044 1491 4089 stare
1564 4038 1809 4090 adversus
1872 4035 2096 4091 insidias

521 4123 718 4178 diaboli
765 4126 808 4178 ’.
862 4123 1028 4179 Porro
1050 4138 1250 4194 genera
1279 4122 1563 4177 declarans
1596 4138 1868 4177 armorum
1916 4120 2099 4191 subje-

522 4217 597 4271 (‘il
634 4234 648 4271 :
682 4216 839 4271 State
860 4219 1023 4287 igitur
1048 4217 1299 4270 succincti
1329 4215 1527 4270 lumbos
1554 4223 1748 4269 vestros
1774 4216 1829 4269 in
1860 4216 2097 4283 ueritate,

525 4319 574 4362 et
609 4309 783 4362 induti
810 4308 1028 4361 loricam
1052 4307 1302 4376 justitite,
1335 4315 1385 4362 et
1434 4307 1661 4362 calceati
1690 4305 1843 4377 pedes
1877 4307 1930 4358 in
1965 4321 2104 4376 pra:-

525 4403 800 4473 paratione
852 4399 1129 4470 Evangelii
1199 4402 1362 4469 pacis,
1415 4401 1470 4455 in
1555 4401 1793 4454 omnibus
1840 4409 2101 4453 sumentes

2180 554 2364 625 θέραν,
2390 558 2467 619 ὠς
2491 557 2838 626 προείρηται,
2865 558 2960 607 καὶ
2992 551 3367 616 αὐτεξονσιον.
3396 552 3460 605 Oi
3494 551 3756 620 δαίμονες

2177 648 2236 704 δὲ
2263 648 2516 717 πολέμιοι
2540 647 2721 719 ἡμῶν,
2751 646 2871 701 ἀλλ’
2898 646 2960 700 οὒ
3000 644 3427 713 συνουσηωμένοι
3454 646 3549 697 καὶ
3574 644 3759 696 σύνοι-

2179 757 2288 808 κοι,
2326 741 2460 794 ποτὶ
2513 741 2613 812 μὲν
2665 738 2923 811 φανερῶς
2972 732 3172 805 ῑξωθεν
3215 737 3486 799 ἐπιόντες,
3538 735 3671 788 ποτὲ
3700 734 3763 788 δὲ

2178 836 2402 905 ἀφανῶς
2433 833 2826 903 ἐπιτιθέμενοι.
2862 833 2925 886 Ei
2955 832 3064 903 γὰρ
3111 830 3541 897 κατεξουσίαζον
3568 827 3759 901 ἡμῶν,

2179 930 2273 982 καὶ
2305 927 2481 981 ταῦτα
2509 928 2573 978 ὲκ
2603 926 2863 996 βρέφους,
2901 925 3001 978 οὐκ
3023 923 3091 977 ἂν
3125 924 3317 978 εἴασαν
3344 924 3494 992 ἡμᾶς
3534 922 3614 983 είς
3638 920 3759 989 φῶς

2180 1022 2471 1094 προελθεῖν
2492 1039 2505 1053 ·
2543 1019 2971 1093 ηπροελθόντας
3005 1018 3107 1071 οὐκ
3137 1017 3205 1071 ἂν
3245 1017 3467 1086 ἀφῆκαν
3500 1010 3601 1086 ζῇν
3629 1013 3763 1084 ἄχρι

2185 1116 2316 1185 μιᾶς
2346 1115 2583 1186 ἡμέρας.
2610 1113 2784 1175 Πολὺς
2808 1112 2919 1183 γὰρ
2952 1111 3132 1165 αὐτῶν
3173 1112 3201 1163 δ
3228 1112 3375 1164 κατά
3403 1108 3514 1163 τῶν
3545 1105 3764 1176 ἀνθρώο

2182 1225 2300 1260 πων
2318 1207 2537 1275 φθόνος,
2567 1205 2662 1258 καὶ
2686 1205 2749 1257 τὸ
2784 1205 2944 1274 μίσος
2977 1203 3407 1270 ἀνεκδιήγητον,
3439 1200 3533 1254 καὶ
3557 1200 3585 1251 ὁ
3606 1199 3770 1251 πόλε-

2187 1316 2287 1371 μος
2317 1299 2605 1364 ἄσπονδος,
2638 1297 2735 1350 καὶ
2778 1298 2810 1358 ἠ
2856 1296 3049 1364 μανία,
3091 1295 3187 1348 καὶ
3218 1293 3394 1345 λύσσα
3452 1291 3527 1362 μὴ
3562 1290 3765 1362 ῥᾳδίως

2182 1388 2601 1459 ἀπαγγελθῆναι
2630 1385 2938 1455 δυναμένη.
2973 1383 3103 1436 Ὀτι
3136 1383 3194 1435 δὲ
3226 1383 3329 1434 οὐκ
3360 1379 3581 1449 ἔχουσιν
3608 1378 3768 1441 ἐξου-

2187 1482 2309 1535 σίαν
2351 1481 2403 1533 oi
2431 1478 2685 1549 δαίμονες
2717 1478 2778 1530 οὐ
2816 1476 2978 1546 μόνον
3006 1474 3147 1527 κατὰ
3168 1470 3498 1541 ἀνθρώπων,
3524 1467 3639 1521 ἀλλ’
3669 1468 3768 1520 οὐ-

2184 1575 2241 1629 st
2267 1574 2410 1628 κατὰ
2443 1573 2664 1642 χοίρων,
2696 1568 2903 1633 ἔδειξεν
2930 1568 2958 1621 ὁ
2990 1566 3198 1633 λεγεὼν
3226 1565 3338 1617 τῶν
3359 1562 3658 1633 δαιμόνων,
3689 1559 3768 1622 ὡς

2189 1666 2396 1737 ἱστορεῖ
2436 1664 2497 1716 τὺ
2540 1660 2898 1730 Εὕαγγέλιον.
2965 1657 3412 1726 Ἐξελαυνόμενοι
3468 1652 3579 1721 γὰρ
3612 1651 3771 1719 παρά

2187 1759 2282 1813 τοῦ
2349 1757 2604 1827 Σωτῆρος
2643 1755 2825 1825 ἡμῶν,
2874 1751 3285 1823 παρεκάλεσαν,
3330 1748 3423 1801 ίνα
3491 1743 3768 1814 ιπιτρέψῃ

2188 1853 2415 1914 τούτους
2446 1849 2712 1905 εἰσελθεῖν
2750 1851 2832 1909 εἰς
2865 1846 2967 1916 τὴν
3037 1844 3245 1913 ἀγέλην
3282 1841 3394 1895 τῶν
3432 1839 3634 1911 χοίρων
3680 1836 3771 1905 βο-

2192 1942 2478 2011 σκομένων
2506 1942 2625 1993 ἐκεῖ
2654 1936 2989 2007 τηνικαῦτα.
3032 1934 3187 1988 Ἐπεὶ
3239 1931 3296 1984 δὲ
3350 1929 3641 1996 ἐπέτρεψε,
3668 1924 3768 1978 καὶ

2190 2035 2464 2105 εἰσῆλθον,
2496 2032 2757 2103 ὥρμησεν
2788 2031 2821 2100 η
2856 2026 3027 2097 ἀγέλη
3076 2026 3226 2079 πᾶσα
3262 2023 3352 2077 διὰ
3387 2020 3485 2074 τοῦ
3517 2014 3772 2088 κρημνοῧ

2190 2129 2333 2184 κατά
2371 2127 2470 2196 τῆς
2492 2125 2791 2193 θαλάσσης,
2820 2121 2915 2174 καὶ
2945 2118 3252 2186 ἀπεπνίγη.
3285 2114 3360 2170 Οὐ
3402 2114 3517 2174 τοῖς
3538 2111 3769 2178 δαίμοσι

2157 2222 2249 2276 ’δὲ
2281 2219 2647 2290 χαριζόμενος
2672 2217 2701 2269 6
2750 2213 2942 2283 Σωτὴρ
3000 2207 3402 2281 παρεχώρησεν
3452 2204 3637 2265 αὐτοῖς
3667 2200 3771 2267 τῆς

2193 2314 2397 2385 ἀγέλης
2420 2312 2529 2364 τῶν
2562 2309 2785 2381 χοίρων,
2815 2305 2930 2360 ἀλλ’
2963 2305 3051 2357 ῐνα
3099 2301 3253 2372 δείξῃ
3285 2298 3382 2353 καὶ
3410 2296 3511 2367 τὴν
3544 2293 3772 2364 μανίαν,

2190 2407 2258 2478 ῆν
2286 2406 2470 2475 ἔχουσι
2513 2401 2656 2455 κατὰ
2692 2398 2803 2452 τῶν
2848 2395 3178 2466 ἀνθρώπων.
3234 2391 3337 2443 Διά
3370 2387 3480 2457 γάρ
3514 2388 3641 2478 τοὺς
3674 2400 3776 2436 κυ-

2196 2474 2345 2569 ρίους
2378 2496 2490 2549 τῶν
2535 2493 2737 2563 χοίρων
2767 2488 3105 2543 ἀπέκτειναν
3140 2482 3365 2545 αὐτοὺς,
3407 2478 3507 2532 ἶνα
3541 2474 3773 2569 totitoti;

2191 2562 2270 2652 ως
2323 2562 2882 2653 ἀπλῶςνάνθρὼπους
2931 2578 3237 2645 λυπήσωσι,
3289 2574 3385 2625 καὶ
3424 2567 3613 2629 κακῶς
3664 2562 3773 2619 κάν

2191 2685 2367 2754 τούτῳ
2393 2680 2705 2738 διὰθωνται,
2750 2676 2844 2729 καὶ
2878 2674 2966 2727 ίνα
3014 2667 3303 2740 μάθωμεν,
3332 2664 3416 2717 ὅτι
3464 2660 3588 2714 οὐδὲ
3625 2657 3776 2754 κατά

2191 2752 2395 2850 χοίρων
2433 2774 2650 2843 ἔχουσιν
2681 2767 2955 2833 ἐξουσίαν,
2983 2761 3166 2825 καθὼς
3205 2754 3653 2850 εἰρήκαμενημὴ
3689 2752 3775 2850 ὅτι

2192 2846 2256 2943 γε
2284 2846 2429 2926 ἠκατά
2461 2867 2789 2938 ἀνθρώπων,
2844 2864 2893 2915 εί
2946 2860 3019 2930 μή
3050 2873 3182 2911 ποτε
3224 2846 3684 2943 παραχωρηθείεν
3708 2846 3777 2943 sic

2191 2933 2286 3016 τοῦ
2328 2957 2465 3013 Θεοῦ
2505 2933 2594 3010 sui
2632 2950 2887 3007 παιδείαν
2919 2949 3026 3002 τῶν
3054 2941 3549 3014 δαιμονιζομένων,
3582 2938 3617 3006 ἢ
3646 2933 3775 2989 κατ’

2191 3049 2510 3122 οἰκονομίαν
2534 3045 2706 3116 ἀλλην
2736 3038 3142 3111 εὐλογωτάτην.
3244 3042 3255 3047 “

2264 3230 2326 3283 El
2358 3221 2884 3290 κατεξουσιάζοντας
2919 3215 3079 3290 ἡμῶν
3100 3216 3164 3269 ὲκ
3194 3213 3406 3275 κοιλίας
3457 3207 3667 3281 μητρὸς
3694 3205 3776 3257 el-

2190 3335 2358 3394 χομεν
2388 3316 2513 3377 τοὺς
2542 3313 2826 3380 δαίμονας,
2854 3311 2955 3363 οὐκ
2978 3309 3044 3362 ἂν
3072 3306 3312 3394 ἔλεγενΗὸ
3333 3302 3507 3374 μέγας
3531 3299 3769 3362 Παῦλος,

2192 3392 2276 3481 έτι
2306 3413 2409 3466 οὐκ
2438 3409 2591 3462 ἐστιν
2627 3406 2764 3475 ἡμῖν
2799 3405 2833 3473 ή
2860 3403 3005 3472 πάλη
3028 3400 3169 3471 πρὸς
3222 3392 3386 3468 αἷμα,
3417 3397 3513 3448 καὶ
3562 3394 3770 3481 σάρκα,

2192 3480 2332 3557 ἀλλὰ
2374 3501 2512 3572 πρὸς
2540 3498 2608 3551 τὰ
2643 3494 2994 3565 πνευματιχά
3026 3493 3126 3562 τῆς
3159 3488 3453 3557 πονηρίας,
3483 3484 3601 3555 ἦτοι
3632 3480 3775 3551 πρὸς

2191 3595 2520 3665 ἀσωμάτους
2560 3589 2806 3661 πονηρὰς
2837 3585 3102 3654 δυνάμεις
3122 3600 3137 3615 ·
3169 3580 3278 3635 οὐδ’
3313 3581 3378 3633 ἂν
3420 3573 3781 3633 ἀποδειλιῶν-

2193 3708 2292 3754 τας
2318 3688 2467 3759 ἡμᾶς
2486 3683 2895 3755 παρεθάρρυνε,
2926 3679 3022 3733 καὶ
3039 3676 3210 3748 κηροῦ
3228 3668 3664 3759 μαλακωτέρους,
3688 3664 3750 3759 δν

2195 3800 2305 3846 τας
2338 3756 2630 3852 εἰργάζετο
2669 3775 2893 3845 σιδήρου
2924 3769 3210 3843 στερῤοτέι
3223 3763 3539 3830 ους·οὺδ’ᾶν
3566 3756 3775 3852 ὥπλιζε

2196 3874 2342 3930 κατά
2375 3850 2484 3925 τῶν
2519 3862 3147 3938 ἀντιπαραταττομένων
3180 3858 3453 3928 δαιμόνων
3512 3850 3775 3917 ἐγκελευ-

2197 3968 2420 4037 όμενος,
2480 3962 2576 4017 καὶ
2616 3959 2753 4029 βοῶν
2784 3973 2801 3990 ο
2853 3953 3204 4011 Ἀναλὰὄετε
3250 3949 3368 4017 τὴν
3423 3945 3777 4037 πανοπλίαν

2198 4035 2307 4113 τοῦ
2338 4053 2486 4111 Θεοῦ
2511 4050 2663 4120 πρὸς
2705 4050 2773 4104 τὸ
2807 4049 3102 4102 δύνασθαι
3160 4042 3316 4113 ὑμὰς
3366 4038 3589 4107 στῆναι
3624 4035 3779 4103 πρὸς

2198 4153 2315 4218 τὰς
2339 4146 2658 4219 μεθοδειας
2706 4142 2815 4197 τοῦ
2864 4140 3173 4194 διαϐόλου.
3208 4134 3546 4199 Καταλέγων
3580 4132 3636 4183 δὲ
3680 4131 3778 4182 καὶ

2199 4247 2272 4299 τὰ
2298 4243 2409 4297 τῶν
2443 4239 2630 4295 ὅπλων
2655 4236 2773 4305 είδη
2808 4232 3142 4305 προσέθηκε·
3169 4227 3359 4297 Στῆτε
3401 4222 3516 4282 οὖν
3547 4222 3784 4291 περιζω-

2203 4340 2460 4407 σάμενοι
2490 4333 2609 4402 τὴν
2640 4329 2846 4399 ὀσφὺν
2875 4325 3047 4396 ὑμῶν
3079 4325 3151 4378 ἐν
3184 4321 3457 4389 ἀληθείᾳ,
3489 4318 3587 4371 καὶ
3607 4315 3786 4370 ἐνδυ-

2201 4432 2454 4500 σάμενοι
2478 4424 2586 4480 τὸν
2608 4422 2843 4491 θώρακα
2896 4416 3004 4486 τῆς
3050 4413 3471 4479 δικαιοσύνης,
3502 4408 3599 4462 καὶ
3628 4409 3784 4462 ὑπο-

528 4504 732 4550 scutum
774 4496 918 4564 ﬁdei,
978 4494 1031 4548 in
1076 4509 1176 4564 quo
1226 4495 1440 4563 possitis
1493 4494 1670 4546 omnia
1716 4491 1820 4545 tela
1876 4492 2090 4560 improbi

2203 4472 2538 4592 sggdjt‘ert
2572 4472 2715 4585 τοὺὲ
2759 4472 3053 4576 πόδαςιιέν
3074 4472 3543 4575 ἑτοιμασίᾳῃτσῦ
3582 4503 3782 4566 Εὐαγ-

527 4588 682 4655 iguea
726 4588 1078 4655 exstinguere,
1118 4595 1166 4638 ct
1202 4586 1407 4655 galeam
1443 4584 1699 4637 salutaria
1764 4584 2001 4650 accipite,
2051 4592 2102 4640 et

528 4678 769 4749 gladium
791 4678 1029 4747 spiritus,
1060 4677 1199 4747 quod
1243 4688 1317 4730 est
1354 4678 1568 4730 uerbum
1606 4674 1699 4729 Dei
1722 4676 1761 4730 ³.
1793 4675 1995 4732 [lorum
2022 4694 2103 4732 ar-

531 4785 743 4825 morum
776 4781 923 4825 tanta
965 4770 1043 4824 vis
1069 4778 1172 4833 est,
1200 4779 1257 4823 ut
1288 4783 1354 4823 ne
1384 4766 1676 4835 fulgentem
1713 4768 1927 4838 quidem
1960 4769 2103 4840 ipso-

531 4877 651 4917 rum
683 4861 1022 4931 splendorem
1055 4859 1353 4915 adversarii
1396 4869 1603 4928 queant
1629 4862 1916 4916 sustinere.
1962 4860 2106 4927 Quo-

537 4954 696 5008 modo
731 4954 875 5008 enim
924 4954 1050 5022 quis
1096 4969 1220 5009 cum
1277 4968 1344 5008 co
1392 4951 1485 5024 qui
1534 4962 1860 5023 putestatem
1916 4954 2105 5020 habet,

536 5042 706 5112 possit
731 5044 1057 5098 contendere
1080 5044 1104 5097 ?
1125 5042 1408 5109 Quomodo
1436 5042 1608 5112 possit
1639 5043 1688 5098 ei
1716 5044 1988 5111 resistere,
2011 5045 2105 5113 qui

537 5132 798 5197 continet,
834 5140 888 5187 et
919 5143 1193 5204 expugnat
1220 5133 1244 5187 ?

2206 4616 2413 4686 τελέου
2442 4612 2550 4679 τῆς
2578 4607 2845 4679 εἰρήνης,
2879 4602 2980 4657 ἐπὶ
3011 4600 3197 4655 πᾶσιν
3230 4595 3637 4658 ἀναλαϐόντες
3677 4595 3787 4686 τὸν

2208 4682 2430 4777 θυρεὸν
2457 4703 2567 4771 τῆς
2595 4703 2874 4763 πίστεως,
2912 4696 2982 4749 ἐν
3008 4687 3057 4759 ᾧ
3078 4690 3425 4760 δυνήσεσθε
3477 4687 3676 4740 πάντα
3714 4682 3787 4735 τὰ

2205 4776 2368 4867 ,βέλη
2401 4795 2511 4851 toﬁ
2545 4792 2817 4860 πονηροῦ
2865 4790 2940 4844 τὰ
2976 4782 3378 4853 πεπυρωμένα
3409 4780 3650 4843 σϐέσαι,
3682 4776 3787 4829 καὶ

2211 4891 2328 4959 τὴν
2356 4886 2829 4955 περικεφαλαίαν
2855 4880 2962 4936 τοῦ
3000 4879 3304 4946 σωτηρίου
3345 4874 3656 4937 δέξασθαι,
3685 4868 3785 4921 καὶ

2211 4983 2327 5049 τὴν
2347 4981 2652 5051 μάχαιραν
2673 4978 2781 5033 τοῦ
2806 4976 3178 5044 Πνεύματος,
3206 4970 3239 5025 ὅ
3260 4971 3395 5023 ἐστι
3416 4964 3581 5034 ῥῆμα
3610 4961 3783 5016 Θεοῦ.

2210 5076 2432 5130 Τούτων
2465 5074 2523 5127 δὲ
2550 5074 2658 5127 τῶν
2708 5074 2892 5127 ὅπλων
2930 5067 3176 5137 τοσαύτη
3207 5082 3291 5127 τις
3328 5065 3363 5133 ἡ
3424 5061 3678 5127 δύναμις,
3709 5055 3787 5117 ὡς

2217 5172 2354 5242 μηδὲ
2406 5172 2507 5241 τὴν
2542 5168 2983 5237 ἀπολάμπουσαν
3011 5163 3195 5218 αὐτῶν
3220 5157 3519 5229 ἀστραπὴν
3549 5151 3788 5222 ὑφίστα-

537 5248 660 5303 σθαι
695 5248 821 5311 τοὺς
860 5248 1178 5319 πολεμίους.
1242 5252 1365 5313 Πῶς
1404 5251 1514 5322 γὰρ
1543 5252 1609 5307 ἄν
1669 5269 1754 5317 τις
1790 5253 1867 5324 τῷ
1905 5254 2378 5331 κατεξουσιάζοντι
2417 5267 2677 5337 μάχοιτο;
2740 5263 2863 5327 [ιὼς
2894 5262 2940 5314 δ’
2968 5259 3034 5313 ἂν
3077 5257 3155 5327 τῷ
3207 5257 3486 5324 συνέχοντι
3514 5248 3648 5319 “xci
3685 5261 3788 5298 κα-

537 5340 861 5393 ταπονοῦντι
886 5342 1175 5410 κραταιότε
1185 5358 1277 5412 ρον
1315 5341 1603 5412 ἀντισταίη
1630 5361 1645 5410 ;

612 5430 871 5489 Dominus
901 5444 1087 5488 noster
1118 5433 1281 5488 Jcsus
1308 5432 1555 5489 Christus
1580 5433 1734 5503 jussu
1764 5433 1879 5489 solo
1910 5434 2111 5491 daemo-

540 5538 640 5578 nas
662 5524 937 5593 ejiciebat.
970 5523 1237 5593 Discipuli
1293 5533 1473 5578 autem
1509 5525 1680 5595 ipsius
1734 5540 1830 5595 per
1886 5527 2108 5583 invoca-

542 5616 743 5672 tionem
773 5620 892 5686 ejus
928 5616 1049 5672 illos
1098 5617 1429 5688 otingaltant,
1490 5625 1546 5673 et
1605 5619 1865 5678 obsessos
1920 5621 1987 5675 ab
2028 5623 2108 5678 eis

612 5798 628 5829 ¹
672 5795 866 5858 Epltes.
915 5811 988 5859 vt,
1023 5797 1106 5850 i2.
1215 5799 1235 5829 '
1275 5796 1410 5853 ibid.
1457 5798 1542 5854 15.
1620 5799 1639 5832 ⁸
1680 5799 1814 5857 ibid.
1858 5799 1945 5857 Η.
2001 5799 2089 5856 Π.

2302 5439 2363 5493 '0
2401 5437 2502 5508 μὲν
2531 5436 2734 5503 Κύριος
2756 5435 2913 5505 ἡμῶν
2957 5431 3162 5502 Ἰησοῦς
3194 5428 3431 5500 Χριστὸς
3452 5426 3789 5494 ἐπιτάγματι

2220 5531 2368 5602 μόνῳ
2389 5531 2514 5594 τοὺς
2544 5530 2811 5599 δαίμονας
2845 5526 3159 5596 ἀπήλαυνεν
3182 5538 3196 5553 ·
3218 5523 3268 5576 oi.
3313 5520 3558 5592 μαθηταὶ
3578 5518 3635 5571 δὲ
3662 5518 3790 5571 τού-

2214 5639 2309 5677 του
2335 5622 2422 5675 διὰ
2450 5622 2549 5691 τῆς
2592 5618 2932 5691 ἐπικλήσεως
2958 5616 3125 5672 αὑτοῦ
3155 5617 3383 5687 φεύγειν
3412 5615 3611 5679 αὐτοὺς
3649 5630 3790 5683 παρ-
