4132 6400
303 338 436 407 1281

1210 332 1593 397 PANOPLIA
1630 332 2092 399 DOGMATICA.
2116 358 2186 369 ····
2210 334 2366 399 'l‘l'l‘.
2410 332 2618 400 XXVI.

3454 326 3595 394 1282

296 456 598 520 εσκεύαζον
624 494 642 522 ,
714 454 812 510 καὶ
858 452 987 519 τοὺς
1048 451 1431 524 δαιμονῶντας
1512 450 1856 525 ἐθεράπευον
1880 492 1897 521 ,

2013 453 2301 518 curabant,
2333 465 2444 508 non
2473 459 2655 506 autem
2696 455 2960 504 accurata
2988 443 3404 501 Masalianerum
3466 457 3597 513 pre-

303 551 442 621 μήτε
468 552 537 622 τῇ
575 548 849 619 σπουδαίᾳ
877 548 986 601 τῶν
1036 544 1411 601 Μασαλιανῶν
1438 544 1625 622 εύχῇη
1643 544 1786 615 μήτε
1819 546 1886 615 τῇ

298 616 539 716 χριμψὲἱ
582 641 678 696 καὶ
742 616 1054 697 ἀποπτύσει
1088 637 1228 708 πρὸς
1256 637 1440 703 δίωξιν
1480 636 1590 690 τῶν
1609 616 1890 706 δαιμόνων

304 736 604 807 χρώμενοι.
636 736 696 787 Ei
728 734 786 789 δὲ
818 736 848 788 ό
896 733 1104 803 Κύριος
1136 730 1268 799 περὶ
1310 731 1420 783 τῶν
1465 731 1747 800 δαιμόνων
1776 727 1893 782 ελε-

304 845 423 896 γον,
454 828 537 882 ὅτι
573 827 756 881 Tauro
790 825 858 879 τὸ
902 823 1080 894 γένος
1123 824 1235 878 οὐκ
1268 821 1579 890 ἐξέρχεται
1607 824 1660 876 ει
1699 821 1788 891 μὴ
1822 820 1894 874 ἐν

300 918 619 989 προσευχῇ
650 918 749 971 καὶ
770 918 1048 986 νηστείᾳ,
1070 915 1188 971 ἀλλ’
1213 915 1273 967 οὑ
1307 917 1439 985 περὶ
1461 916 1682 992 πάντρυν
1701 914 1893 976 ἀπλῶς

302 1020 413 1074 τῶν
445 1018 911 1089 προσευχομένων
940 1016 1034 1069 καὶ
1083 1015 1474 1084 νηστευόντων
1504 1014 1718 1083 ἔλεγεν,
1754 1011 1895 1068 ἀλλὰ

301 1111 433 1184 περὶ
463 1109 565 1180 μὲν
595 1110 707 1164 τῶν
727 1109 816 1163 διὰ
849 1107 948 1162 τοῦ
972 1109 1121 1165 θείου
1142 1108 1522 1180 βαπτίσματος
1544 1106 1894 1177 υίοθετηθέν-

304 1220 416 1258 των
447 1203 526 1272 τῷ
558 1202 679 1271 Θεῷ
705 1202 799 1256 καὶ
825 1202 1023 1270 Πατρὶ,
1051 1202 1146 1254 καὶ
1178 1200 1644 1270 συγκληρονόμων
1668 1197 1762 1253 τοῦ
1793 1198 1897 1267 φύ-

303 1314 386 1350 σει
408 1295 541 1348 Υίοῦ
577 1293 723 1349 κατά
761 1294 924 1365 χάριν
966 1293 1377 1364 γεγενημένων,
1416 1293 1549 1362 περὶ
1590 1285 1669 1346 ὧν
1705 1291 1895 1361 ἔλεγεν

309 1391 340 1442 6
386 1386 711 1451 Ἀπόστολος
735 1400 750 1414 ⁸
788 1387 964 1439 Ὅσοι
1014 1389 1103 1451 εἰς
1160 1387 1424 1452 Χριστὸν
1465 1385 1894 1450 ἐϐαπτίσθητε,

303 1484 566 1554 Χριστὸν
592 1483 995 1537 ἐνεδύσασθε.
1026 1483 1187 1544 ﬂeto;
1206 1480 1317 1551 γὰρ
1352 1480 1586 1543 ἀπιστος
1620 1479 1652 1550 ἢ
1685 1478 1897 1547 αἱρετι-

308 1578 404 1640 κὸς
431 1574 639 1629 δύναιτ’
672 1575 739 1628 ἂν
770 1575 1047 1629 ἀπελάσαι
1096 1574 1332 1645 δαίμονα
1362 1573 1454 1627 διὰ
1485 1571 1748 1643 νηστείας
1795 1570 1897 1623 καὶ

307 1666 642 1737 προσευχῆς,
679 1665 784 1719 κᾶν
813 1664 1148 1731 ἐπιδείξαιτο
1162 1664 1373 1727 ταύτας
1398 1663 1889 1733 ἀνυπερϐλήτους;

303 1758 407 1817 Ὧν
432 1763 540 1833 γὰρ
567 1764 600 1834 ή
633 1762 820 1823 πίστις
853 1761 1117 1832 ἀδόκιμος
1176 1762 1273 1814 καὶ
1327 1758 1647 1830 ἀνίσχυρος,
1683 1758 1895 1812 τούτων

303 1854 399 1908 καὶ
428 1856 461 1923 ἡ
493 1855 774 1926 προσευχὴ
791 1854 887 1908 καὶ
919 1851 1145 1920 νηστεία
1174 1851 1416 1914 πάντως.
1447 1850 1559 1904 Καὶ
1590 1850 1702 1903 πᾶν
1734 1848 1898 1918 ἔργον

305 1944 491 2000 αὐτῶν
519 1930 579 1997 ού
612 1946 775 2009 μόνον
822 1946 885 1998 οὐ
947 1943 1206 2014 φοϐερὸν,
1263 1941 1401 1996 ἀλλά
1431 1941 1531 1995 καὶ
1590 1939 1751 2009 φίλον
1782 1941 1901 2002 τοῖς

304 2042 561 2113 δαίμοσιν
581 2060 595 2074 ο
634 2042 683 2095 εί
716 2044 790 2112 μή
825 2042 931 2094 πού
963 2057 1050 2104 τις
1084 2040 1194 2093 τῶν
1221 2039 1487 2092 τοιούτων
1518 2036 1607 2091 διὰ
1641 2036 1899 2106 γοητείας

308 2135 455 2200 τινὸς
485 2135 668 2200 ἔδοξεν
706 2135 988 2189 ἀπελάσαι
1040 2136 1297 2205 δαίμονα.
1361 2132 1422 2185 ὐ
1456 2130 1592 2199 γοῦν
1627 2131 1774 2183 κατά
1803 2128 1898 2182 τὸν

307 2228 403 2283 τοῦ
450 2229 661 2300 Κυρίου
714 2227 882 2296 λόγον
917 2231 1391 2298 προσευχόμενος,
1448 2223 1543 2276 καὶ
1586 2220 1891 2295 νηστεύων,

306 2321 402 2375 καὶ
433 2320 541 2373 τῶν
577 2319 755 2374 ἄλλων
788 2320 889 2389 μὲν
941 2318 1158 2389 ἀρετῶν
1191 2313 1333 2371 εἶναι
1383 2316 1611 2387 μέτοχος
1657 2314 1892 2384 ὀφείλει,

318 2413 560 2485 μάλιστα
594 2412 651 2466 δὲ
684 2414 784 2475 τὰς
813 2410 907 2465 δύο
936 2410 1143 2475 ταύτας
1168 2408 1558 2481 μετέρχεσθαι,
1591 2406 1690 2479 τὴν
1722 2422 1896 2477 προσο

305 2503 471 2576 ευχὴν
502 2503 651 2572 λέγω
703 2505 800 2557 καὶ
868 2502 974 2573 τὴν
1000 2501 1287 2573 νηστείαν.
1328 2500 1388 2553 '0
1415 2499 1473 2554 δὲ
1508 2498 1611 2569 τὴν
1650 2513 1897 2569 προσευ-

304 2597 409 2671 χὴν
443 2596 545 2667 μὲν
577 2596 738 2667 μόνον
797 2593 1159 2665 ἐπιτηδεύων,
1190 2593 1289 2656 τάς
1321 2591 1488 2655 ἀλλας
1511 2589 1570 2644 δὲ
1619 2586 1902 2661 παρατρέ-

305 2707 440 2763 χων,
473 2691 569 2744 καὶ
602 2686 1055 2760 καταρῤᾳθυμῶν
1092 2685 1294 2753 αὐτῶν,
1324 2684 1386 2738 ού
1439 2682 1602 2753 μόνον
1651 2682 1753 2735 οὐκ
1795 2681 1900 2732 ἀπ·

307 2783 498 2839 ελάσει
554 2780 647 2835 τὸν
677 2779 997 2834 ἐνοικοῦντα
1030 2776 1209 2849 τούτῳ
1242 2776 1498 2847 δαίμονα,
1535 2773 1720 2838 καθὼς
1755 2766 1904 2827 οὗτοι

305 2874 582 2943 λέγουσιν,
615 2872 754 2927 ἀλλά
791 2872 888 2925 καὶ
926 2869 1130 2942 μᾶλλον
1156 2868 1361 2935 ἔξωθεν
1387 2868 1518 2921 ὄντα
1546 2867 1755 2935 διάτὴν
1789 2865 1901 2918 τῶν

1999 539 2239 607 catione,
2304 554 2483 608 neque
2548 538 2934 594 exsecratione
3000 546 3058 592 et
3126 534 3477 607 despectipne
3527 532 3594 586 ad

1992 630 2272 687 daemonas
2388 628 2688 698 ejiciendos
2761 628 3069 682 utebantur.
3139 625 3205 679 Et
3283 638 3593 695 quanquam

1996 720 2257 776 Dominus
2316 718 2453 773 dixit
2521 718 2590 772 de
2650 716 3037 772 daemonibus:
3103 713 3218 768 Hoc
3260 730 3422 784 genus
3485 728 3591 766 non

1994 812 2205 881 ejicitur
2262 810 2366 864 nisi
2421 810 2477 862 in
2523 810 2764 862 oratione
2830 816 2880 860 et
2919 805 3132 877 jejunio
3161 806 3202 871 ³,
3257 819 3364 859 non
3412 815 3594 860 tamen

2001 904 2368 970 deomnibus,
2422 900 2515 972 qui
2574 899 2827 971 jejunant
2876 909 2930 953 et
2989 908 3284 967 precantur
3328 897 3596 968 simplici-

1995 1002 2080 1051 ter
2108 996 2321 1051 locutus
2350 1003 2452 1061 est,
2484 993 2579 1049 sed
2613 995 2678 1048 tle
2705 994 2812 1047 illis
2841 992 3128 1054 duntaxat,
3183 991 3276 1060 qui
3311 1005 3409 1059 per
3447 990 3593 1044 divi-

1997 1103 2129 1142 num
2155 1087 2487 1157 baptismum
2518 1086 2572 1141 in
2604 1084 2693 1141 Dei
2722 1094 2776 1140 et
2806 1083 2991 1138 Patris
3044 1081 3184 1137 ﬁlios
3244 1091 3371 1137 sunt
3422 1080 3595 1151 adop-

1999 1182 2118 1247 tati,
2149 1190 2205 1236 et
2237 1180 2380 1250 ejus,
2429 1182 2522 1251 qui
2563 1190 2752 1235 natura
2781 1176 2955 1233 Filius
2991 1185 3074 1232 est
3128 1174 3442 1230 cohmredes
3500 1186 3595 1240 per

2000 1271 2234 1338 gratiam
2273 1271 2471 1338 eﬁecti,
2526 1271 2594 1324 de
2622 1270 2820 1339 quibus
2846 1268 3062 1324 dicebat
3093 1266 3385 1336 Apostolus
3414 1282 3427 1319 :
3463 1263 3593 1319 0m-

1998 1380 2091 1418 ues
2147 1365 2236 1433 qui
2305 1365 2362 1418 in
2432 1362 2705 1417 Christum
2772 1361 3029 1429 baptismi
3087 1362 3236 1426 estis,
3317 1359 3589 1412 Christum

1998 1459 2251 1514 induisti:
2280 1461 2322 1513 '.
2413 1459 2549 1527 Quis
2621 1460 2768 1513 enim
2830 1458 3063 1513 inﬁdelis
3151 1466 3244 1511 aut
3310 1456 3597 1510 haereticus

2001 1555 2297 1609 damonem
2355 1552 2533 1623 possit
2570 1552 2841 1620 expellere
2878 1549 3101 1619 jejuniis
3158 1557 3213 1602 et
3240 1546 3595 1609 orationibus,

2004 1646 2136 1703 licet
2196 1646 2263 1702 iis
2324 1654 2515 1700 utatur
2543 1644 2809 1699 eximiis?
2871 1644 3116 1709 Quorum
3157 1641 3303 1695 enim
3350 1637 3597 1706 improba

2000 1746 2083 1792 est
2124 1736 2258 1792 ﬁtles
2340 1747 2396 1792 et
2451 1735 2682 1797 inﬁrma,
2718 1735 2913 1788 horum
2965 1743 3020 1788 et
3050 1746 3246 1801 preces
3297 1740 3351 1786 et
3395 1728 3597 1800 jejunia

1929 1816 1970 1870 Β
2000 1836 2126 1882 sunt
2162 1826 2378 1880 inﬁrma
2422 1825 2602 1895 plane.
2658 1824 2725 1878 Et
2749 1838 2911 1891 opera
2947 1823 3190 1891 ipsorum
3241 1819 3587 1873 daemonibus

2001 1932 2110 1973 non
2145 1916 2509 1981 formidanda,
2546 1916 2641 1970 sed
2694 1923 2846 1985 grata
2877 1922 3022 1967 sunt.
3077 1912 3192 1965 Nisi
3225 1911 3350 1980 quis
3408 1922 3597 1963 eorum

1997 2008 2299 2080 praestigiis
2347 2018 2400 2063 et
2451 2006 2685 2061 fallaciis
2742 2006 3021 2060 danuones
3073 2004 3275 2072 ejicere
3329 2002 3598 2056 videatur.

1998 2100 2267 2170 Quisquis
2319 2099 2487 2170 igitur
2529 2111 2597 2152 ex
2649 2096 2833 2151 verbis
2906 2096 3121 2151 Domini
3209 2102 3486 2165 precatur,
3539 2100 3599 2146 et

1999 2193 2233 2266 jejunat,
2266 2201 2322 2250 et
2351 2192 2581 2249 aliarum
2616 2191 2881 2246 virtutum
2926 2205 3049 2246 esse
3112 2190 3388 2260 particeps
3412 2188 3598 2251 debet,

2006 2288 2061 2344 in
2089 2288 2284 2359 primis
2327 2295 2519 2341 autem
2558 2287 2670 2341 hac
2699 2286 2830 2352 duo,
2884 2297 3081 2354 nempe
3112 2281 3482 2353 precationem
3546 2290 3603 2336 et

2004 2380 2297 2451 jejunium,
2344 2380 2627 2435 adhibere.
2676 2378 2780 2444 Qui
2822 2393 2953 2434 vero
2979 2378 3204 2446 reliquis
3234 2376 3458 2431 omissis
3483 2389 3606 2445 pre-

2001 2486 2098 2527 ces
2151 2480 2360 2526 tantum
2410 2470 2650 2531 adhibet.
2707 2470 2754 2524 is
2808 2484 2914 2523 non
2965 2468 3142 2524 solum
3205 2467 3602 2522 inhabitantem

2014 2562 2320 2619 daemonem
2357 2575 2465 2615 non
2510 2559 2713 2628 ejiciet,
2737 2567 2795 2613 ut
2827 2559 2915 2614 isti
2960 2559 3177 2622 dicunt,
3217 2559 3311 2612 sed
3363 2572 3511 2622 eum,
3555 2554 3605 2609 si

2007 2653 2168 2710 fortis
2191 2654 2284 2719 sit,
2317 2662 2543 2725 propter
2566 2652 2828 2707 virtutqu
2857 2652 3159 2719 neglectum
3190 2650 3453 2713 alliceret,
3478 2649 3604 2702 licet

2016 2747 2217 2803 millies
2278 2746 2508 2816 singulis
2565 2746 2758 2801 diebus
2819 2753 3224 2810 exsecraretur,
3273 2752 3328 2796 et
3384 2740 3605 2795 ﬂumina

2009 2844 2303 2910 sputorum
2329 2840 2653 2894 en‘underet.

312 2968 498 3021 καλῶν
530 2965 794 3037 ἀμέλειαν
853 2961 1246 3031 ἔπισπάσεται,
1304 2962 1409 3016 κᾶν
1443 2959 1709 3033 μυριάκις
1768 2956 1855 3027 ἐφ’
1910 2954 2151 3024 ἑκάστης
2204 2953 2420 3026 ἡμέρας
2458 2952 2809 3025 χρέμψαιτο,
2875 2950 2978 3005 κᾶν
3052 2947 3336 3019 ποταμοὺς
3404 2945 3609 3018 ἀφήσει

318 3059 594 3115 πτυέλων.

382 3154 447 3207 Ei
478 3150 866 3208 συνουσίωνται
907 3152 974 3222 τῇ
996 3150 1155 3220 φύσει
1175 3148 1287 3203 τῶν
1304 3146 1608 3220 ἀνθρώπων
1630 3146 1679 3200 οί
1701 3144 1897 3217 δαίμο-

2074 3139 2131 3197 Si
2176 3148 2383 3195 naturae
2428 3138 2707 3209 hominum
2759 3135 3035 3191 daemones
3062 3134 3209 3189 insiti
3238 3140 3385 3199 sunt,
3443 3132 3512 3186 ab
3543 3147 3609 3186 ea

308 3263 419 3313 νες,
470 3245 729 3301 ἀδύνατον
763 3242 1210 3315 άποδιαιρεθῆναι
1255 3242 1480 3305 τούτους
1512 3240 1684 3307 αὐτῆς
1713 3238 1786 3293 δι’
1817 3237 1899 3290 οἱ·

309 3338 586 3411 ασδήπστε
613 3339 862 3409 μηχανῆς
887 3336 1019 3407 ἀχρι
1070 3335 1280 3399 τέλους.
1344 3333 1425 3387 Τά
1478 3332 1589 3405 γὰρ
1641 3329 1899 3402 ἡνωμένα

310 3429 560 3500 φυσικῶς
588 3428 870 3499 ἀδιαίρετα
904 3428 1098 3498 μέχρις
1134 3426 1202 3481 ἂν
1235 3426 1316 3488 είς
1347 3423 1670 3478 τελευταίαν
1698 3422 1900 3475 άνάλυ-

311 3540 396 3577 σιν
427 3521 859 3593 καταντήσωσιν.
908 3518 1051 3573 Είδὲ
1075 3518 1165 3572 διὰ
1202 3516 1413 3588 τρόπου
1460 3515 1606 3578 τινὸς
1662 3511 1901 3567 ἀπελαύ-

312 3631 517 3679 νονται,
564 3614 626 3668 ού
656 3611 904 3683 φυσικῶς
968 3613 1207 3683 ἧνωνται
1267 3608 1508 3675 πάντως,
1550 3605 1665 3660 ἀλλ’
1701 3605 1901 3671 ἔξωθεν

312 3708 659 3779 ἐπέρχονται,
682 3705 776 3760 καὶ
807 3704 1295 3773 συνδιατρίϐουσιν.

386 3797 450 3851 Ei
479 3798 564 3851 διὰ
598 3797 698 3867 τὴν
727 3793 1039 3867 παράϐασιν
1065 3792 1165 3860 τῆς
1199 3790 1426 3862 πρώτης
1475 3789 1697 3860 ἐντολῆς
1743 3804 1902 3841 συνε-

316 3891 566 3961 πλήρωσε
588 3890 653 3960 τῇ
680 3886 839 3958 φύσει
865 3885 975 3939 τῶν
1007 3884 1315 3955 ἀνθρώπων
1338 3883 1367 3934 6
1398 3881 1533 3944 Θεὸς
1561 3880 1687 3943 τοὺς
1708 3877 1903 3947 δαίμο-

318 3999 437 4044 νας,
471 3980 567 4035 καὶ
603 3978 924 4048 παρέδωκεν
949 3976 1121 4046 αὐτὴν
1157 3973 1478 4044 ύποχειρίαν
1506 3973 1709 4035 αὐτοῖς,
1733 3986 1906 4024 κατα-

314 4073 477 4142 γνόιη
509 4087 592 4133 τις
612 4069 677 4123 ἂν
712 4064 879 4120 αὑτοῦ
925 4065 1128 4136 πολλὴν
1173 4065 1432 4136 ὡμότητα
1486 4062 1583 4118 καὶ
1611 4062 1904 4133 ἀπήνειαν,

316 4164 510 4236 πρῶτα
562 4164 661 4234 μὲν
692 4161 755 4214 τὸ
779 4160 1129 4232 ἀνθρώπινον
1162 4158 1327 4229 σῶμα
1360 4156 1618 4211 ὲπίνοσον
1651 4155 1746 4208 καὶ
1775 4153 1907 4224 θνη-

316 4260 413 4312 τὸν
438 4254 946 4316 κατασκευάσαντος
975 4252 1065 4305 διά
1090 4250 1192 4322 τὴν
1232 4248 1537 4321 εἰρημένην
1567 4246 1903 4318 παράϐασιν,

318 4354 511 4407 ἔπειτα
534 4351 589 4405 δὲ
619 4351 711 4404 καὶ
737 4347 1117 4421 βασανίζοντος
1138 4345 1267 4408 τοὺς
1298 4342 1626 4414 ἀνθρώπους
1682 4343 1773 4397 διά
1806 4343 1906 4413 τῆς

2002 3234 2248 3304 separari
2280 3246 2452 3300 usque
2486 3231 2550 3284 ad
2583 3230 2742 3284 ﬁnem
2779 3228 2921 3283 nulla
2957 3228 3166 3281 ratione
3202 3232 3450 3295 possunt.
3474 3222 3607 3290 Quae

2001 3328 2147 3384 enim
2180 3323 2497 3380 naturaliter
2529 3322 2814 3391 conjuncta
2868 3330 3016 3384 sunt,
3045 3317 3257 3388 sejungi
3320 3325 3612 3386 nequeunt,

2003 3418 2180 3489 quoad
2203 3420 2258 3470 in
2275 3424 2574 3471 extremam
2601 3412 2984 3469 resolutionem
3009 3410 3343 3479 redigantur.
3361 3408 3546 3477 Itaque
3565 3406 3610 3460 si

2005 3511 2217 3564 ratione
2237 3507 2416 3575 aliqua
2446 3506 2817 3576 expelluntur,
2862 3504 3182 3558 naturaliter
3207 3499 3450 3570 profecto
3479 3514 3612 3553 con-

1999 3600 2169 3669 juncti
2207 3614 2312 3653 non
2339 3605 2486 3661 sunt,
2512 3596 2606 3653 sed
2640 3596 2981 3650 extrinsecus
3023 3594 3287 3650 accedunt
3316 3600 3372 3646 et
3401 3590 3616 3647 inhabi-

2001 3699 2140 3747 lant.

2079 3781 2137 3836 Si
2167 3791 2386 3852 propter
2437 3779 2595 3851 primi
2654 3780 2910 3851 prtezepti
2950 3779 3433 3851 transgressionem
3473 3778 3615 3836 Deus

2006 3881 2217 3930 natura:
2262 3873 2544 3928 hominum
2590 3872 2870 3927 dazmonas
2918 3872 3186 3941 adiunxit,
3220 3886 3451 3942 eamque
3510 3872 3618 3927 illis

2005 3967 2260 4037 subjecit,
2288 3980 2495 4036 magnae
2522 3966 2641 4036 quis
2663 3966 2836 4035 ipsum
2861 3965 3196 4021 crudelitatis
3220 3972 3275 4021 el.
3302 3965 3613 4019 immanita-

2008 4059 2078 4115 tis
2095 4072 2200 4114 non
2224 4058 2458 4125 incuset,
2480 4057 2572 4127 qui
2596 4070 2706 4111 non
2727 4065 3013 4112 contentus
3040 4055 3109 4112 ob
3140 4056 3285 4110 illam
3314 4064 3615 4126 transgres-

2006 4153 2214 4208 sionem
2234 4165 2429 4219 corpus
2458 4149 2752 4204 humanum
2775 4147 2980 4205 morbis
3031 4150 3299 4219 mortique
3325 4147 3618 4217 subjicere,

2010 4250 2315 4305 daemonum
2335 4243 2611 4297 dominatu
2640 4240 2895 4297 mortales
2920 4242 3275 4313 oppresserit,
3303 4240 3395 4312 qui
3420 4249 3617 4311 cogant

2011 4357 2105 4397 eos
2123 4338 2381 4412 peccatis,
2404 4335 2602 4406 Quibus
2635 4350 2779 4390 mors
2804 4337 3000 4391 anima:
3020 4334 3302 4407 inﬂigitur,
3329 4334 3615 4397 inservire,

316 4443 630 4516 τυραννίδος
660 4442 768 4496 τῶν
824 4438 1094 4510 δαιμόνων
1130 4437 1533 4489 ἐπιταττόντων
1564 4434 1750 4496 αὐτοῖς
1804 4435 1900 4497 τὰς

2010 4448 2069 4493 ut
2118 4452 2212 4492 eos
2269 4433 2504 4504 denique
2560 4432 2652 4502 qui
2709 4430 2935 4487 uelariis
2992 4431 3290 4485 sceleribus
3369 4427 3617 4482 obstricti

317 4497 697 4613 dru‘xo-pewou;
746 4497 1041 4606 ἁμαρτίας,
1080 4530 1176 4584 καὶ
1209 4529 1518 4583 τελευταῖον
1561 4525 1900 4596 ἀποκληρώ-

2011 4526 2235 4591 fuerint,
2287 4524 2392 4594 igni
2432 4497 2714 4588 exteriori,
2763 4522 2856 4588 qui
2905 4531 3128 4590 paratus
3158 4532 3240 4576 est
3291 4521 3505 4574 diabolo
3561 4529 3619 4574 et

320 4648 509 4695 σαντος
542 4632 653 4691 τοῖς
677 4627 872 4682 ἀνίατα
908 4619 1290 4695 πλημμελοῦσι
1319 4620 1382 4675 τὸ
1409 4618 1522 4690 πῦρ
1560 4635 1621 4672 τε
1675 4618 1737 4671 τὸ
1766 4616 1903 4685 ἐξῶ-

319 4742 477 4796 τερον
498 4723 558 4777 τὸ
582 4717 989 4792 ἡτοιμασμένον
1039 4714 1118 4785 τῷ
1153 4712 1408 4781 διαϐόλῳ,
1450 4712 1543 4765 καὶ
1583 4712 1696 4774 τοῖς
1739 4709 1908 4779 ἀγγέ-

316 4821 433 4883 λοις
465 4816 654 4881 αὐτοῦ,
693 4813 789 4867 καὶ
819 4811 918 4875 τάς
953 4808 1119 4872 ἀλλας
1154 4805 1407 4870 αίωιίους
1435 4804 1706 4867 κολάσεις.
1742 4800 1906 4855 Ἀλλά

325 4915 431 4981 μὴν
459 4906 841 4979 φιλάνθρωπος
868 4905 897 4956 6
932 4901 1063 4964 Θεὸς
1085 4899 1179 4953 καὶ
1222 4897 1455 4960 δὶκαιος⁸
1502 4898 1569 4967 τῇ
1603 4894 1703 4965 μὲν
1728 4910 1908 4966 παρα-

321 5004 606 5072 ϐάσειτῆς
660 4996 880 5066 ἐντολῆς
923 4996 1019 5048 καὶ
1069 4995 1135 5063 τῇ
1168 4990 1228 5057 ἐξ
1279 4990 1448 5058 αὐτῆς
1501 4988 1751 5060 ἁμαρτίᾳ
1810 4986 1908 5042 τοῦ

323 5102 672 5175 προπάτορος
698 5100 754 5152 αἱ
788 5096 932 5151 νόσοι
957 5094 1051 5148 καὶ
1076 5096 1104 5146 6
1144 5091 1375 5151 θάνατος
1405 5083 1703 5152 ἐπιτίμιον,
1764 5081 1824 5134 ὃν
1849 5080 1909 5175 ’ἢ

330 5166 645 5266 παράϐασις
698 5188 796 5244 καὶ
851 5190 885 5257 ἡ
939 5185 1184 5257 ἁμαρτία
1226 5179 1619 5254 προεξένησαν,
1677 5173 1773 5228 καὶ
1821 5166 1913 5226 ob-

323 5305 417 5351 τος
447 5286 533 5339 διὰ
563 5280 994 5354 φιλανθρωπίαν,
1051 5279 1139 5332 ἵνα
1169 5273 1526 5339 διακοπείσης
1579 5266 1683 5337 τῆς
1733 5266 1912 5335 ἀμαρο

324 5356 470 5440 τίας,
498 5376 571 5447 μὴ
602 5375 867 5429 ἀθάνατον
969 5370 1029 5423 τὸ
1085 5367 1273 5428 κακὸν,
1329 5364 1404 5424 ὼς
1435 5363 1464 5415 6
1493 5358 1757 5425 Θεολόγος
1806 5354 1913 5425 ἔφη

327 5468 651 5539 Γρηγόριοςο
705 5465 760 5517 αἱ
786 5463 842 5516 δὲ
872 5462 1128 5516 ἀθάνατοι
1157 5457 1410 5517 κολάσεις
1440 5453 1500 5505 οὐ
1559 5453 1659 5523 τῆς
1690 5448 1914 5519 πρώτης

329 5556 695 5631 παραϐάσεὼς
725 5558 863 5610 εἰσιν
903 5553 1202 5623 ἐπιτίμιον,
1267 5546 1402 5601 ἀλλά
1425 5544 1534 5598 τῶν
1580 5539 1913 5613 ἡμαρτημέ-

330 5666 439 5708 νων
469 5651 683 5721 ἑκάστῳ
714 5648 825 5701 τῶν
862 5642 1187 5716 ἀνθρώπων,
1221 5641 1340 5713 ἦτοι
1365 5636 1475 5691 τῶν
1496 5634 1606 5689 ἀπὸ
1632 5631 1730 5687 τοῦ
1761 5647 1911 5704 πρω-

407 5837 428 5871 ⁸
466 5834 657 5893 Matth.
704 5852 781 5903 tx,
838 5834 931 5891 28.
1007 5836 1027 5869 ¹
1083 5832 1263 5890 Galat.
1306 5832 1502 5901 ttt,27.

2007 4617 2211 4687 angelis
2266 4617 2403 4681 ejus,
2439 4614 2669 4684 aliisque
2698 4612 2981 4682 suppliciis
3010 4612 3282 4666 addixerit
3331 4609 3618 4679 sempiter-

2011 4710 2117 4765 nis.
2148 4708 2308 4778 Atqui
2342 4706 2610 4776 benignus
2632 4715 2718 4760 est
2757 4692 2918 4773 Deus,
2942 4713 2997 4760 et
3025 4703 3225 4773 justus.
3260 4701 3446 4771 Itaque
3476 4716 3615 4771 prte-

2008 4800 2148 4869 cepti
2196 4797 2637 4870 transgressioni,
2677 4807 2732 4853 et
2764 4798 2924 4868 primi
2954 4799 3199 4868 parentis
3226 4804 3452 4867 peccato
3484 4809 3616 4865 pro-

2009 4891 2170 4961 positi
2223 4900 2353 4945 sunt
2397 4890 2570 4945 morbi
2605 4898 2663 4946 et
2713 4904 2882 4957 mors,
2940 4904 3100 4959 quam
3152 4888 3513 4958 transgressio
3566 4895 3621 4944 et

2011 4991 2294 5057 peccatum
2354 4983 2740 5040 conciliarnnt.
2794 4983 2926 5049 Quae
2967 4981 3184 5051 quidem
3239 4996 3385 5038 mors
3415 4982 3623 5039 indica!

2011 5078 2129 5150 ejus
2149 5076 2561 5148 benignitatem,
2586 5085 2668 5131 est
2683 5077 2825 5131 enim
2848 5090 3009 5132 causa
3035 5086 3092 5129 ut
3109 5077 3411 5145 interrupto
3427 5090 3623 5147 pecca-

2015 5181 2069 5227 to
2089 5172 2288 5227 malum
2315 5180 2631 5241 perpetuum
2658 5186 2766 5226 non
2800 5171 2891 5238 sit,
2918 5181 2971 5225 ut
2998 5170 3290 5239 Gregorius
3312 5169 3618 5238 Tlteologns

2013 5262 2107 5317 ait.
2135 5261 2411 5335 Supplicia
2447 5271 2627 5317 autem
2653 5271 2853 5318 aeterna
2890 5278 2995 5316 non
3021 5263 3208 5333 prima:
3232 5260 3618 5331 transgressio-

2012 5356 2069 5408 ni
2109 5352 2387 5423 proposita
2433 5362 2579 5420 sunt,
2636 5354 2730 5409 sed
2765 5354 2990 5425 singulis
3036 5353 3363 5415 hominibus,
3439 5353 3529 5420 qui
3558 5366 3618 5405 se

2014 5445 2252 5516 peccatis
2276 5444 2645 5517 obstringunt,
2682 5447 2795 5502 sive
2832 5447 2921 5516 qui
2964 5449 3075 5517 jam
3102 5445 3225 5500 inde
3256 5459 3284 5498 a
3318 5443 3493 5512 primo
3515 5457 3615 5513 pa-

2017 5546 2171 5593 rente
2201 5551 2373 5607 usque
2398 5539 2465 5592 ad
2496 5540 2680 5593 mundi
2700 5539 3219 5594 consummationem
3254 5534 3455 5591 nullam
3486 5549 3618 5607 pec-

2017 5631 2153 5689 catis
2209 5631 2548 5688 curationem
2608 5629 2996 5687 adhibuerunt.
3062 5631 3373 5688 Daemonum
3429 5636 3616 5684 autem
