4132 6418
516 352 662 420 1283
1759 351 2145 413 EUTHYMII
2184 351 2546 415 ZIGABENI
3497 372 3505 377 ·
3650 346 3672 405 1
3686 346 3791 411 €84

513 470 824 524 dominatus
847 482 951 522 non
982 482 1009 522 a
1053 468 1163 524 Deo
1191 468 1502 524 hominibus
1533 466 1820 537 impositus
1837 478 1941 522 est.
1974 467 2108 534 Quis

2232 466 2509 537 τοπλάστου
2540 468 2702 541 μέχρι
2730 466 2941 537 καὶτῆς
2975 464 3071 520 τοῦ
3097 463 3307 535 κόσμου
3333 459 3644 521 συντελείας
3664 461 3793 515 ἀθε-

518 562 663 616 enim
696 560 909 629 sapiens
939 560 991 615 id
1050 559 1449 616 fateatur'iSed
1510 559 1614 629 ipsi
1646 558 1918 614 daemones
1949 559 2109 614 modo

2232 561 2497 624 ›απεύτως
2513 560 2965 631 ἁμαρτανόντων.
3003 558 3070 612 'll
3094 556 3153 610 δὲ
3172 556 3281 609 τῶν
3298 555 3572 624 δαιμόνων
3590 568 3793 623 τυραν·

518 663 705 721 aperte
735 652 980 707 homines
1041 659 1373 723 oppugnant,
1405 652 1568 706 modo
1626 651 1847 706 occulte
1889 658 2108 705 struunt

518 743 769 806 insidias,
800 742 957 796 modo
980 740 1188 809 fraude,
1214 751 1269 796 et
1298 742 1441 807 dolo,
1468 753 1629 809 atque
1657 741 1935 797 blanditiis
1963 742 2108 810 ipsos

520 833 813 900 decipiunt,
843 840 1005 901 atque
1022 833 1093 886 ita
1120 834 1364 904 captivos
1387 835 1613 895 ducunt,
1638 842 1802 902 atque
1819 832 2111 901 subjiciunt

518 924 786 987 servituti,
817 924 908 992 qui
941 924 1168 994 ignaviae
1212 938 1275 980 ac
1314 938 1412 995 per
1442 923 1588 979 illam
1612 924 1940 994 nequitimse
1968 923 2112 978 dedi-

523 1014 745 1068 derunt.

595 1269 856 1326 Dicuntur
886 1281 1067 1328 tamen
1122 1272 1414 1342 aliquando
1469 1272 1745 1329 dmmones
1801 1272 2114 1329 hominibus

521 1358 814 1430 imperare,
840 1364 1104 1433 nonqnod
1135 1378 1166 1418 a
1194 1364 1306 1419 Deo
1323 1364 1605 1434 imperium
1623 1363 1753 1418 Illud
1782 1364 2112 1435 acceperint,

524 1458 620 1511 sed
639 1455 778 1522 quod
810 1454 1058 1510 homines
1074 1455 1180 1509 illis
1204 1470 1436 1524 quorum
1470 1454 1752 1509 dominatu
1771 1464 2113 1525 premuntur,

527 1562 649 1602 sese
678 1547 820 1600 ultro
849 1545 1202 1615 subiecerint,
1225 1545 1475 1616 quodque
1511 1545 1618 1601 Deo
1648 1546 1955 1617 divinisque
1980 1562 2116 1616 pm-

524 1638 697 1705 ceptis
738 1637 1000 1705 neglectis
1048 1638 1505 1711 dannonumjugo
1555 1640 1803 1709 praprias
1878 1641 2117 1697 cervices

529 1727 909 1783 submiserint.

602 1823 706 1877 Sed
730 1821 986 1890 quoniam
1009 1822 1294 1891 perspicue
1314 1824 1805 1878 oemoustravimus
1846 1822 2121 1878 daemones
2145 1808 2196 1868 Β

531 1912 808 1966 hominum
829 1922 1033 1964 natura:
1056 1926 1161 1965 non
1189 1925 1309 1966 esse
1337 1910 1676 1981 coniunctos,
1708 1926 1884 1982 neque
1910 1913 1968 1968 in
1990 1929 2111 1969 eam

532 2002 731 2057 habere
780 2009 1129 2071 potestatem,
1163 2002 1261 2058 sed
1291 2001 1586 2073 aliquando
1612 2020 1676 2059 ex
1705 2004 1933 2061 adverso
1958 2006 2116 2061 nobis

532 2095 824 2151 instructos
848 2109 1133 2150 occurrere
1153 2105 1317 2164 atque
1354 2095 1663 2167 conﬂigere,
1691 2096 1979 2166 aiiquaudo
2020 2112 2119 2150 au-

537 2196 645 2242 tem
670 2187 898 2243 fallaciis
917 2198 972 2243 et
995 2187 1297 2253 fraudibus,
1324 2199 1379 2244 et
1403 2189 1616 2246 insidiis
1654 2190 1752 2254 uti,
1783 2199 1945 2260 atque
1966 2191 2121 2247 deci-

530 2295 661 2350 pere
684 2290 740 2334 et
760 2280 963 2347 fallere,
984 2290 1040 2336 et
1080 2281 1256 2338 varias
1281 2290 1425 2339 artes
1447 2292 1499 2338 et
1524 2283 1678 2340 dolos
1703 2297 1976 2351 exercere,
1998 2296 2119 2355 quas

534 2373 756 2443 quidem
807 2388 915 2429 non
976 2373 1066 2443 jus
1124 2384 1180 2431 et
1230 2383 1552 2445 potestatem
1585 2377 1978 2444 exercentium,
2024 2377 2121 2433 sed

532 2467 958 2534 oppugnantium
982 2475 1129 2532 sunt,
1153 2481 1619 2536 supervacaneum
1649 2478 1732 2524 est
1753 2467 1898 2538 loqui
1918 2479 2035 2524 tum
2052 2466 2122 2524 de

533 2558 766 2610 adventu
824 2555 1059 2624 Spiritus
1115 2558 1312 2624 sancti,
1370 2573 1531 2627 quem
1587 2560 1870 2617 Masaliani
1936 2562 2123 2616 dicunt

534 2650 816 2713 accedere,
860 2658 983 2718 post
1028 2648 1178 2704 iusiti
1223 2659 1281 2705 et
1315 2661 1524 2706 natura!
1560 2652 1833 2722 conjuncti
1866 2653 2125 2710 daemonis

535 2741 930 2810 expu‘lsionem,
968 2751 1079 2796 tum
1105 2743 1171 2797 de
1205 2741 1430 2812 reliquis
1455 2745 1700 2815 partibus
1749 2745 2012 2803 doctrinae
2043 2748 2123 2818 ip-

534 2846 746 2885 sorum.
778 2830 910 2885 Nam
943 2848 1065 2888 cum
1089 2835 1241 2889 radix
1285 2835 1428 2890 illius
1457 2836 1643 2892 evulsa
1669 2837 1759 2903 sit,
1789 2838 1926 2893 rami
1955 2839 2121 2896 etiam

534 2932 593 2978 et
623 2921 748 2978 folia
802 2923 1175 2979 conciderunt.
1204 2924 1316 2980 Nisi
1378 2925 1520 2981 forte
1580 2927 1869 2985 dicendum
1923 2931 2127 3001 aliquid

529 3022 618 3071 est:
675 3018 740 3069 de
786 3029 852 3071 eo
884 3016 1027 3087 quod
1086 3034 1262 3089 neque
1317 3018 1548 3089 jejunio,
1592 3036 1771 3091 neque
1818 3023 2123 3094 disciplina.

533 3123 717 3173 neque
772 3122 877 3161 una
910 3109 1150 3164 custodia
1180 3109 1303 3165 illos
1350 3125 1511 3181 egere
1561 3111 1769 3179 dicunt,
1806 3114 1898 3183 qui
1948 3124 2125 3171 sancti

530 3200 775 3268 Spiritus
801 3204 1112 3266 adventum,
1138 3209 1192 3254 ut
1218 3201 1421 3256 dictum
1456 3212 1560 3266 est,
1595 3204 1739 3274 apud
1770 3205 1916 3274 ipsos
1945 3221 2131 3262 susce-

535 3301 756 3362 perunt.
793 3292 991 3348 Multos
1030 3292 1174 3347 enim
1217 3294 1453 3362 ipsorum
1495 3293 1772 3364 decipiens
1818 3298 2049 3365 da‘mon,
2077 3307 2133 3355 et

531 3384 781 3453 speciem
811 3383 1078 3438 adventus
1092 3383 1327 3453 Spiritus
1349 3387 1526 3441 sancti
1552 3387 1810 3443 simulans
1829 3389 1907 3446 sic
1933 3389 2131 3459 all‘ecit,

536 3488 604 3531 ut
634 3474 779 3530 nullo
836 3474 1064 3542 amplius
1106 3475 1357 3545 praesidio
1399 3491 1458 3533 se
1488 3481 1781 3548 munirent,
1818 3491 2003 3554 utpote
2040 3484 2133 3554 qui

526 3571 650 3636 Jan)
702 3566 1019 3637 impatibile,
1062 3581 1121 3622 se
1154 3567 1436 3623 crederent
1486 3570 1747 3637 evasisse,
1792 3581 1848 3626 et
1871 3573 1924 3626 in
1980 3574 2133 3629 varia

546 3668 766 3730 peccata
794 3667 849 3714 et
880 3656 1080 3730 ﬂagitia
1142 3659 1476 3715 miserandos
1539 3661 1770 3731 impulit.
1802 3662 1941 3731 Quid
1981 3664 2132 3731 illud,

541 3755 689 3824 quod
730 3752 935 3817 dicunt,
969 3767 1029 3808 se
1053 3752 1225 3807 oculis
1268 3763 1511 3808 sanctam
1538 3769 1761 3810 cernere
1791 3755 2135 3828 Trinitatem,

541 3861 667 3918 qua:
699 3856 890 3900 natura
945 3844 1159 3913 quidem
1209 3859 1305 3899 sua
1357 3860 1458 3900 nec
1489 3848 1656 3913 cerni,
1692 3863 1791 3903 nec
1839 3850 1947 3907 ullo
1974 3867 2137 3910 sensu

550 3936 933 4007 comprehendi
959 3944 1130 4004 potest
1151 3933 1173 3987 Ἰ
1191 3950 1364 3989 nonne
1382 3946 1464 3990 est
1482 3936 1755 3992 hominum
1781 3938 1935 4009 plane
1953 3955 2137 4010 sensu,

554 4041 732 4085 mente
777 4030 1091 4095 rationeque
1107 4027 1447 4081 carentium?
1474 4027 1640 4081 Deum
1669 4030 1811 4084 enim
1831 4047 1988 4087 nemo
2007 4034 2141 4089 vidit

554 4136 811 4191 unquam,
878 4119 930 4173 id
988 4129 1073 4174 est
1125 4130 1368 4173 naturam
1393 4118 1510 4173 Dei.
1549 4119 1743 4189 Ecquis
1787 4122 1889 4177 hoc
1910 4124 2138 4180 docuit?

558 4213 872 4283 Unigenitus
904 4209 1093 4277 Filius,
1127 4209 1216 4278 qui
1253 4220 1332 4266 est
1376 4212 1429 4263 in
1462 4212 1580 4264 sinu
1615 4211 1813 4278 Patris,
1872 4223 1930 4269 ut
1967 4232 2137 4271 evan.

557 4305 743 4376 gelista
795 4298 1077 4358 testatur‘.
1110 4303 1429 4369 Quicunque.
1482 4312 1657 4357 autem
1716 4304 1882 4359 Deum
1941 4308 2142 4364 vidisse

559 4408 943 4461 memorantur,
976 4397 1008 4449 ii
1057 4411 1163 4449 non
1194 4395 1442 4449 viderunt
1470 4409 1593 4449 eum
1620 4410 1684 4450 ex
1717 4406 1907 4453 natura
1947 4401 2135 4471 ipsius,

2210 652 2293 714 νἰς
2321 651 2422 704 οὐκ
2447 652 2510 704 ὲκ
2530 651 2668 705 Θεοῦ
2694 654 2808 715 τοῖς
2854 648 3166 721 ἀνθρώποις
3194 647 3448 716 ἔπετέθησ
3476 645 3560 707 τίς
3580 645 3690 714 γὰρ
3726 645 3795 699 ἂν

2212 743 2351 813 ἔχων
2381 743 2589 814 φρένας
2627 741 2790 797 τοῦτο
2820 741 3349 813 συνομολογήσειενς
3387 737 3500 791 ἀλλ’
3526 737 3577 791 oi
3600 737 3797 807 δαίμο-

2212 849 2302 896 νες
2339 835 2495 888 αὐτοὶ
2520 834 2681 888 τοῦτο
2712 835 2813 904 μὲν
2842 835 3108 901 ἄντικρυς
3137 830 3509 901 πολεμοῦντες
3554 829 3668 892 τοῖς
3700 830 3798 882 ἀν-

2213 923 2477 995 θρώποις,
2502 925 2676 986 ,τοῦτο
2706 925 2764 979 δὲ
2808 924 3083 996 λαθραίως
3107 922 3578 985 ἐπιϐουλεύοντες,
3631 921 3798 974 τοῦτο

2211 1017 2270 1070 δὲ
2326 1018 2421 1072 καὶ
2473 1018 2707 1090 δολερῶς
2762 1017 3168 1079 ύποσαίνοντες.
3248 1014 3345 1069 καὶ
3412 1013 3798 1081 δξαπατῶντες

2213 1109 2680 1180 αἰχμαλωτίζουσί
2711 1127 2794 1175 τε,
2825 1111 2917 1164 καὶ
2942 1109 3340 1163 ύποτάττουσιν
3372 1107 3531 1171 ὅσους
3551 1106 3585 1172 ἡ
3624 1106 3796 1178 ῥαθυ-

2217 1200 2314 1271 μία
2344 1201 2440 1254 καὶ
2469 1202 2504 1272 ἠ
2524 1201 2614 1255 διὰ
2641 1202 2851 1271 ταύτην
2874 1199 3148 1271 χαύνωσις
3181 1196 3513 1269 προδιδόασι.

2285 1291 2547 1361 Λέγονταί
2578 1309 2710 1344 ποτε
2739 1292 2834 1345 καὶ
2864 1291 3057 1361 ἄρχειν
3088 1288 3398 1360 ἀνθρώπων
3441 1289 3491 1343 οί
3518 1287 3797 1357 δαίμονες,

2214 1381 2330 1435 ἀλλ’
2359 1382 2459 1451 οὐχ
2488 1381 2562 1446 ὡς
2589 1381 2773 1436 θεόθεν
2802 1382 2904 1453 τὴν
2934 1383 3061 1436 κατ’
3084 1381 3264 1436 αὐτῶν
3310 1378 3568 1441 λαϐόντες
3596 1377 3797 1448 ἀρχὴν,

2215 1473 2330 1527 ἀλλ’
2361 1475 2436 1536 ὡς
2464 1473 2702 1527 ἑκόντων
2730 1472 3152 1526 ύποπτευὸντων
3170 1473 3357 1536 αὐτοίς
3387 1471 3496 1524 τῶν
3554 1467 3800 1539 ἀρχομέ-

2215 1582 2323 1620 νων
2371 1565 2464 1620 ὑπ’
2499 1566 2701 1631 αὐτῶν,
2753 1567 2848 1621 καὶ
2903 1564 2998 1618 τοῦ
3032 1564 3132 1634 μὶν
3164 1564 3303 1619 Θεοῦ
3331 1562 3430 1619 καὶ
3477 1562 3586 1617 τῶν
3636 1560 3802 1614 θείων

2219 1656 2450 1712 ἑντολῶν
2479 1656 2927 1728 ἀφηνιασάντων,
2954 1656 3020 1726 τῇ
3049 1653 3253 1727 ζεύγλῃ
3280 1654 3339 1708 δὲ
3368 1653 3483 1708 τῶν
3524 1652 3801 1722 δαιμόνων

2220 1748 2344 1811 τοὺς
2375 1748 2539 1811 ἰδίους
2567 1747 2800 1818 αὐχένας
2835 1746 3239 1802 ύπυϐαλόντων.

2309 1838 2461 1893 Ἐπεὶ
2487 1838 2546 1892 δὲ
2574 1837 2890 1908 περιφανῶς
2922 1836 3230 1907 ἐδείξαμεν,
3260 1836 3344 1891 ὅτι
3373 1837 3437 1890 ού
3478 1832 3806 1889 συνουσίων-

2222 1948 2313 1986 ται
2331 1932 2399 2001 τῇ
2432 1928 2590 1999 φύσει
2621 1929 2730 1983 τῶν
2760 1928 3068 1999 ἀνθρώπων
3081 1930 3131 1982 οί
3161 1926 3578 1997 δαίμονες,ούδὲ
3604 1926 3805 1989 κατεξ-

2225 2023 2579 2086 ουσιάζουσιν
2603 2021 2799 2091 αὐτῆς,
2854 2019 2993 2074 ἀλλὰ
3030 2018 3162 2073 ποτὶ
3189 2021 3290 2089 μὲν
3327 2018 3388 2085 ἐξ
3428 2016 3808 2086 ἀντιπαρατά-

2228 2112 2364 2176 ξεως
2394 2112 2753 2183 ἐπερχόμενοι
2780 2111 3191 2183 συρρήγνυνται
3249 2110 3386 2181 πρὸς
3440 2108 3622 2179 μάχην
3646 2108 3807 2178 ἡμῖν,

2228 2204 2361 2257 ποτὶ
2382 2203 2441 2257 δὲ
2489 2202 2726 2275 χρῶνται
2775 2204 3049 2274 μηχαναῖς
3082 2201 3371 2273 λοχῶντες,
3411 2199 3808 2268 ἐνεδρεύοντες,

2230 2296 2462 2364 παγίδας
2516 2292 2861 2365 πηγνύντες,
2932 2292 3253 2356 ἀπατῶντες
3278 2330 3296 2358 ,
3348 2290 3808 2357 ύποκλέπτοντες,

2229 2387 2503 2451 παντοίως
2529 2385 2994 2449 ἐπιϐουλεύοντες
3029 2385 3201 2440 ταῦτα
3234 2384 3343 2454 γὰρ
3371 2384 3431 2438 οὐ
3450 2381 3808 2448 κατεξουσια-

2230 2478 2455 2544 ζόντων,
2498 2478 2615 2531 ἀλλ’
2644 2478 3101 2548 ἀντιμαχομένων
3155 2476 3281 2530 είσί·
3318 2475 3574 2545 περιττὸν
3632 2475 3810 2527 εἰπεῖν

2230 2568 2359 2640 περί
2386 2587 2445 2623 τε
2488 2573 2589 2640 τῆς
2638 2569 3043 2640 ἐπιφοιτήσεως
3094 2568 3188 2621 τοῦ
3246 2567 3410 2636 ἀγίου
3462 2565 3810 2636 Πνεύματος,

2230 2663 2370 2735 ὅπερ
2400 2664 2451 2715 οί
2479 2662 2825 2717 Μασαλιανοὶ
2842 2660 3094 2730 λέγουσιν
3114 2661 3403 2731 ἑπιφοιτᾷν
3430 2657 3570 2729 μετά
3589 2657 3688 2729 τὴν
3708 2653 3812 2711 τοῦ

2232 2756 2517 2826 συμφυοῦς
2543 2754 2805 2825 δαίμονος
2837 2753 3125 2818 ἀπέλασιν,
3179 2753 3274 2806 καὶ
3300 2751 3430 2822 περὶ
3454 2751 3553 2821 τῆς
3596 2748 3801 2820 ἑφεξῆς

2230 2847 2557 2912 ἀκολουθίας
2578 2847 2670 2901 τοῦ
2688 2846 3019 2916 δηλωθέντος
3047 2846 3338 2916 δόγματος.
3370 2844 3480 2914 Τῆς
3509 2842 3667 2913 ῥίζης
3698 2842 3813 2913 γὰρ

2233 2940 2400 2997 αὑτοῦ
2430 2938 2708 3002 παντελῶς
2740 2937 3211 3007 ἀνασπασθείσης,
3251 2937 3358 2989 ’καὶ
3382 2936 3433 2987 οί
3471 2934 3654 2988 κλάδοι
3712 2934 3813 2987 καὶ

2229 3037 2299 3091 τὰ
2320 3034 2493 3104 φύλλα
2510 3031 3065 3101 συναπεσπάσθησαν,
3080 3032 3128 3083 εί
3151 3030 3225 3099 μή
3248 3046 3350 3082 που
3372 3025 3686 3096 προσθεῖναι
3703 3024 3814 3097 χρὴ

2242 3127 2492 3198 περὶτοῦ
2530 3130 2609 3199 μὴ
2640 3126 2865 3199 χρῄζειν
2891 3125 2973 3180 ἔτι
3030 3122 3308 3193 νηστείας,
3360 3125 3500 3194 μήτε
3556 3120 3812 3174 διδασκα-

2234 3217 2375 3284 λίας,
2406 3218 2545 3288 μήτε
2574 3216 2824 3288 φυλακῆς
2848 3232 2995 3281 τινος
3037 3216 3164 3280 τοὺς
3196 3214 3294 3285 τὴν
3319 3212 3683 3284 ὲπιφοίτησιν,
3733 3211 3814 3274 ὡς

2233 3311 2467 3383 εῐρηται,
2492 3308 2586 3363 τοῦ
2620 3309 2751 3380 παρ’
2781 3308 2964 3370 αὐτοῖς
2984 3306 3142 3376 ἀγίου
3201 3306 3522 3375 Πνεύματος
3576 3301 3813 3372 δεξαμέ-

2233 3421 2381 3469 νους.
2412 3403 2645 3467 Πολλοὺς
2687 3401 2797 3474 γὰρ
2828 3400 3010 3456 αὐτῶν
3034 3401 3062 3453 ὁ
3125 3398 3337 3470 δαίμων
3366 3396 3666 3468 πλανήσας,
3718 3395 3818 3449 καὶ

2235 3497 2457 3567 δόκησιν
2488 3496 2891 3566 ἑπιφοιτήσεως
2925 3492 3017 3547 τοῦ
3052 3491 3212 3562 ἁγίου
3242 3490 3559 3561 Πνεύματος
3582 3487 3816 3560 ἐμποιή-

2238 3605 2362 3654 σας,
2389 3587 2485 3641 καὶ
2514 3586 2799 3656 φαντάσας
2850 3584 3043 3640 ἐλαϐεν
3063 3585 3141 3649 είς
3169 3584 3241 3637 τὸν
3266 3583 3397 3651 ἑξῆς
3447 3581 3817 3651 ἀφυλάκτους,

2237 3683 2313 3747 ὠς
2352 3680 2584 3745 ἀπαθεῖς
2643 3681 2746 3751 ἤδη
2796 3676 3222 3749 γεγενημένους,
3283 3677 3379 3729 καὶ
3436 3675 3516 3738 είς
3565 3673 3819 3737 ποικίλας

2236 3774 2512 3846 ἁμαρτίας
2546 3773 2640 3827 καὶ
2660 3770 2999 3841 ἀκαθαρσίας
3019 3767 3271 3833 ἐλεεινῶς
3313 3767 3647 3835 ὲξεκύλισεν.
3692 3766 3818 3820 Ἀλ-

2241 3869 2310 3922 λὰ
2340 3868 2439 3921 καὶ
2465 3867 2526 3921 τὸ
2553 3866 2733 3935 λέγειν
2757 3863 3042 3932 αἰσθητῶς
3074 3863 3207 3933 ὁρᾷν
3262 3861 3361 3932 τὴν
3418 3859 3578 3928 ἁγίαν
3608 3857 3820 3931 Τριάδα

2238 3962 2340 4033 τὴν
2370 3960 2603 4032 ἀόρατον
2648 3961 2742 4014 καὶ
2768 3958 3029 4017 ἀνείδεον.
3068 3955 3321 4009 τουτέστι
3351 3955 3496 4009 κατά
3522 3952 3622 4025 τὴν
3650 3954 3819 4021 φύσιν

2240 4053 2436 4124 αὐτῆς,
2467 4051 2810 4122 ἀναισθήτων
2859 4050 3064 4116 πάντη,
3113 4050 3210 4102 καὶ
3240 4048 3507 4117 ἀνοήτων,
3570 4048 3663 4099 καὶ
3696 4046 3823 4100 ἀλο-

2241 4147 2445 4214 γίστων
2471 4144 2613 4197 ἐστί.
2641 4144 2778 4198 Θεὸν
2800 4143 2910 4213 γὰρ
2929 4142 3106 4204 οὐδεὶς
3155 4140 3373 4211 ἑώρακε.
3412 4137 3655 4203 πώποτε,
3675 4138 3825 4206 λέγω

2241 4236 2305 4306 δὴ
2335 4234 2436 4306 τὴν
2456 4233 2549 4288 τοῦ
2590 4232 2727 4288 Θεοῦ
2761 4233 2942 4302 φύσιν.
2976 4233 3086 4287 Καὶ
3117 4232 3203 4296 τίς
3249 4232 3277 4284 ὁ
3300 4231 3461 4285 τοῦτο
3511 4230 3822 4296 διδάσκωνς

2254 4329 2315 4382 ὀ
2363 4326 2655 4398 μονογενὴς
2686 4326 2818 4389 Υἱὸς
2848 4324 2878 4376 ὁ
2907 4323 2983 4378 ὣν
3006 4325 3086 4388 εἰς
3114 4324 3205 4378 τὸν
3233 4323 3431 4378 κόλπον
3456 4322 3551 4376 τοῦ
3582 4321 3823 4391 Πατρδς,

2242 4421 2319 4486 ὡς
2357 4422 2385 4475 ὁ
2425 4417 2819 4489 εύαγγελιστὴς
2893 4416 3144 4488 Ἰωάννης
3172 4417 3416 4487 εἴρηκεν.
3458 4416 3615 4469 Ὅσοι
3647 4414 3704 4468 δὲ
3731 4414 3826 4468 τὸν

554 4492 651 4544 sed
683 4505 744 4543 ex
793 4487 1069 4557 multiplici
1101 4486 1297 4555 specie,
1344 4501 1447 4555 qua
1478 4499 1537 4539 se
1577 4486 1747 4543 oeulis
1775 4502 1961 4545 eorum
2005 4493 2129 4550 alias

2246 4514 2376 4568 Θεὸν
2410 4486 3042 4583 ίδείννμεμαρτύρηνται,
3065 4486 3128 4563 ού
3164 4486 3307 4564 κατά
3338 4508 3439 4579 τὴν
3462 4507 3629 4561 αὐτοῦ
3662 4505 3829 4576 φύσιν
3848 4533 3873 4543 λ

556 4580 666 4636 alio
698 4582 854 4633 modo
882 4578 1231 4645 conSpicuum
1254 4578 1499 4645 prtebuit.

2250 4602 2389 4659 είδον
2422 4604 2605 4671 αύτδν,
2655 4603 2792 4657 ἀλλά
2851 4602 2994 4659 κατά
3041 4600 3333 4671 διαφόρους
3374 4600 3515 4663 ίδέας
3547 4613 3827 4666 συγκατα-

552 4689 850 4752 ϐαίνοντος
926 4689 1048 4751 ταῖς
1124 4687 1377 4751 ὀπτικαίς
1429 4687 1722 4759 δυνάμεσιν
1785 4690 2008 4757 αὐτῶν,
2086 4694 2182 4750 καὶ
2254 4698 2428 4760 ἄλλως
2501 4696 2690 4752 ἄλλοτε
2742 4694 3243 4767 σχηματιζομένου,
3333 4693 3430 4746 καὶ
3492 4690 3830 4761 παρεικαζο·

552 4782 753 4852 μένου.

632 4876 801 4929 Aiunt
820 4889 885 4927 ne
906 4874 1177 4942 apostolos
1196 4874 1411 4943 quidem
1442 4889 1471 4929 a
1492 4876 1801 4932 daemonum
1820 4878 1987 4934 fuisse
2010 4878 2145 4933 libe-

552 4982 653 5021 ros
678 4967 978 5019 dominatu.
1028 4965 1171 5020 Proh
1202 4965 1481 5035 impudens
1511 4968 1892 5024 maledictum!
1926 4969 2026 5036 llli,
2052 4970 2145 5039 qui

557 5060 835 5115 daemonas
862 5058 929 5111 ab
959 5055 1195 5112 obsessis
1228 5058 1595 5127 expellebant,
1621 5075 1726 5114 non
1752 5070 1908 5114 erant
1941 5060 2096 5114 liberi
2117 5074 2146 5116 a

553 5152 865 5204 dzcmonum
897 5148 1217 5203 dominatu?
1242 5148 1522 5215 Qumnodo
1556 5150 1720 5219 igitur
1742 5151 1883 5205 servi
1907 5152 2151 5206 dominos

556 5238 1062 5310 ax-rscquehantur?
1103 5238 1197 5306 qui
1232 5247 1551 5307 potestatem
1604 5251 1925 5309 acceperant
1955 5253 1987 5293 a
2019 5237 2150 5292 Ser—

558 5344 750 5387 Vatore
810 5346 915 5385 non
944 5332 1117 5386 solum
1146 5331 1419 5385 daemonas
1479 5330 1802 5398 expellendi,
1833 5331 1927 5386 sed
1979 5333 2139 5389 ctiam

559 5422 788 5479 curandi
819 5439 1031 5479 onmem
1068 5424 1313 5477 morbum
1339 5432 1393 5476 et
1411 5421 1743 5491 languorem,
1797 5416 2150 5496 calcaudique

560 5529 729 5586 super
754 5522 1049 5582 serpentes,
1073 5522 1127 5568 et
1151 5514 1485 5582 scorpiones,
1508 5520 1562 5567 et
1587 5513 1814 5584 denique
1846 5530 2005 5588 supra
2035 5531 2150 5572 om-

565 5621 689 5662 nem
707 5608 815 5659 vim
845 5604 1049 5660 inimici
1088 5605 1106 5635 ‘
1124 5604 1152 5657 '!

642 5798 661 5826 ³
707 5796 864 5852 Joan.
899 5799 937 5862 i,
982 5797 1063 5852 l8.
1141 5801 1161 5831 ³
1192 5798 1329 5853 Luc.
1364 5814 1418 5863 ι,
1454 5798 1539 5853 l9.

2313 4881 2600 4948 Λέγουσιν,
2625 4880 2708 4934 ὅτι
2736 4880 2845 4935 οὐδ’
2880 4881 2931 4935 οί
2966 4878 3260 4933 ἀπόστολοι
3293 4878 3395 4950 τῆς
3429 4877 3678 4944 ἐξουσίας
3708 4879 3820 4934 τῶν

2243 4972 2515 5043 δαιμόνων
2532 4969 2677 5044 ἦσαν
2717 4973 3028 5043 ἐλεύθεροι·
3088 4970 3261 5025 Βαϐαὶ
3308 4972 3409 5041 τῆς
3458 4971 3822 5042 ἀναισχύντου

2247 5064 2618 5137 βλασφημίαςι
2651 5067 2716 5121 Ol
2765 5068 2892 5130 τοὺς
2936 5065 3199 5135 δαίμονας
3251 5064 3361 5118 τῶν
3413 5065 3825 5137 ἐνεργουμένων

2249 5155 2646 5223 ἀπελαύνοντες
2674 5159 2778 5212 οὐκ
2804 5153 2943 5229 ἦσαν
2973 5156 3252 5227 ἐλεύθεροι
3280 5155 3379 5223 τῆς
3403 5157 3513 5209 τῶν
3544 5155 3825 5223 δαιμόνων

2250 5249 2641 5322 ὲπικρατείαςς
2673 5249 2783 5304 Καὶ
2814 5250 2933 5315 πῶς
2963 5249 3189 5304 ἐδίωκον
3218 5249 3271 5303 οί
3303 5249 3648 5312 δουλεύοντες
3692 5251 3826 5313 τοὺς

2249 5341 2693 5409 ὲξουσιάζονταςς
2728 5343 2777 5395 oi
2802 5342 3057 5407 λαϐόντες
3093 5340 3341 5407 ἔξουσίαν
3398 5341 3551 5413 παρὰ
3580 5339 3674 5393 τοῦ
3705 5341 3827 5393 Σω-

2248 5433 2414 5504 τῆρος
2448 5435 2525 5505 μὴ
2568 5433 2636 5488 τὰ
2663 5434 2922 5504 δαιμόνια
2959 5432 3120 5505 μόνον
3173 5420 3480 5499 ἐκϐαλλειν,
3544 5433 3681 5487 ἀλλά
3728 5434 3828 5488 καὶ

2242 5528 2576 5601 ,θεραπεύειν
2612 5528 2794 5580 πᾶσαν
2848 5527 3002 5580 νόσον
3036 5526 3133 5580 καὶ
3187 5526 3370 5580 πᾶσαν
3399 5524 3669 5596 μαλακίαν
3728 5528 3832 5582 καὶ

2248 5622 2444 5674 ,πατεῖν
2472 5618 2657 5672 ιπάνω
2686 5617 2865 5687 ὄφεων
2913 5615 3006 5672 καὶ
3061 5616 3340 5688 σκορπίων
3389 5617 3485 5670 ἐπὶ
3542 5614 3723 5670 πᾶσάν
3766 5632 3832 5670 τε

2248 5711 2479 5781 δύναμιν
2510 5710 2603 5764 τοῦ
2633 5709 2831 5780 ἐχθροῦ
2860 5729 2875 5777 ;
