4132 6414
328 373 471 439 1Ξ85

1258 353 1636 421 PANOPLIA
1678 345 2150 413 DOGMATlCA.
2188 366 2255 379 -ο
2287 344 2441 406 TtT.
2490 340 2710 405 XXVI.

3422 406 3423 409 γ
3483 326 3623 395 12.6

396 484 690 551 Λέγουσιν,
708 481 794 535 ὃτι
827 476 1175 533 συνοικοῦσιν
1194 474 1252 529 ἐν
1280 470 1363 543 τῷ
1377 467 1653 540 ἀνθρώπῳ
1669 463 1730 518 τὸ
1747 459 1920 517 Πνεῦ-

2093 456 2288 513 Dicunt
2310 455 2366 511 in
2399 453 2620 511 homine
2651 458 2708 508 et
2735 456 2987 508 sanctum
3014 444 3308 520 Spiritum,
3338 451 3393 499 et
3420 444 3623 500 daemo-

329 578 411 649 μά
440 593 501 630 τε
553 574 615 630 τὸ
640 574 797 643 ἅγιον
819 572 917 627 καὶ
953 573 982 625 ὀ
1010 570 1245 640 δαίμων.
1315 562 1481 619 Ἀλλά
1514 559 1631 623 πῶς
1666 552 1925 623 συνοική-

326 684 514 725 σουσιν
542 668 795 739 ἀλλήλοις
827 665 985 729 Θεὸς,
1014 662 1110 717 καὶ
1132 661 1377 729 δαίμων,
1406 655 1467 708 τὸ
1502 648 1921 723 καθαρώτατον,

328 760 423 815 καὶ⁸
457 758 678 814 πάντων
702 754 1188 825 ἀκαθαρτότατον;
1215 749 1278 804 τὸ
1300 746 1440 818 φῶς,
1465 746 1562 799 καὶ
1586 742 1650 796 τὸ
1685 741 1881 803 σκότος
1904 755 1920 805 ;

327 853 381 906 οἰ
409 851 551 905 κατά
580 850 880 920 διάμετρον
909 846 1164 917 ἀλλήλοις
1183 840 1562 913 ἐχθραίνοντες
1582 852 1598 902 ;
1621 835 1798 889 Ὅπου
1814 832 1925 901 γὰρ

330 940 668 1011 ἐπιδημήσω.
721 938 782 991 τὸ
814 936 1042 1006 Πνεῦμα
1074 935 1135 990 τὸ
1189 931 1370 1001 άγιον,
1426 924 1757 999 δραπετεύει
1810 922 1922 983 πᾶς

329 1031 544 1102 δαίμων
570 1029 790 1099 φεύγων
824 1028 995 1093 ὀξέως
1058 1027 1154 1080 καὶ
1192 1020 1632 1096 ἀμεταστρεπτὶ,
1664 1015 1922 1083 καθάπερ

332 1126 442 1180 ἀπὸ
465 1124 656 1194 πυρός.
680 1123 813 1185 Θεὸς
849 1120 948 1192 μὲν
979 1120 1092 1191 γὰρ
1111 1118 1175 1171 τὸ
1200 1114 1433 1183 Πνεῦμα
1461 1112 1524 1167 τὸ
1568 1111 1748 1178 άγιον·
1780 1108 1829 1161 sl
1862 1106 1923 1159 δὲ

332 1218 486 1284 Θεὸς,
517 1218 614 1270 καὶ
636 1215 747 1287 πῦρ
768 1212 1168 1270 καταναλίσκον
1190 1211 1286 1280 τὴν
1315 1206 1427 1261 τῶν
1456 1205 1730 1276 δαιμόνων
1770 1199 1924 1271 ἰσχύν

334 1316 446 1368 Καὶ
476 1313 536 1365 τὸ
571 1312 671 1382 μὲν
720 1311 915 1371 σκότος
964 1306 1155 1360 λύεται
1188 1306 1258 1375 τῇ
1290 1300 1568 1375 παρουσίᾳ
1597 1297 1692 1352 τοῦ
1722 1297 1922 1368 φωτὸς,

331 1406 438 1459 6δέ
474 1403 715 1474 πονηρὸς
769 1402 984 1472 δαίμων
1040 1399 1325 1452 ἐλαύνεται
1376 1392 1805 1466 βασανιζόμενος
1856 1389 1922 1460 τῇ

337 1495 568 1565 μάστιγι
598 1495 698 1562 τῆς
746 1492 1079 1561 ἐνοικήσεως
1112 1488 1209 1542 τοῦ
1246 1486 1403 1555 ἁγίου
1424 1484 1743 1553 Πνεύματος
1765 1496 1779 1511 ·
1810 1480 1925 1541 τοῖς

334 1589 444 1658 γὰρ
469 1586 611 1654 άγαν
640 1584 911 1648 ἐναντίοις
939 1583 1039 1636 οὐκ
1093 1581 1212 1635 ἐστι
1248 1577 1568 1647 συνοίκησις
1592 1591 1605 1604 ·
1639 1571 1925 1645 φθείρεται

335 1680 467 1753 γάρ,
502 1679 531 1751 ἢ
566 1677 854 1746 ἐξωθεῖται
875 1676 935 1728 τὸ
955 1659 1382 1743 ἀσθενέστερον.

408 1774 701 1842 Λέγουσιν,
736 1771 820 1823 ὅτι
841 1768 1007 1838 φύσει
1040 1766 1111 1820 τά
1138 1766 1310 1831 κακὰ,
1332 1764 1614 1818 τουτέστιν
1654 1763 1711 1817 αἱ
1743 1763 1923 1833 ἁμαρ-

332 1869 466 1924 τίαι.
512 1866 658 1938 Πρὸς
686 1863 781 1928 οὒς
839 1862 1219 1932 ἀντιλέγομεν,
1251 1858 1314 1912 El
1374 1856 1534 1927 φύσει
1569 1857 1637 1909 τὰ
1695 1855 1919 1910 τοιαῦτα

334 1962 505 2025 κακὰ,
544 1959 645 2030 τῆς
680 1956 901 2027 φύσεως
956 1954 1016 2008 δέ
1083 1949 1419 2024 δημιουργὸς
1470 1950 1499 2003 ὁ
1534 1948 1687 2011 Θεὸς,
1747 1947 1922 2011 αῐτιος

334 2054 443 2125 ἄρα
471 2050 580 2104 τῶν
614 2047 847 2103 κακῶνὸ
879 2045 1036 2110 Θεὸς,
1078 2046 1176 2098 καὶ
1204 2041 1330 2096 οὔτε
1355 2042 1560 2113 κρίσις,
1611 2039 1735 2092 οὔτε
1769 2039 1926 2092 κόλα-

337 2163 424 2210 σις
452 2144 607 2198 ἐσται
634 2143 745 2198 τῶν
777 2139 1230 2212 ἁμαρτανόντων,
1258 2136 1440 2202 καθὼς
1476 2134 1741 2203 ἀνωτέρω
1785 2148 1921 2203 προ-

334 2238 657 2308 δεδήλωται.
690 2234 801 2290 Καὶ
851 2232 1072 2305 ψευδεῖς
1114 2229 1216 2303 μέν
1264 2228 1323 2283 αἱ
1351 2228 1465 2292 τοῖς
1514 2224 1927 2298 ἁμαρτάνουσιν

336 2330 705 2404 ἡπειλημέναι
736 2326 1013 2392 κολάσεις,
1041 2323 1329 2394 ἀπατηλὸς
1382 2321 1441 2376 δέ
1472 2320 1573 2390 τῆς
1624 2317 1929 2391 μελλούσης

337 2426 579 2497 κρίσεως
628 2420 870 2491 ὸφόὸος.
922 2418 1005 2472 Τὰ
1029 2416 1139 2488 γὰρ
1194 2418 1263 2488 τῇ
1298 2417 1399 2487 τῇς
1433 2415 1651 2483 φύσεως
1708 2411 1928 2484 ἀνάγκη

337 2517 605 2587 γινόμενα
635 2509 982 2583 συγγνωστά,
1004 2509 1113 2565 κᾶν
1145 2506 1233 2581 εἴη
1259 2505 1753 2578 παγχάλεπα-Καὶ
1769 2503 1826 2558 ετ
1848 2521 1932 2568 τις

344 2606 581 2679 φυσικὴν
608 2601 750 2660 εἶναι
784 2602 1069 2658 πιστεύσει
1096 2601 1198 2673 τὴν
1239 2599 1547 2672 ἁμαρτίαν,
1601 2597 1934 2669 μετελεύσε-

342 2715 437 2753 ται
458 2698 675 2760 πάντως
702 2694 911 2767 ταύτην
941 2692 1117 2757 ἀδεῶς
1139 2691 1229 2746 διὰ
1256 2690 1357 2764 τὴν
1385 2688 1647 2761 λιτότητα
1684 2687 1781 2741 καὶ
1808 2687 1919 2759 ἡδοι

345 2794 444 2863 νὴν
470 2790 666 2861 αὐτῆς,
692 2790 770 2853 ὡς
801 2787 1224 2859 ἀνεπιτίμητον,
1283 2784 1381 2839 καὶ
1413 2782 1513 2855 τὴν
1543 2782 1807 2837 πλατεῖαν
1838 2782 1934 2834 καλ⁸

342 2886 660 2958 εὐρύχωρον
675 2882 795 2936 ὁδὸν
828 2880 1238 2953 άνθαιρήσεται.
1281 2876 1420 2932 Ἀλλ’
1449 2878 1499 2930 εί
1526 2873 1731 2946 ἀληθὴς
1759 2874 1788 2927 ὁ
1814 2871 1933 2926 Κύ-

347 2998 483 3053 ριος,
530 2981 563 3051 ἡ
623 2974 1009 3048 αὐτοαλήθεια,
1086 2972 1237 3043 Ἐγὼ
1297 2972 1443 3042 γὰρ,
1508 2968 1698 3040 φησὶν,
1752 2965 1933 3035 suam

346 3072 623 3142 ἀλήθεια·
680 3068 900 3132 πάντως
942 3065 1123 3138 ἀληθῆ
1153 3066 1249 3119 καὶ
1283 3065 1351 3117 τά
1406 3062 1538 3134 περὶ
1577 3060 1689 3114 τῶν
1743 3059 1935 3114 αἰωνί-

2028 564 2152 608 nem
2180 549 2451 617 habitare,
2501 548 2554 603 id
2590 554 2695 613 est,
2735 559 2852 601 rem
2885 542 3131 600 omnium
3169 536 3539 611 purissimam,
3567 547 3624 592 et

2027 642 2405 699 remomnium
2431 639 2877 711 impurissimum,
2915 637 3091 692 lucem
3122 644 3179 689 et
3213 628 3626 694 tenebras,dia-

2031 746 2207 792 metro
2236 735 2379 791 inter
2425 748 2485 788 se
2507 733 2902 801 discrepantes.
2944 724 3044 783 Ubi
3075 725 3223 781 enim
3280 733 3365 779 est
3390 721 3628 791 Spiritus

2026 835 2271 891 sanctus,
2292 825 2471 881 omnis
2491 823 2618 880 inde
2650 822 2855 878 recedit
2875 821 3108 884 daemon,
3133 826 3391 882 tanquam
3409 814 3477 871 ab
3503 814 3629 883 igne

2027 921 2099 975 ita
2127 920 2376 976 celeriter
2400 917 2705 989 aulugiens,
2756 923 2815 969 ut
2844 929 2951 969 non
2982 910 3258 983 respiciat.
3307 908 3453 963 Deus
3478 905 3626 960 enim

2025 1016 2109 1062 est
2137 1007 2373 1076 Spiritus
2401 1012 2647 1063 sanctus.
2675 1003 2827 1070 Quod
2860 1002 2904 1058 si
2951 1002 3097 1057 Deus
3135 1009 3241 1066 est,
3272 1006 3355 1053 est
3376 1006 3432 1053 et
3485 994 3629 1065 ignis

2026 1112 2353 1154 consumens
2379 1111 2543 1153 omne
2587 1096 2895 1153 daemonum
2922 1093 3108 1149 robur.
3140 1091 3220 1148 Ac
3240 1088 3479 1147 tenebrae
3501 1085 3628 1157 quia

2026 1191 2148 1246 dem
2177 1190 2331 1259 _lucis
2383 1190 2669 1259 praesentia
2717 1188 3070 1258 dissipantur.
3133 1183 3306 1240 Porro
3345 1182 3630 1253 improbus

2027 1283 2239 1338 daemon
2269 1283 2625 1339 inhabitantis
2653 1281 2891 1351 Spiritus
2916 1277 3132 1350 ﬂagello
3181 1276 3503 1333 verberatus
3527 1288 3626 1329 ex-

2026 1374 2241 1445 pellitur
2269 1392 2284 1428 :
2315 1375 2591 1430 contraria
2612 1374 2760 1429 enim
2777 1372 2941 1427 simul
2965 1370 3213 1427 habitare
3239 1384 3348 1425 non
3379 1373 3628 1439 possunt.

2028 1481 2152 1521 nam
2202 1465 2572 1538 corrumpitur
2603 1473 2658 1522 et
2685 1461 2997 1520 extruditur
3018 1461 3071 1517 id
3091 1460 3238 1533 quod
3262 1468 3352 1517 est
3384 1454 3632 1514 imbecil—

2027 1559 2157 1616 lius.

2094 1766 2303 1822 Natura
2335 1765 2521 1821 dicunt
2548 1777 2670 1821 esse
2715 1762 2885 1831 mala,
2947 1762 3002 1819 id
3025 1769 3112 1819 est
3152 1768 3398 1833 peccata.
3426 1758 3635 1827 Quibus

2025 1859 2418 1930 respondemus
2450 1875 2466 1914 :
2502 1857 2560 1913 Si
2587 1865 2779 1912 natura
2804 1862 2933 1912 sunt
2959 1852 3270 1924 huiusmodi
3296 1852 3458 1918 mala,
3492 1852 3635 1908 Deus

2023 1962 2207 2008 autem
2232 1962 2441 2006 naturae
2460 1949 2685 2006 eﬂ‘ector
2704 1955 2809 2015 est,
2837 1948 2978 2003 Deus
3004 1946 3272 2001 malorum
3306 1952 3390 2001 est
3408 1954 3623 2000 auctor.

2024 2043 2137 2101 Nec
2158 2043 2449 2116 judicium,
2475 2057 2575 2098 nec
2605 2039 3007 2096 animadversio
3046 2038 3154 2095 erit
3176 2037 3232 2094 in
3258 2050 3353 2093 eos
3388 2036 3480 2107 qui
3508 2049 3636 2107 pec-

2028 2147 2175 2203 cant,
2206 2145 2267 2191 ut
2293 2145 2419 2191 ante
2447 2133 2785 2192 declaratum
2813 2140 2919 2189 est.
2949 2131 3015 2188 Et
3046 2130 3196 2186 falsae
3223 2137 3349 2184 sunt
3370 2128 3631 2184 adversus

2027 2238 2344 2301 peccatores
2359 2226 2745 2298 suppliciorum
2766 2226 2946 2292 minae,
2961 2225 3241 2293 inanisque
3263 2220 3428 2276 futuri
3444 2219 3636 2292 iudicii

2032 2324 2222 2380 timor.
2251 2322 2384 2390 Quae
2414 2320 2560 2377 enim
2582 2329 2792 2374 natura:
2820 2318 3149 2373 necessitate
3190 2314 3634 2378 committuntur,

2030 2415 2157 2473 licet
2178 2415 2498 2488 gravissima
2520 2413 2653 2479 sint,
2676 2411 2890 2468 veniam
2921 2418 3221 2466 merentur.
3252 2407 3407 2475 Quod
3436 2407 3480 2463 si
3511 2408 3639 2477 quis

2033 2507 2298 2565 naturalia
2360 2505 2656 2563 crediderit
2685 2519 2807 2562 esse
2842 2510 3085 2574 peccata,
3111 2501 3179 2557 iis
3206 2514 3330 2557 sese
3344 2500 3462 2554 sine
3488 2509 3639 2554 metu

2036 2610 2259 2672 propter
2285 2599 2598 2656 facilitatem
2648 2596 3091 2668 voluptatemque
3132 2593 3306 2658 dabit,
3345 2600 3405 2647 ut
3439 2607 3639 2662 propo-

2034 2695 2136 2751 sita
2171 2692 2508 2765 impunitatis
2555 2706 2653 2761 spe
2683 2704 2778 2762 per
2830 2688 2971 2744 viam
3000 2691 3165 2741 tatam
3227 2694 3283 2740 et
3313 2684 3530 2756 planam
3557 2684 3641 2739 ln-

2035 2788 2215 2844 cedat.
2246 2787 2385 2841 Atsi
2403 2800 2565 2841 verax
2590 2792 2672 2840 est
2690 2782 2969 2847 Dominus,
2998 2780 3090 2851 qui
3133 2787 3219 2835 est
3244 2779 3360 2849 ipsa
3387 2779 3588 2833 veritas
3623 2794 3640 2832 :

2036 2877 2151 2951 Ego
2181 2880 2344 2946 enim,
2376 2878 2574 2949 inquit,
2611 2891 2730 2931 sum
2756 2875 2951 2929 veritas
2982 2873 3024 2936 ι,
3060 2886 3187 2927 vera
3214 2870 3376 2941 plane
3422 2879 3552 2926 sunt
3577 2885 3642 2925 ea

2036 2987 2158 3046 quae
2219 2973 2285 3029 de
2336 2969 2680 3042 sempiternis
2733 2965 3013 3037 suppliciis
3056 2972 3430 3018 memorantur
3465 2977 3482 3018 :
3516 2977 3642 3017 nam

2039 3069 2157 3138 ipse
2189 3069 2256 3123 de
2283 3066 2389 3121 illis
2419 3065 2631 3120 locutus
2661 3070 2764 3117 est.
2794 3059 2957 3126 Quod
2981 3058 3024 3113 si
3048 3071 3178 3113 vera
3206 3065 3336 3112 sunt
3374 3052 3645 3127 ejusmodi

347 3183 423 3220 ων
453 3165 754 3219 κολάσεων.
800 3160 975 3225 Αὐτὸς
1007 3160 1116 3229 γὰρ
1143 3156 1354 3223 ἐδίδαξε
1386 3156 1479 3210 καὶ
1526 3158 1655 3224 περὶ
1702 3155 1930 3207 τούτων.

2040 3159 2323 3233 supplicia,
2366 3165 2422 3213 et
2469 3155 2734 3226 judicium
2774 3151 2880 3208 erit
2927 3151 3189 3207 adversus
3225 3148 3347 3205 illos
3398 3149 3490 3218 qui
3516 3160 3645 3219 pec-

350 3256 414 3311 Εἰ
445 3256 502 3309 δέ
532 3252 754 3324 ἀληθεῖς
780 3251 1109 3305 αἱτοιαῦται
1149 3249 1425 3313 κολάσεις,
1495 3247 1652 3301 ἐσται
1685 3245 1780 3300 καὶ
1813 3240 1937 3314 κρί-

353 3368 436 3415 σις
463 3346 572 3403 τῶν
601 3343 1051 3420 ἁμαρτανόντων.
1075 3344 1138 3397 El
1164 3342 1220 3396 δὲ
1242 3341 1422 3414 κρίσις
1446 3339 1597 3394 ἔσται
1623 3340 1732 3393 τῶν
1756 3338 1940 3409 ἁμαρο

348 3444 644 3507 τανόντων,
679 3440 741 3493 οὐ
772 3436 1022 3510 φύσειτὰ
1052 3437 1224 3502 κακά,
1258 3434 1539 3489 τουτέστιν
1558 3434 1616 3489 αί
1643 3432 1937 3504 ἁμαρτίαι.

353 3537 418 3613 Εἰ
449 3537 508 3591 δέ
533 3534 610 3607 μὴ
634 3533 823 3604 φύσει,
879 3529 1206 3603 προαιρέσει
1250 3529 1493 3595 πάντως,
1542 3528 1638 3582 καὶ
1665 3523 1939 3598 ῥᾳθυμίᾳ,

351 3629 423 3686 δι’
448 3631 516 3702 ἢν
553 3626 1007 3699 κατακρίνονται,
1041 3624 1139 3678 καὶ
1163 3622 1491 3686 κολάζονται
1525 3620 1729 3685 πάντες
1763 3620 1813 3673 oi
1838 3622 1934 3690 ἐρο

353 3723 520 3794 γάται
566 3721 669 3793 τῆς
703 3717 1005 3791 ἁμαρτίας.

429 3813 722 3883 Λέγουσιν,
753 3812 835 3864 ὃτι
862 3806 1118 3879 μετὰτὴν
1144 3806 1298 3878 παρὰ
1343 3805 1456 3869 τοῖς
1487 3803 1717 3867 τελείοις
1761 3801 1945 3857 αὐτῶν

356 3904 633 3961 ἀπάθειαν
676 3901 937 3971 τοιαύτης
965 3898 1282 3953 αἰσθάνεται
1322 3899 1355 3969 ἡ
1393 3895 1542 3968 ψυχὴ
1575 3895 1797 3964 τούτων;
1826 3912 1912 3949 κοι

358 3998 559 4061 νωνίας
625 3993 986 4066 ἐγγινομένης
1035 3992 1176 4063 αὐτῇ
1229 3991 1384 4063 παρὰ
1440 3988 1538 4044 τοῦ
1604 3986 1943 4059 ἐπουρανίου

359 4092 621 4163 νυμφίου,
668 4090 789 4153 οἵας
821 4086 1140 4142 αἰσθάνεται
1158 4085 1297 4158 γυνὴ
1327 4082 1776 4148 συνουσιάζοντος
1806 4082 1947 4153 αὐτῇ

359 4188 456 4241 τοῦ
484 4186 700 4258 ἀνδρός.
730 4183 795 4237 Ὢ
832 4182 929 4254 τῆς
966 4180 1240 4252 προδήλου
1268 4174 1737 4249 φρενοϐλαὸείαςί
1772 4175 1820 4228 εί
1847 4176 1949 4245 τὴν

363 4278 672 4348 ἁγνοτάτην
716 4274 816 4330 καὶ
868 4271 1257 4341 ἀπαθεστάτην
1318 4268 1413 4324 τοῦ
1449 4267 1706 4339 Σωτῆρος
1755 4265 1950 4321 ἕνωσιν

365 4370 796 4445 ἐμπαθεστάτην
844 4365 1183 4438 ἡδυπάθειαν
1207 4362 1431 4428 οἴονται,
1461 4362 1557 4413 καὶ
1586 4359 1950 4432 καθυὸρίζου-

368 4482 455 4520 σιν
511 4464 678 4536 ἡδονῇ
740 4460 984 4532 ρεύσεως
1022 4456 1362 4527 παιδογόνων
1404 4452 1612 4525 μορίων
1660 4450 1951 4523 τολμηρῶς

366 4558 540 4629 αὐτὴν
575 4555 1032 4629 παρεικάζοντες.

439 4654 736 4722 Λέγουσιν,
790 4650 873 4704 ὅτι
904 4650 940 4722 ἡ
974 4646 1122 4719 ψυχὴ
1155 4646 1249 4702 τοῦ
1280 4647 1413 4720 παρ’
1453 4646 1639 4709 αὐτοῖς
1688 4644 1769 4708 εἰς
1807 4641 1953 4698 άπά-

368 4747 524 4801 θειαν
557 4741 863 4813 ἐφθακότος
890 4738 1301 4811 μεταϐάλλεται
1342 4740 1427 4802 είς
1460 4739 1559 4809 τὴν
1586 4736 1741 4791 θείαν
1770 4736 1956 4806 φύσιν.

381 4835 524 4889 Ἀλλ’
559 4834 608 4887 εί
656 4829 818 4885 τοῦτο
866 4826 936 4902 ἦν
968 4828 1194 4901 ἀληθὲς,
1240 4827 1456 4897 ἐγίνετο
1527 4826 1596 4881 ἂν
1640 4827 1738 4880 καὶ
1800 4826 1964 4896 φύσει

370 4928 505 4995 Θεὸς
548 4927 578 4980 ὀ
632 4920 1002 4994 μεταϐληθεὶς
1055 4920 1137 4984 είς
1176 4919 1274 4990 τὴν
1307 4918 1461 4974 θείαν
1509 4917 1694 4989 φύσιν.
1733 4916 1802 4975 Ἦ
1855 4918 1965 4991 γὰρ

372 5024 496 5081 θεία
544 5020 709 5092 φύσις
759 5016 925 5089 φύσει
957 5014 1115 5078 Θεός.
1146 5016 1259 5069 Καὶ
1291 5015 1416 5069 ἐπεὶ
1447 5013 1679 5077 πολλοὺς
1715 5013 1967 5083 λέγουσιν

373 5118 438 5185 ἐξ
476 5118 658 5171 αὐτῶν
697 5113 925 5185 φθάνειν
954 5112 1036 5175 εἰς
1062 5108 1356 5176 ἀπάθειαν,
1393 5107 1489 5162 καὶ
1523 5107 1963 5179 μεταϐάλλεσθαι

375 5213 457 5275 είς
483 5213 582 5282 τὴν
615 5208 768 5264 θείαν
795 5205 981 5277 φύσιν,
1013 5202 1202 5257 πολλοὶ
1230 5205 1341 5276 ἄρα
1371 5203 1532 5273 φύσει
1561 5201 1695 5268 θεοὶ,
1740 5204 1837 5256 καὶ
1864 5201 1964 5272 τὴν

387 5305 713 5379 Ἑλληνικὴν
736 5301 1031 5357 πολυθεῖαν
1060 5299 1492 5371 ὑπερϐάλλοντες
1509 5295 1689 5367 πολλῷ
1705 5295 1784 5367 τῷ
1810 5295 1967 5367 apto-

380 5399 491 5471 μῷ,
522 5398 619 5452 καὶ
644 5394 766 5450 οὐδὲ
794 5390 1317 5464 καταλαμδάνεσθαι
1346 5389 1654 5459 δυναμένῳ.

450 5491 687 5560 Λέγουσι
719 5488 944 5543 δυνατὸν
960 5482 1104 5541 εἶναι
1137 5483 1397 5552 δέξασθαι
1421 5483 1559 5553 μετὰ
1589 5481 1688 5553 τὴν
1710 5483 1841 5553 παρ’
1864 5484 1967 5535 αὖ·

376 5585 491 5647 τοῖς
529 5580 801 5636 ἀπάθειαν
855 5580 944 5634 τὸν
994 5578 1285 5649 ἄνθρωπον
1313 5575 1487 5647 αὐτὴν
1534 5572 1633 5651 την
1665 5572 1967 5628 ὑπόστασιν

380 5674 475 5729 τοῦ
508 5674 665 5744 ἁγίου
702 5672 1020 5743 Πνεύματος
1042 5670 1343 5741 αἰσθητῶς,
1366 5667 1464 5722 καὶ
1490 5668 1547 5722 ἐν
1579 5666 1731 5739 πάσῃ
1762 5665 1969 5736 πληρο-

457 5854 474 5884 ¹
506 5851 665 5910 Joan.
720 5867 835 5916 xw,
867 5850 920 5904 6.

2042 3262 2189 3312 cant.
2226 3252 2294 3308 Et
2316 3252 2361 3306 si
2421 3250 2682 3305 adversus
2710 3259 2804 3301 eos
2835 3245 2928 3315 qui
2962 3252 3190 3315 peccant
3224 3243 3329 3299 erit
3354 3241 3641 3314 iudicium,

2042 3349 2204 3414 mala,
2245 3347 2296 3403 id
2326 3353 2411 3401 est
2440 3354 2683 3416 peccata,
2704 3350 2896 3396 natura
2917 3355 3025 3394 non
3062 3347 3209 3395 sunt.
3236 3335 3392 3405 Quod
3423 3336 3467 3393 si
3488 3344 3648 3391 natu-

2043 3461 2099 3501 ra
2116 3458 2223 3499 non
2252 3450 2401 3510 sunt,
2430 3456 2459 3495 a
2487 3438 2765 3496 voluntate
2790 3435 3048 3492 nimirum
3076 3443 3128 3489 et
3157 3431 3369 3505 ignavia
3404 3429 3652 3495 proﬁcis-

2043 3547 2259 3602 cuntur,
2285 3546 2341 3591 et
2374 3534 2579 3590 idcirco
2609 3531 2908 3605 puniuntur
2922 3539 3116 3584 omnes
3131 3523 3363 3595 operarii
3392 3522 3622 3593 fuiquita

2046 3629 2138 3686 tis.

2117 3813 2312 3868 Dicunt
2335 3806 2544 3862 animas
2569 3818 2757 3861 eorum
2798 3802 2890 3873 qui
2912 3800 3052 3871 apud
3078 3799 3225 3870 ipsos
3242 3798 3468 3869 perfecti
3496 3805 3651 3865 sunt,

2047 3915 2171 3977 post
2220 3899 2674 3971 impatibilitatem
2726 3896 2891 3952 talem
2926 3910 2990 3950 ex
3039 3892 3280 3949 ccelestis
3332 3889 3528 3962 Sponsi
3563 3905 3652 3947 so-

2050 3999 2253 4055 cietate
2310 3995 2643 4064 voluptatem
2693 3994 2917 4056 sentire,
2974 3988 3194 4059 ‘qualem
3259 3985 3517 4042 mulieres
3579 4000 3644 4040 ex

2050 4095 2293 4151 virorum
2317 4088 2608 4147 concubitu
2638 4086 2901 4143 sentiunt.
2931 4082 3189 4140 nomines
3208 4083 3371 4154 plane
3420 4081 3649 4136 demen-

2052 4186 2268 4253 tissimi,
2289 4185 2382 4255 qui
2416 4179 2723 4238 Servatoris
2749 4177 3194 4248 coniunctionem
3231 4175 3379 4231 illam
3407 4174 3654 4231 castissi—

2050 4296 2220 4345 mam,
2246 4285 2302 4333 et
2329 4278 2397 4332 ab
2431 4274 2577 4331 omni
2622 4270 3031 4343 perturbatione
3061 4267 3473 4334 alienissimam,
3525 4282 3653 4339 per—

2055 4372 2427 4429 turbationum
2464 4378 2628 4439 atque
2658 4364 2938 4420 libidinum
2961 4363 3176 4433 plenam
3206 4360 3571 4427 arbitrantur,
3600 4370 3657 4417 et

2056 4478 2253 4534 magna
2281 4478 2404 4535 cum
2432 4458 2734 4533 ignominia
2759 4454 3053 4524 voluptatis
3091 4450 3261 4507 ﬂuxui
3286 4452 3557 4524 pudendis
3585 4466 3653 4507 ex

1988 4537 2031 4592 θ
2064 4557 2310 4631 partibus
2339 4552 2688 4625 provenienti
2718 4548 2950 4605 similem
2986 4548 3188 4600 audent
3214 4543 3508 4597 allirmarel

2118 4646 2317 4701 Dicunt
2343 4648 2606 4709 animam,
2628 4657 2748 4713 quae
2767 4639 2905 4711 apud
2932 4638 3080 4709 ipsos
3099 4636 3558 4708 impatibilitatem
3584 4636 3662 4692 sit

2050 4746 2323 4802 assecuta,
2354 4738 2409 4793 in
2440 4746 2703 4793 naturam
2727 4734 2962 4790 divinam
3002 4731 3270 4786 converti.
3304 4730 3461 4797 Quod
3484 4732 3533 4784 si
3566 4746 3657 4785 ve-

2054 4849 2174 4890 rum
2207 4840 2377 4899 esset,
2408 4840 2608 4886 natura
2660 4827 2906 4901 profecto
2949 4827 3105 4882 lieret
3154 4824 3296 4881 Deus
3336 4825 3444 4891 ille,
3475 4823 3568 4895 qui
3599 4825 3655 4879 in

2055 4934 2311 4980 naturam
2335 4918 2579 4976 divinam
2630 4919 2987 4976 convertitur.
3009 4916 3221 4972 Natura
3272 4914 3419 4970 enim
3475 4914 3660 4971 divina

2057 5016 2202 5073 Deus
2232 5024 2320 5072 est
2350 5011 2640 5069 naturalis.
2680 5008 2751 5067 Et
2794 5011 3053 5082 quoniam
3085 5024 3150 5066 ex
3202 5008 3446 5078 ipsorum
3494 5021 3663 5079 grege

2060 5109 2260 5183 multos
2286 5112 2541 5164 asserunt
2575 5103 2643 5159 ad
2679 5104 3140 5173 impatibilitatem
3164 5101 3480 5173 pervenire,
3513 5109 3571 5157 et
3603 5101 3658 5156 in

2061 5214 2311 5262 naturam
2364 5199 2602 5255 divinam
2636 5198 2906 5263 converti,
2951 5198 3285 5253 multierunt
3333 5202 3526 5249 natura
3561 5194 3659 5260 dii,

2062 5295 2153 5365 qui
2184 5308 2412 5350 numero
2466 5290 2703 5358 inﬁnito,
2738 5289 2971 5345 deorum
3018 5304 3157 5361 quos
3208 5296 3397 5361 gentes
3448 5288 3659 5343 conlin-

2064 5398 2200 5457 gunt
2231 5390 2497 5458 superent
2517 5383 2941 5440 multitudinem.

2138 5477 2283 5536 Fieri
2316 5493 2476 5551 posse
2520 5476 2734 5546 dicunt,
2767 5486 2827 5531 ut
2857 5476 3021 5531 homo
3054 5482 3174 5543 post
3206 5469 3664 5542 impatibilitatem

2070 5587 2233 5644 quam
2260 5571 2362 5643 ipsi
2392 5570 2631 5637 tradunt,
2683 5570 2854 5641 ipsam
2892 5566 3131 5638 Spiritus
3167 5564 3345 5619 sancti
3374 5575 3665 5635 personam

2073 5680 2236 5724 sensu
2266 5663 2553 5737 percipiat,
2591 5671 2646 5720 et
2672 5663 2723 5719 in
2755 5659 2903 5719 omni
2950 5656 3305 5730 plenitudine.
3348 5654 3459 5711 Nos
3482 5661 3667 5710 autem
