4132 6406
485 340 619 404 128Ἱ

1718 330 2107 396 EUTHYMII
2147 330 2515 394 ZIGABENI

3627 323 3763 389 ιξεδ

476 458 544 512 ad
568 458 714 524 ipsos
744 470 759 509 :
792 452 850 509 Si
880 467 1030 518 vera,
1052 450 1356 521 inquimus,
1389 458 1533 506 esset
1563 448 1706 519 apud
1738 464 1832 504 vos
1856 450 2068 519 impati-

2179 448 2367 520 φορίᾳ.
2397 446 2584 517 (inquit
2612 444 2670 501 δὲ
2693 444 2858 516 ἡμεῖς
2897 444 3035 516 πρὸς
3066 442 3267 508 αὐτοὺς
3289 457 3305 475 ⁸
3336 442 3402 497 Ei
3434 440 3536 511 μὲν
3555 439 3766 511 ἀληθὴς

480 546 686 613 bilitas,
719 560 784 600 ac
822 560 927 600 non
951 546 1169 598 omnino
1194 543 1352 609 falsa,
1387 557 1510 598 cum
1545 542 1678 597 lides
1712 553 1896 596 vestra
1920 540 2074 594 adul-

481 641 663 695 terina
688 639 1111 709 atqueimproba
1149 636 1448 707 rejiciatur,
1484 635 1551 690 ad
1591 634 1695 690 hoc
1721 633 1889 688 etiam
1917 639 2079 702 caput

485 732 967 800 responderemus.
1020 727 1212 781 Verum
1243 728 1369 797 quia
1394 741 1516 780 cum
1537 724 1660 779 aliis
1706 722 1901 778 vestris
1922 735 2081 775 exer-

483 825 831 880 citationibus
849 832 904 877 et
923 824 1024 877 ista
1046 822 1309 890 impressa
1329 831 1489 887 est,et
1509 820 1816 891 exploditur
1833 827 1894 871 ut
1919 830 2079 881 vana,

483 926 643 984 atque
713 915 1072 983 improbatur,
1126 926 1589 982 supervacaneum
1637 921 1720 965 est
1763 924 1827 964 ea
1889 906 2079 962 conari

485 1006 790 1069 confutare,
818 1020 938 1075 qua:
967 1020 1059 1074 per
1085 1018 1143 1059 se
1170 1012 1437 1058 corruunt
1489 1013 1540 1059 et
1568 1003 1717 1058 nulla
1749 1011 1899 1059 sunt.
1931 1000 2080 1055 Dici-

485 1115 604 1153 mus
654 1106 858 1161 antem,
917 1099 985 1152 ad
1036 1112 1131 1152 eos
1179 1097 1271 1168 qui
1320 1106 1692 1166 expurgantur
1750 1105 1809 1151 ut
1856 1095 2079 1161 debent,

482 1190 698 1246 Patrem
724 1202 778 1245 et
800 1189 994 1245 Filium
1021 1192 1280 1245 accedere
1306 1207 1320 1244 :
1357 1188 1468 1259 Ego
1496 1190 1667 1255 enim,
1702 1188 1876 1258 inquit
1898 1187 2082 1241 Domi-

483 1296 661 1351 nus,et
692 1282 854 1337 Pater
908 1285 975 1337 ad
996 1299 1113 1337 eum
1157 1284 1445 1347 veniemus,
1475 1291 1530 1336 et
1586 1282 1913 1335 mansionem
1934 1279 2078 1348 apud

482 1396 599 1433 eum
618 1379 870 1448 faciemus
921 1376 962 1431 ⁸.
994 1375 1096 1431 Ubi
1136 1384 1315 1439 autem
1360 1375 1519 1429 Pater
1573 1382 1628 1428 et
1675 1372 1845 1427 Filius
1872 1378 1974 1437 est,
2002 1369 2076 1423 ibi

488 1485 710 1541 prorsus
752 1478 836 1523 est
865 1467 1102 1535 Spiritus
1133 1475 1375 1522 sanctus.
1404 1465 1519 1521 Hoc
1552 1479 1682 1519 vero
1710 1471 1911 1519 sancta:
1950 1460 2077 1515 Tri-

484 1563 672 1615 nitatis
700 1560 1028 1615 domicilium
1063 1562 1135 1613 ita
1159 1559 1240 1626 ﬁt,
1276 1570 1335 1615 ut
1386 1557 1624 1614 hominis
1653 1555 1895 1611 conditio
1938 1554 2080 1623 pati-

488 1665 596 1718 tur,
636 1668 741 1706 non
784 1661 967 1704 autem
1003 1660 1062 1705 ut
1112 1659 1307 1705 natura
1337 1665 1397 1704 se
1429 1649 1593 1704 habet
1628 1650 1742 1718 ipsa
1789 1647 2073 1711 Dii/initas,

2182 535 2252 610 ἦν
2284 541 2319 610 ἡ
2343 538 2488 610 παρ’
2514 538 2647 608 ὑμῖν
2680 536 2940 603 ἀπάθεια,
2972 536 3068 590 καὶ
3097 535 3159 589 οὑ
3186 535 3363 606 πάντη
3410 531 3637 603 ψευδὴς,
3663 531 3762 583 ἅτε

2181 628 2282 698 τῆς
2310 628 2436 684 καθ’
2470 628 2625 698 ὑμᾶς
2668 627 2907 691 πίστεως
2942 624 3238 692 κακοδόξου
3277 626 3373 680 καὶ
3404 618 3769 691 διαϐεϐλημέ-

2183 735 2282 788 νης
2318 718 2700 789 ὑπαρχούσης,
2735 718 3163 790 ἀντειρήκειμεν
3184 718 3252 770 ἂν
3299 717 3395 771 καὶ
3434 714 3571 782 πρὸς
3616 709 3771 765 τουτὶ
3806 757 3810 759 Α

2180 808 2243 862 τὸ
2275 809 2592 879 κεφάλαιον·
2625 809 2749 866 insi.
2794 809 2851 862 δέ
2885 810 3025 878 μετά
3054 810 3154 880 τῆς
3198 809 3363 879 ἄλλης
3394 808 3550 879 ὑμῶν
3575 802 3761 878 ἀσκή-

2184 914 2324 961 σεως
2353 900 2853 970 παρακεχάρακται
2882 899 2978 952 καὶ
3007 899 3170 970 αὕτη,
3226 901 3323 952 καὶ
3350 899 3611 969 ἀδόκιμος
3637 903 3766 972 κρί-

2178 1006 2354 1055 νεται,
2426 992 2689 1063 περιττὸν
2750 991 3061 1060 ἀντιλέγειν
3105 993 3201 1046 ἐπὶ
3247 992 3358 1045 τῶν
3415 992 3628 1045 οῐκοθεν
3664 996 3766 1064 τὴν

2185 1084 2506 1155 ἀνατροπὴν
2536 1083 2792 1154 ἐχόντων.
2854 1083 3108 1154 Λέγομεν
3139 1084 3215 1147 δὲ,
3269 1084 3363 1137 καὶ
3403 1085 3764 1156 πιστεύομεν,

2180 1175 2263 1228 δτι
2298 1175 2436 1246 πρὸς
2463 1174 2555 1229 τὸν
2586 1175 3004 1247 κεκαθαρμένον
3031 1175 3107 1239 ὡς
3152 1176 3258 1247 χρὴ
3277 1175 3640 1247 καθαίρεσθαι
3675 1178 3767 1245 γί-

2182 1265 2333 1319 νεταί
2386 1282 2470 1329 τις
2499 1264 2771 1335 ἐπιδημία
2800 1263 3018 1319 καὶτοῦ
3074 1266 3287 1334 Πατρδς
3324 1266 3419 1318 καὶ
3459 1266 3555 1319 τοῦ
3606 1266 3761 1332 Υἱοῦ,

2181 1352 2364 1418 καθὼς
2415 1354 2635 1424 είρηκεν
2688 1340 2727 1407 ό¹
2749 1355 2979 1425 Κύριος,
3032 1354 3114 1408 ὅτι
3186 1354 3335 1425 Ἐγὼ
3369 1355 3530 1409 καὶὸ
3559 1357 3765 1427 Πατὴρ

2180 1444 2573 1512 ἐλευσόμεθα,
2605 1443 2707 1499 και
2752 1443 2956 1514 μονὴν
3007 1443 3148 1513 παρ’
3194 1444 3358 1511 αὐτῷ
3402 1445 3765 1515 ποιήσομεν.

2185 1534 2358 1587 Ὅπου
2391 1534 2448 1587 δὲ
2478 1535 2507 1587 ό
2544 1534 2738 1605 Πατὴρ
2762 1534 2856 1589 καὶ
2888 1535 2916 1587 ό
2945 1534 3095 1602 Υἱὸς,
3128 1536 3253 1589 ἐκεῖ
3303 1536 3525 1600 πάντως
3578 1540 3672 1591 καὶ
3701 1539 3765 1591 τὸ

2182 1624 2409 1695 Πνεῦμα
2433 1624 2492 1678 τὸ
2526 1626 2703 1694 ἅγιον.
2738 1625 2802 1679 Ἠ
2830 1624 2885 1679 δὲ
2912 1625 3013 1696 τῆς
3038 1628 3199 1693 ἁγίας
3230 1625 3458 1698 Τριάδος
3489 1628 3765 1699 ἐνοίκησις

484 1758 647 1815 quam
680 1752 867 1811 utpote
919 1741 1187 1796 inﬁnitam
1237 1749 1294 1798 et
1346 1717 1853 1809 incomprehensatn
1916 1736 2076 1792 nullae

2179 1718 2256 1782 ὡς
2285 1718 2512 1773 δυνατὸν
2546 1717 2826 1790 ἀνθρώπῳ
2851 1721 3047 1791 χωρεῖν
3075 1719 3248 1790 αὑτὴν
3272 1719 3505 1788 γίνεται,
3540 1720 3636 1776 καὶ
3665 1723 3767 1792 οὑχ

490 1850 577 1890 res
605 1836 829 1904 capiunt
864 1842 1182 1903 procreatae.

562 2011 726 2066 Binas
742 2012 888 2065 aiunt
908 2009 1176 2065 hominem
1201 2006 1400 2063 habere
1418 2005 1629 2061 animas
1663 2005 1882 2069 debere,
1909 2019 2074 2059 unam

488 2106 743 2161 omnibus
775 2103 1084 2158 hominibus
1111 2114 1479 2167 communem,
1502 2100 1732 2154 alteram
1775 2100 2073 2153 caelestem.

489 2198 547 2254 Si
581 2198 753 2253 libros
777 2196 863 2252 isti
888 2194 1173 2262 Mosaicos,
1209 2200 1262 2249 et
1292 2193 1429 2249 alios
1455 2191 1801 2263 propheticos
1824 2191 2076 2246 admitte-

492 2302 629 2357 rent,
654 2305 720 2345 ex
762 2289 868 2346 illis
898 2296 1214 2359 argumenta
1246 2300 1610 2349 sumeremus,
1636 2284 1834 2355 quibus
1849 2283 2067 2353 opinio-

491 2396 615 2437 nem
655 2379 813 2434 istam
855 2377 1044 2433 falsam
1086 2392 1208 2433 esse
1241 2377 1761 2433 demonstraremus.
1802 2374 1958 2429 Nunc
1980 2388 2076 2428 au-

490 2482 601 2527 tem
631 2472 888 2541 quoniam
904 2469 1215 2540 evangelica
1241 2478 1445 2523 tantum
1476 2479 1531 2524 et
1563 2468 1856 2539 apostolica
1873 2466 2075 2535 scripta

488 2581 551 2621 se
601 2564 891 2620 admittere
930 2562 1279 2627 conﬁtentur,
1312 2563 1536 2617 audiant
1572 2560 1700 2630 quid
1724 2559 1981 2614 Dominus
2004 2558 2074 2614 ad

490 2657 923 2728 aposwlosdicat
964 2654 1203 2722 :Nolite,
1253 2656 1447 2725 inquit,
1482 2655 1663 2709 timere
1686 2668 1772 2707 eos
1826 2653 1915 2720 qui
1939 2654 2076 2707 occi-

489 2750 621 2802 dunt
645 2765 856 2817 corpus,
885 2749 1117 2801 animam
1166 2757 1340 2801 autem
1390 2762 1491 2799 non
1546 2754 1762 2811 possunt
1809 2747 2072 2811 occidere;

489 2857 609 2896 eum
644 2842 816 2909 patiar
861 2840 1059 2904 timete,
1107 2841 1196 2909 qui
1231 2847 1399 2906 potest
1429 2848 1479 2893 et
1536 2840 1769 2893 animam
1803 2849 1853 2894 et
1888 2853 2075 2908 corpus

489 2931 703 3001 perdere
725 2931 767 2983 ².
823 2929 889 2984 Ει
905 2929 1104 2984 Paulus
1126 2931 1401 2999 apostolus
1423 2929 1478 2985 in
1501 2929 1712 2985 Troade
1733 2946 1857 2985 cum
1888 2942 2075 2985 omnes

494 3021 793 3091 Eutychem
826 3030 1097 3074 mortuum
1162 3020 1539 3075 existimarent
1577 3037 1591 3076 :
1630 3017 1834 3086 Nolite,
1873 3018 2073 3089 inquit,

2103 1787 2153 1848 Β
2179 1810 2256 1875 ὡς
2288 1812 2404 1882 ἔχει
2428 1787 2706 1881 φύσεως-ἡ
2730 1787 2955 1878 Osos-nc.
3002 1787 3312 1882 ‘Axtbpfl'tos
3328 1813 3438 1884 γὰρ
3454 1812 3595 1883 αὕτη
3613 1787 3767 1888 πάσῇ

2176 1906 2243 1973 τῇ
2279 1903 2456 1955 κτίσει
2480 1901 2567 1957 διὰ
2600 1900 2661 1954 τδ
2693 1899 2923 1972 ἄπειρον
2950 1901 3121 1971 αὐτῆς
3164 1901 3262 1954 καὶ
3300 1903 3575 1971 ἀόριστον.

2246 1994 2489 2062 Λέγουσι
2525 1991 2621 2046 δύο
2643 1992 2821 2063 ψυχὰς
2852 1992 3093 2062 ὀφείλειν
3150 1991 3296 2063 ἔχειν
3328 1994 3420 2046 τὸν
3453 1994 3763 2065 ἄνθρωπον,

2179 2085 2307 2155 μίαν
2334 2084 2437 2157 μὲν
2462 2085 2562 2156 τὴν
2588 2085 2776 2156 κοινὴν
2809 2083 3365 2155 ἀνθρώποιςηέτέραν
3387 2084 3444 2139 δὲ
3471 2085 3571 2157 τὴν
3601 2086 3761 2157 οὐράν

2177 2193 2312 2232 νιον.
2347 2177 2409 2229 El.
2443 2176 2542 2246 μὲν
2570 2171 2664 2230 οῦν
2696 2176 2940 2245 ἐδέχοντο
2987 2175 3084 2240 τὰς
3112 2193 3172 2229 τε
3206 2178 3504 2240 Μωσαῖκάς
3540 2180 3634 2232 καὶ
3662 2180 3765 2245 τὰς

2177 2267 2345 2329 ἄλλας
2396 2265 2748 2339 προφητικάς
2800 2267 3038 2335 βίὸλους,
3076 2267 3287 2320 ἐκεῖθεν
3318 2269 3384 2322 ἂν
3415 2268 3597 2335 αὐτοῖς
3620 2288 3767 2342 παρ-

2175 2358 2465 2430 ηγὰγομεν
2496 2359 2593 2422 τάς
2625 2358 2929 2426 ἀποδείξεις
2978 2359 3294 2431 ἐλέγχοντες
3344 2361 3403 2414 τὸ
3436 2361 3631 2431 ψεῦδος
3666 2364 3763 2417 τοῦ

2173 2450 2417 2505 τοιούτου
2445 2450 2737 2523 δόγματος·
2758 2453 2879 2504 ἐπεὶ
2891 2450 2949 2505 δὲ
2969 2450 3068 2516 τάς
3079 2469 3141 2505 τε
3165 2452 3527 2521 εὐαγγελικάς
3557 2456 3764 2520 καὶτὰς

2175 2543 2545 2606 ἀποστολικάς
2573 2545 2708 2607 τέως
2732 2543 3093 2614 ὁμολογοῦσιν
3144 2544 3488 2610 ἀσπάζεσθαι
3521 2544 3761 2617 βίϐλους,

2176 2636 2340 2705 φησὶν
2367 2638 2395 2689 ό
2424 2635 2631 2708 Κύριος
2669 2636 2805 2707 πρὸς
2854 2638 2980 2697 τοὺς
3012 2637 3348 2701 ἀποστόλους
3369 2654 3383 2668 ο
3419 2639 3515 2706 Μὴ
3560 2638 3764 2707 φοϐεῖ-

2175 2731 2287 2783 σθε
2314 2727 2434 2783 ἀπὸ
2491 2726 2611 2781 τῶν
2638 2727 3121 2782 ἀποκτεινόντων
3173 2728 3240 2782 τό
3274 2727 3448 2798 σῶμα
3469 2769 3483 2793 ,
3520 2730 3635 2798 τὴν
3684 2730 3756 2783 δὲ

2176 2819 2390 2890 ψυχὴν
2430 2820 2517 2889 μὴ
2582 2819 2941 2890 δυναμένων
2996 2820 3371 2875 ἀποκτεῖναν
3453 2823 3759 2892 φοϐήθητε

2178 2913 2247 2966 δὲ
2320 2910 2567 2983 μᾶλλον
2638 2915 2745 2967 τὸν
2817 2912 3161 2982 δυνάμενον
3219 2914 3317 2968 καὶ
3376 2914 3587 2984 ψυχὴν
3655 2916 3761 2969 καὶ

2175 3002 2349 3074 σῶμα
2388 3004 2707 3060 ἀπολέσαι.
2768 3005 2877 3060 Καὶ
2930 3003 3140 3068 Παῦλος
3187 3004 3247 3058 δὲ
3276 3008 3304 3058 ὁ
3336 3007 3660 3073 ἀπόστολος,
3700 3010 3759 3062 ἐν

492 3113 811 3183 perturbari,
841 3115 1021 3168 anima
1045 3114 1184 3169 enim
1213 3114 1328 3183 ejus
1358 3115 1413 3169 in
1444 3115 1556 3184 ipso
1584 3125 1661 3169 est
1692 3113 1733 3170 ⁸.
1763 3114 1881 3169 Alia
1903 3114 2067 3169 multa

2178 3097 2419 3169 Τρωάδι,
2465 3099 2685 3152 πάντων
2724 3097 3103 3167 ὑπειληφότων
3135 3098 3389 3154 τεθνάναι
3440 3100 3530 3151 τὸν
3580 3099 3762 3153 Εὑευ-

490 3206 793 3263 Onittimus
852 3205 1182 3269 testimonia,
1228 3205 1424 3275 quibus
1450 3206 1669 3277 planum
1713 3207 1774 3262 ﬁt
1826 3207 2073 3279 singulos

2176 3206 2290 3261 χον,
2326 3190 2454 3259 ἔφη·
2494 3189 2591 3257 Μὴ
2635 3189 3005 3259 θορυϐεῖσθε,
3055 3192 3093 3261 ἠ
3129 3191 3238 3262 γὰρ
3268 3189 3440 3260 ψυχὴ
3471 3187 3657 3247 αὐτοῦ
3690 3193 3763 3247 ὲν

496 3298 744 3355 homines
768 3297 1005 3369 singulas
1035 3296 1245 3351 animas
1283 3298 1507 3353 habere.

571 3563 904 3620 Clericorum
962 3563 1225 3620 simulant
1302 3561 1642 3631 electionem,
1698 3565 2071 3636 diaconorum,

500 3656 949 3727 sacerdotumque
1005 3657 1231 3728 gradum
1281 3656 1618 3725 invadentes,
1649 3665 1707 3713 ut
1751 3670 2074 3730 potestatem

498 3751 675 3806 solum
696 3750 980 3818 quamdam
998 3760 1053 3804 et
1077 3750 1453 3804 auctoritatem
1470 3753 2076 3823 arrogent.Quin_etiam

501 3843 888 3894 monachorum
943 3839 1182 3894 habitum
1235 3840 1488 3909 induunt,
1524 3849 1583 3896 ut
1634 3841 1856 3913 lateant,
1896 3845 2077 3901 multi-

502 3932 847 4001 tudincmque
874 3930 1168 4001 decipiant.

577 4092 617 4144 Α
650 4105 900 4145 manuum
946 4090 1225 4150 laboribus
1252 4093 1562 4161 abhorrent,
1608 4095 1855 4169 neglecto
1883 4111 2079 4168 magno

500 4182 690 4252 Paulo,
716 4186 805 4255 qui
829 4185 963 4240 dicit
984 4204 998 4240 :
1016 4184 1074 4241 Si
1094 4187 1211 4256 quis
1229 4203 1331 4241 non
1348 4188 1571 4257 laborat,
1590 4204 1694 4243 non
1736 4192 2012 4245 manducet
2034 4190 2078 4247 ‘.

504 4274 569 4329 Et
592 4291 806 4332 rursum
841 4294 856 4331 :
891 4281 1084 4332 Manus
1123 4280 1205 4331 lue
1238 4279 1779 4346 ministraruntmihi,
1813 4290 1861 4336 et
1892 4283 1959 4336 iis
1987 4283 2079 4351 qui

503 4384 701 4422 mecum
728 4378 878 4422 erant
924 4371 967 4425 '.
1024 4369 1135 4425 Nec
1166 4372 1609 4428 animadvertunt
1638 4374 1888 4430 homines
1907 4375 2078 4447 ignari

2171 3280 2571 3349 αὑτῷ,ἐστιν,ι
2604 3283 2689 3336 ἵνα
2712 3285 2808 3347 τάς
2825 3282 2992 3347 άλλας
3022 3283 3327 3355 μαρτυρίας
3349 3284 3551 3348 πολλὰς
3584 3283 3761 3347 οὔσας

2172 3376 2447 3446 ἐάσωμεν,
2477 3374 2535 3427 αἳ
2570 3375 2702 3447 μίαν
2745 3375 2927 3447 ψυχὴν
2972 3375 3193 3447 ἑκάστῳ
3245 3375 3525 3447 ἀνθρώπῳ
3592 3393 3763 3449 προσ-

2178 3467 2552 3540 μαρτυροῦσι.

2244 3561 2358 3631 Τὴν
2390 3560 2499 3613 τῶν
2530 3559 2808 3632 κληρικῶν
2835 3559 3217 3630 ὑποκρίνονται
3239 3557 3573 3629 χειροτονίαν
3617 3559 3757 3630 βαθ-

2178 3650 2282 3722 μοῦ
2323 3651 2513 3725 ἱερέων
2550 3653 2644 3704 καὶ
2683 3651 2945 3705 διακόνων
3015 3650 3388 3714 ἐπιϐαίνοντες
3411 3690 3427 3717 ,
3466 3652 3551 3705 ἵνα
3596 3652 3762 3721 μόνον

2177 3745 2427 3808 ἐξουσίαν
2450 3743 2571 3797 τινά
2596 3744 2692 3797 καὶ
2719 3743 3005 3797 αὑθεντίαν
3033 3744 3245 3806 ἑαυτοῖς
3271 3746 3760 3813 περιποιήσωνται.

2176 3833 2287 3889 Ναὶ
2333 3832 2441 3905 μὴν
2482 3832 2578 3887 καὶ
2606 3833 2667 3886 τὸ
2719 3832 2826 3885 τῶν
2878 3832 3128 3905 μοναχῶν
3163 3832 3488 3886 ὑποδύονται
3536 3832 3759 3902 σχῆμα,

2176 3922 2461 3979 λανθάνειν
2488 3920 2577 3976 διὰ
2612 3922 2805 3976 τούτου
2835 3921 3190 3993 βουλόμενοι,
3242 3923 3333 3975 καὶ
3368 3922 3493 3985 τοῦς
3535 3923 3761 3987 πολλοὺς

2179 4016 2419 4087 ἀπατᾷν.

2251 4107 2362 4178 Τὴν
2385 4105 2473 4159 διὰ
2490 4107 2599 4158 τῶν
2625 4100 2823 4176 χειρῶν
2845 4104 3108 4175 ἐργασίαν
3126 4106 3566 4175 ἀποστρέφονται
3588 4122 3761 4159 κατα-

2181 4193 2510 4267 φρονοῦντες
2549 4193 2644 4246 τοῦ
2679 4194 2916 4263 μεγάλου
2954 4194 3167 4246 Παύλου
3212 4194 3461 4263 λέγοντος
3488 4209 3507 4229 ο
3546 4195 3624 4249 El
3670 4212 3762 4263 τις

2181 4292 2254 4344 οὐ
2284 4284 2844 4356 θέλειὲργάζὲσθαι,
2897 4286 3058 4356 μηδὲ
3100 4286 3348 4341 ἐσθιέτω
3377 4303 3393 4320 ·
3438 4288 3531 4341 καὶ
3575 4289 3762 4342 πάλιν

2181 4383 2251 4436 Al
2283 4380 2473 4449 χεῖρες
2513 4375 2689 4434 αὗται
2733 4376 3110 4446 διηκόνησαν
3134 4376 3298 4447 ἐμοὶ,
3348 4378 3446 4431 καὶ
3486 4378 3613 4455 τοῖς
3639 4380 3763 4431 σὺν

501 4476 565 4514 ex
593 4460 782 4515 inertia
826 4471 989 4532 atque
1015 4462 1128 4519 otio
1151 4471 1265 4518 tum
1289 4466 1447 4520 solita
1482 4466 1613 4521 vitia
1636 4468 1929 4537 proﬁcisci,
1964 4478 2073 4524 tum

2186 4474 2317 4545 ἐμοι
2338 4492 2352 4507 ι
2386 4476 2481 4527 καὶ
2510 4469 2849 4541 ἀγνοοῦντες,
2877 4470 2952 4533 ὠς
2979 4470 3177 4535 ἔοικεν,
3209 4470 3292 4523 ὅτι
3319 4471 3351 4540 ἡ
3376 4472 3540 4539 ἀργία
3569 4472 3663 4525 καὶ
3691 4474 3762 4525 τά

503 4552 715 4606 insolita
738 4551 894 4619 disci,
925 4562 1036 4607 tum
1066 4555 1311 4623 corporis
1337 4556 1578 4612 membra
1614 4556 1719 4614 illis
1752 4572 1874 4616 esse
1896 4562 2073 4629 oneri,

2185 4566 2389 4636 συνήθη
2419 4562 2565 4633 πάθη
2602 4563 2762 4627 κινεῖ,
2804 4562 2898 4613 καὶ
2920 4560 2988 4615 τὰ
3017 4560 3093 4631 μὴ
3136 4563 3341 4632 συνήθη
3371 4563 3635 4626 διδάσκει,
3665 4568 3763 4616 καὶ

503 4648 594 4715 qui
634 4647 712 4702 eis
744 4661 848 4701 non
886 4656 1129 4702 utuntur.

572 4738 995 4804 Postulantibus,
1046 4748 1099 4796 et
1136 4741 1342 4810 egenis,
1375 4757 1436 4797 ac
1466 4742 1811 4813 pauperibus,
1868 4758 1960 4801 aut
2022 4748 2079 4803 in

502 4832 685 4900 aliqua
735 4832 1048 4887 calamitate
1106 4835 1417 4889 constitutis
1449 4834 1581 4889 nihil
1635 4836 2075 4907 impertiendum,

504 4932 596 4976 aut
643 4926 1094 4979 commodandum
1151 4940 1272 4981 esse
1308 4928 1518 4990 dicunt,
1552 4929 1665 4984 scd'
1700 4934 2078 4989 tantummodo

504 5014 876 5070 admonendos
922 5031 1187 5087 pauperes
1232 5018 1423 5088 spiritu
1448 5034 1480 5073 a
1516 5020 1744 5075 Domino
1769 5024 1956 5078 beatos
1982 5039 2077 5093 ap-

504 5106 714 5177 pellari.
749 5105 857 5175 Ego
893 5120 1021 5162 vero
1050 5109 1129 5164 sic
1158 5109 1291 5164 istos
1332 5112 1666 5181 compellabo
1693 5131 1705 5167 :
1737 5111 1781 5167 0
1807 5115 1903 5168 viri
1928 5116 2077 5181 boni,

506 5199 729 5255 nescitis
761 5198 1043 5254 Dominum
1076 5202 1397 5271 praecepisse
1453 5212 1511 5256 ut
1554 5203 1807 5259 omnibus
1847 5208 2079 5274 petenti-

506 5292 608 5345 bus
631 5292 933 5344 tribuamus
967 5306 982 5344 :
1019 5290 1177 5345 Omni
1214 5293 1381 5358 enim,
1406 5294 1599 5361 inquit,
1631 5296 1875 5362 petentia
1903 5305 1951 5348 te
1981 5297 2079 5350 tri-

501 5382 596 5434 bue
628 5380 671 5434 ⁶.
718 5380 909 5437 Vestra
936 5392 1115 5437 autem
1144 5383 1399 5452 iniquitas
1433 5384 1594 5438 celari
1616 5402 1721 5439 non
1758 5398 1952 5457 potest,
1982 5391 2074 5458 qui

504 5484 568 5522 ea
617 5484 739 5538 qua:
780 5482 902 5525 sunt
933 5487 1226 5542 pauperum
1288 5475 1354 5528 ad
1383 5488 1479 5529 vos
1522 5476 1756 5539 trahitis,
1782 5487 1838 5531 et
1885 5481 2080 5535 vestris

504 5563 825 5627 commodis,
860 5565 1246 5635 voluptatibus,
1267 5577 1429 5636 atque
1449 5566 1659 5623 deliciis
1700 5578 1907 5624 tantmn
1944 5586 2077 5627 con-

2180 4659 2263 4712 ὅτι
2298 4660 2366 4711 τὰ
2392 4658 2528 4728 μέλη
2552 4655 2647 4709 τοῦ
2679 4654 2931 4725 σώματος
2962 4655 3158 4725 φορτία
3185 4658 3298 4717 τοῖς
3323 4658 3397 4726 μὴ
3431 4656 3760 4727 χρωμένοις.

2249 4746 2618 4817 Νομοθετοῦσι
2670 4745 2745 4816 μὴ
2795 4745 2902 4798 δεῖν
2967 4744 3306 4814 μεταδιδόναι
3366 4747 3474 4808 τοῖς
3526 4762 3759 4815 προσαι-

2177 4840 2399 4904 τοῦσιν,
2445 4839 2480 4908 ἢ
2527 4840 2640 4900 τοῖς
2686 4837 2861 4901 ἄλλως
2894 4838 3091 4907 πένησι
3140 4838 3233 4889 καὶ
3278 4839 3546 4907 πτωχοῖς,
3579 4838 3612 4908 ἢ
3644 4841 3759 4902 τοῖς

2178 4929 2300 4985 καθ’
2350 4929 2654 4999 οἱανδήτινα
2700 4928 3019 4999 περίστασιν
3075 4928 3345 4998 δεομένοις
3388 4928 3757 5001 ἐλεημοσύνης

2179 5025 2275 5077 καὶ
2314 5022 2658 5093 μεταδόσεως
2680 5063 2696 5090 ,
2738 5021 2852 5074 ἀλλ’
2884 5023 3068 5084 αὐτοῖς
3101 5022 3312 5090 μόνοις,
3358 5021 3603 5089 λέγοντες
3631 5025 3759 5074 ἐαυ-

2174 5117 2301 5180 sub;
2334 5110 2474 5168 εἶναι
2504 5115 2631 5177 τοὺς
2661 5113 2913 5183 πτωχοὺς
2943 5113 3023 5183 τῷ
3060 5113 3370 5183 πνεύματι,
3410 5112 3504 5177 οὒς
3544 5116 3758 5184 ἐμακάο

2180 5223 2327 5277 ρισεν
2379 5205 2407 5256 ὁ
2456 5205 2681 5275 Κύριος.
2752 5204 2890 5270 Ἐγὼ
2936 5204 2991 5256 δὲ
3028 5204 3192 5274 φαίην
3224 5204 3291 5257 ἂν
3329 5203 3465 5273 πρὸς
3516 5203 3755 5268 αὐτούς.

2188 5298 2325 5352 Ἀλλ’
2355 5298 2383 5348 ό
2414 5298 2645 5365 Κύριος,
2685 5287 2730 5347 ὦ
2760 5289 2907 5348 οὗτοι
2932 5335 2947 5360 ,
2982 5296 3118 5348 πᾶσι
3149 5298 3259 5357 τοῖς
3283 5295 3556 5365 δεομένοις
3591 5313 3759 5366 μετα-

2178 5390 2378 5443 διδόναι
2400 5387 2720 5457 προσέταξεο
2742 5386 2926 5439 Παντὶ
2950 5388 3081 5455 γὰρ,
3105 5388 3258 5454 φησι,
3282 5384 3359 5451 τῷ
3374 5388 3640 5442 αἰτοῦντί
3653 5402 3759 5445 σοι

2178 5483 2373 5537 δίδου.
2413 5481 2605 5552 Ὑμεῖς
2639 5479 2694 5532 δὲ
2727 5479 2789 5532 οὑ
2838 5479 3103 5548 λελήθατε
3132 5480 3269 5550 πρὸς
3301 5482 3526 5543 ἑαυτοὺς
3554 5481 3623 5535 τά
3646 5481 3757 5537 τῶν

2180 5578 2428 5646 πενήτων
2467 5572 2821 5643 μεθέλκοντες
2843 5608 2859 5635 ,
2916 5571 3013 5623 καὶ
3059 5572 3193 5643 πρὸς
3226 5572 3394 5645 μόνην
3422 5572 3521 5643 τὴν
3548 5574 3757 5626 οἰκείαν

576 5741 593 5774 ⁸
618 5738 775 5795 Joan.
809 5757 921 5809 xw,
954 5742 1044 5797 23.
1121 5746 1140 5775 ⁸
1172 5745 1363 5803 Matth.
1403 5763 1455 5815 κ,
1484 5747 1576 5804 28.
1653 5750 1671 5782 ³
1698 5754 1818 5808 Act.
1851 5770 1942 5822 xx,
1981 5754 2066 5811 ιο.

2192 5754 2235 5810 ll
2255 5754 2445 5809 Thess.
2468 5752 2643 5819 111,10.
2719 5754 2740 5785 '
2767 5751 2889 5807 Act.
2913 5766 3008 5819 xx,
3030 5751 3119 5808 54.
3202 5751 3221 5782 ⁶
3245 5751 3382 5810 Luc.
3406 5769 3482 5819 τι,
3524 5753 3613 5811 50.
