4132 6406
409 367 546 438 1289

1310 376 1684 436 PANOPLIA
1733 377 2196 438 DOGMATICA.
2237 403 2305 412 -
2339 377 2490 438 TIT.
2529 378 2778 438 XXVII.

3549 368 3687 445 1290

403 487 706 540 εὐπάθειαν
737 485 995 556 ὁρῶντες,
1023 484 1116 538 καὶ
1147 483 1360 555 τρυφὴν
1396 487 1608 548 ἐαυτοῖς
1636 489 1984 557 παρσισκευά⁴

2097 487 2295 543 snlitis.
2333 487 2616 554 Quomodo
2650 489 2817 552 enim,
2847 497 2939 542 aut
2979 488 3121 541 unde
3153 503 3246 542 vos
3285 504 3550 558 pauperes
3573 491 3689 560 spi-

400 579 607 641 ζοντες.
653 577 774 639 Πῶς
811 577 918 646 γὰρ
941 617 956 640 ,
995 575 1028 648 ἢ
1070 576 1234 629 πόθεν
1271 577 1428 648 ὑμεῖς
1459 579 1665 648 πτωχοὶ
1705 580 1907 649 μᾶλλον
1937 580 1992 632 ἐν

398 668 623 735 ἀρεταῖς
674 665 859 730 ὄντες,
914 670 1006 717 καὶ
1059 665 1413 730 πλουτοῦντες
1467 669 1525 720 ἐν
1583 670 1719 720 πᾶσι
1766 672 1990 735 κακοῖς;

401 755 618 825 Σαπρδν
649 756 758 827 γάρ
798 757 1018 828 δένδρον
1052 758 1113 810 οὐ
1163 760 1310 810 ποιεῖ
1341 761 1590 830 καρποὺς
1639 762 1868 824 καλοὺς,
1904 764 1994 815 καὶ

403 847 693 913 κακόδοξος
730 846 791 899 οὐ
834 848 1059 901 δύναται
1105 853 1474 920 καρποφορεῖν
1507 853 1730 923 ἀρετήν.
1775 853 1995 923 Πτωχὸς

505 924 532 944 ί

399 938 456 992 δὲ
489 938 565 1008 τῷ
595 939 868 1004 πνεύματι
912 942 1020 1004 πᾶς
1054 943 1080 992 ὁ
1115 941 1202 994 διὰ
1237 941 1370 995 Θεὸν
1413 943 1688 1006 ταπεινός.
1744 946 1835 996 Δεῖ
1879 948 1986 1016 γὰρ

401 1029 695 1083 πιστεῦσαι
728 1032 946 1101 πρῶτον
969 1074 983 1098 ,
1015 1031 1138 1087 εἶτα
1167 1033 1277 1086 τῶν
1307 1034 1517 1104 ἀρετῶν
1545 1035 1913 1106 ἀπάρξασθαι.

2095 582 2221 645 ritu,
2253 583 2341 648 qui
2371 580 2423 634 in
2447 580 2738 633 virtutibus
2783 581 2960 648 potius
3006 580 3194 648 inopes
3230 581 3382 644 estis,
3431 579 3690 635 etin'om-
3729 598 3736 654 ς

2096 673 2256 728 nibus
2319 673 2466 727 vitiis
2521 673 2850 727 abundatis?
2909 673 3046 727 Mala
3081 675 3227 727 enim
3278 674 3442 730 arbor
3483 674 3691 728 fructus

2099 766 2266 819 bonos
2299 782 2402 819 non
2444 767 2595 832 facit,
2635 777 2684 821 el
2721 769 2995 838 quiprave
3034 769 3314 822 institutus
3350 778 3427 823 est
3471 769 3691 822 virtutis

2099 857 2333 910 fructum
2367 858 2509 910 ferre
2534 875 2640 910 nun
2674 867 2879 927 potest.
2926 858 3141 927 Pauper
3171 871 3253 914 est
3287 861 3503 930 Spiritu,
3539 862 3688 930 quis-

2096 951 2218 1019 quis
2271 961 2492 1019 prOpter
2524 951 2688 1004 Deum
2727 951 2946 1007 humilis
3006 961 3107 1005 est.
3160 953 3447 1007 IIumilitas
3506 963 3686 1008 autem

2096 1042 2375 1111 animique
2401 1044 2689 1096 sulnnissio
2716 1045 2973 1097 virtutum
2999 1055 3078 1097 est
3111 1043 3554 1099 fundamentum:
3589 1059 3689 1099 nec

403 1122 534 1182 illud
609 1127 900 1179 obscurum
937 1138 1043 1195 est,
1079 1130 1288 1181 tideletn
1353 1143 1472 1182 esse
1501 1131 1592 1198 qui
1654 1141 1875 1199 propter
1906 1131 2074 1186 Deum
2116 1134 2332 1188 humilis
2367 1147 2470 1190 est.
2507 1135 2742 1190 Ριὶιιιιιιιι
2775 1137 2918 1190 enim
2951 1145 3160 1207 oportet
3194 1137 3439 1204 credere,
3494 1137 3687 1192 deinde

404 1218 634 1274 virtutes
663 1222 863 1277 colere.

472 1309 676 1361 Λύουσι
732 1311 822 1362 τὸν
873 1312 1050 1381 γάμον
1081 1313 1260 1365 καίτοι
1309 1312 1402 1366 τοῦ
1456 1315 1662 1384 Κυρίου
1703 1315 1990 1384 λέγοντος,

400 1401 481 1454 ὅτι
501 1403 557 1453 Ἃ
583 1405 614 1454 o'
645 1403 789 1468 Θεός
817 1403 1203 1469 συνέζευξεν,
1233 1404 1547 1473 ἄνθρωπος
1564 1407 1651 1476 μὴ
1678 1407 1992 1476 χωριζέτω,

402 1499 496 1547 καὶ
539 1496 628 1546 τὸν
674 1497 731 1546 ἐν
780 1497 934 1567 Κανᾷ
965 1499 1143 1565 γάμον
1177 1499 1243 1568 τῇ
1294 1499 1570 1568 παρουσίᾳ
1615 1501 1988 1569 τιμήσαντος,

401 1586 495 1634 καὶ
555 1584 649 1634 τοῦ
705 1586 980 1654 μακαρίου
1043 1585 1257 1637 Παύλου
1312 1587 1650 1655 γράφοντος,
1716 1588 1910 1656 Τίμιος
1961 1590 1993 1640 ό

399 1675 610 1743 γάμος,
645 1675 744 1726 καὶ
776 1675 810 1742 ἡ
838 1676 1009 1740 κοίτη
1035 1677 1348 1744 ἀμίαντος.
1387 1677 1682 1730 Κάνταῦθα
1713 1677 1991 1749 προδήλως

398 1765 773 1817 ἐναντιοῦνται
804 1765 882 1835 τῷ
913 1783 971 1817 τε
1004 1767 1228 1836 Χριστῷ
1273 1769 1367 1819 καὶ
1397 1769 1509 1830 τοῖς
1550 1770 1871 1832 ἀποστόλοις
1892 1811 1906 1836 ,
1939 1767 1987 1821 οἳ

395 1859 507 1918 τοῖς
543 1855 994 1927 βδελυσσομένοις
1027 1861 1116 1910 τον
1144 1859 1323 1927 γάμον
1357 1860 1706 1929 ἐπιτιμῶσιν.

480 1949 872 2018 Ἐπιτρέπουσι
935 1953 1049 2012 τοῖς
1116 1950 1460 2019 βουλομένοις
1533 1952 1866 2003 ἀποκόπτειν
1917 1949 1986 2001 τὰ

393 2041 691 2108 παιδογόνα
753 2041 965 2110 μόρια,
1026 2042 1124 2094 καί⁸
1182 2044 1624 2111 παραχαράττειν
1684 2041 1825 2093 οὓτω
1889 2041 1986 2111 τὴν

395 2132 559 2202 φύσιν
587 2173 601 2193 ,
664 2132 759 2184 καὶ
809 2133 1252 2203 ἀκρωτηριάζειν
1282 2133 1390 2184 τῶν
1422 2135 1515 2186 ἐπὶ
1571 2132 1676 2202 γῆς
1725 2132 1817 2186 τοῦ
1848 2131 1984 2186 Θεοῦ

397 2223 718 2292 κτισμάτων
761 2225 820 2276 τὸ
865 2223 1202 2293 τιμιώτατον
1224 2266 1240 2290 ,
1273 2225 1414 2292 λέγω
1443 2223 1506 2294 δὴ
1541 2224 1629 2276 τὸν
1663 2225 1949 2293 ἄνθρωπον
1971 2265 1986 2291 ,

393 2313 452 2366 ὃν
489 2317 642 2384 παρὰ
681 2315 776 2366 τοῦ
842 2314 978 2366 Θεοῦ
1010 2315 1217 2367 τέλειον
1249 2317 1337 2368 καὶ
1378 2315 1538 2368 καλὸν
1579 2316 1884 2369 πλασθέντα
1911 2316 1986 2379 ὼς

394 2407 562 2476 ἀτελῆ
596 2408 850 2469 πάντως,
898 2406 931 2472 ἦ
967 2406 1044 2475 μὴ
1083 2407 1264 2466 καλῶς
1306 2407 1692 2475 πεπλασμένον
1739 2407 1983 2476 ἐπιδιορ-

397 2498 616 2550 θοῦνται
641 2538 657 2562 ,
695 2498 789 2550 καλ⁴
831 2498 1249 2566 ἀπαρτίζουσιν,
1277 2497 1348 2560 ὡς
1376 2498 1560 2560 αὐτοῖς
1601 2499 1769 2550 δοκεῖ.
1814 2497 1893 2568 Τῇ
1929 2499 1986 2550 δὲ

396 2589 627 2661 ἀληθείᾳ
690 2589 960 2660 πηροῦσι,
1015 2592 1110 2644 καὶ
1165 2591 1359 2658 ἄγονον
1427 2593 1518 2642 καὶ
1566 2591 1835 2659 ἄκαρπον.
1864 2591 1986 2642 ὅσον

397 2683 542 2736 κατὰ
576 2683 675 2752 τὴν
715 2684 810 2734 τοῦ
847 2683 1098 2751 σώματος
1132 2683 1316 2752 φύσιν,
1349 2683 1778 2751 ἀπεργάζονται,
1808 2682 1986 2734 καίτοι

395 2776 508 2827 τῶν
541 2774 700 2827 θείων
733 2778 1050 2830 ἀποστόλων
1088 2776 1298 2845 Πέτρου
1335 2775 1427 2827 καὶ
1479 2775 1692 2826 Παύλου
1723 2776 1822 2842 τὴν
1854 2775 1989 2826 ἀπο-

398 2867 575 2936 κοπὴν
612 2866 720 2918 τῶν
751 2867 1060 2936 εἰρημένων
1097 2865 1304 2934 μορίων
1340 2866 1760 2935 ἀποτρεπόντων
1789 2866 1846 2915 ἐν
1877 2867 1986 2925 τοῖς

399 2961 619 3011 κανόσιν
665 2958 844 3010 αὐτῶν
870 2997 883 3021 ,
916 2957 1004 3009 ἵνα
1043 2959 1168 3019 τοῦς
1205 2956 1396 3020 ἄλλους
1431 2956 1682 3026 Πατέρας
1711 2956 1987 3024 ἐάσωμεν,

397 3051 495 3104 καὶ
528 3052 656 3113 τοὺς
685 3051 1006 3120 νομοθέτας,
1042 3051 1156 3102 ὅσοι
1185 3050 1282 3102 καὶ
1311 3049 1550 3119 φοϐεράν
1574 3049 1843 3120 τιμωρίαν
1875 3049 1988 3110 τοῖς

396 3143 671 3212 τολμῶσιν
705 3141 1042 3212 εὐνουχίζειν
1072 3141 1369 3212 ὡρίσαντο.

487 3237 806 3307 Ὀμνύουσιν
863 3235 1035 3297 ἀδεῶς
1065 3274 1080 3298 ,
1131 3235 1224 3286 καὶ
1268 3235 1622 3304 ἐπιορκοῦσι,
1672 3237 1763 3286 καὶ
1814 3231 1989 3285 ταῦτα

395 3328 492 3382 τοῦ
538 3328 744 3395 Κυρίου
791 3326 951 3396 ἡμῶν
1009 3326 1186 3393 Ἰησοῦ
1234 3325 1475 3396 Χριστοῦ
1530 3325 1876 3387 κωλύσαντος
1926 3323 1986 3376 ού

399 3421 564 3490 μόνον
610 3420 710 3488 τὴν
765 3418 1077 3488 ἐπιορκίαν,
1130 3418 1267 3471 ἀλλά
1317 3419 1410 3470 καὶ
1458 3419 1516 3469 τὸ
1569 3418 1704 3476 ὅλως
1742 3418 1982 3486 ὀμνύειν.

401 3513 534 3564 Ὅτε
567 3511 622 3563 δὲ
654 3510 1024 3580 κρατηθῶσιν,
1056 3510 1130 3571 ὡς
1167 3511 1456 3578 αἱρετικοὶ,
1487 3509 1607 3559 τότε
1636 3508 1729 3559 καὶ
1752 3507 1848 3577 τὴν
1878 3507 1987 3557 τῶν

397 3603 772 3656 Μασαλιανῶν
804 3603 987 3654 πίστιν
1014 3599 1342 3670 ἀρνοῦνται,
1379 3599 1472 3651 καὶ
1506 3598 1982 3668 ἀναθεματίζουσι,

398 3699 492 3749 καὶ
523 3699 620 3767 τὴν
662 3697 892 3766 ἄρνησιν
922 3696 1104 3766 ὅρκοις
1133 3693 1411 3764 βεὸαιοῦσι
1460 3694 1730 3763 φρικτοίς,
1750 3691 1983 3760 οἰόμενοι

400 3790 646 3858 μηδόλως
679 3790 1019 3858 ἁμαρτάνειν
1057 3787 1142 3840 διὰ
1186 3787 1286 3856 τὴν
1317 3785 1674 3854 ἐπικειμένην
1715 3784 1982 3850 ἀνάγκην,

400 3886 494 3934 και
529 3882 621 3936 τὸν
657 3883 822 3950 φόϐον
858 3883 966 3934 τῶν
1009 3880 1412 3950 κατασχόντων.
1443 3879 1553 3931 Καὶ
1585 3877 1721 3929 ἄλλα
1767 3875 1825 3927 δέ
1864 3891 1985 3926 τινα

401 3975 788 4044 μυθολογοῦσιν
819 3973 1012 4038 ἀνάξ;α
1051 3974 1272 4044 μνήμης
1298 4014 1312 4037 ,
1371 3973 1446 4044 μὴ
1494 3972 1576 4023 ὅτι
1608 3986 1668 4038 γε
1722 3969 1984 4039 ἀντιρρή-

400 4085 534 4130 σεως
564 4068 652 4120 διὰ
687 4069 744 4119 τὸ
777 4068 1182 4136 εὖανάτρεπτον
1215 4066 1396 4118 αὐτῶν
1443 4065 1540 4117 καὶ
1595 4061 1981 4128 αὑτέλεγκτον.

987 4205 1239 4258 ἸῚΤΛΟΣ
1278 4203 1406 4257 KZ'.

393 4295 556 4352 Κατὰ
594 4297 964 4365 Βογομίλων.
1002 4299 1196 4362 Βόγον
1221 4295 1339 4363 μὲν
1368 4294 1478 4362 γὰρ
1535 4297 1575 4362 ἡ
1624 4293 1742 4348 τῶν
1790 4296 1980 4347 Βουλ-

463 4368 662 4434 γάρων
708 4366 962 4436 γλῶσσα
1009 4365 1188 4436 καλεῖ
1217 4367 1322 4418 τὸν
1360 4369 1530 4428 θεὸν,
1581 4367 1776 4436 Μίλων
1913 4365 1980 4414 τὸ

466 4434 752 4503 ἐλέησον.
781 4437 888 4502 Εῖιι
945 4436 996 4487 δ’
1037 4435 1112 4487 ἂν
1159 4436 1491 4502 Βογόμιλος
1533 4434 1660 4485 κατ’
1696 4434 1920 4496 αὐτοὺς
1949 4436 1980 4485 ό

467 4509 572 4560 τοῦ
609 4508 756 4561 Θεοῦ
787 4506 896 4559 τὸν
925 4505 1105 4558 ἔλεον
1131 4505 1569 4570 ἐπισπώμενος.

480 4620 545 4671 ῚΙ
569 4621 675 4672 τῶν
710 4618 1024 4689 Βογομίλων
1056 4621 1265 4687 αἵρεσις
1293 4617 1353 4668 οῦ
1390 4618 1492 4686 πρὸ
1520 4615 1714 4668 πολλοῦ
1749 4617 1977 4685 συνέστη

392 4713 494 4780 τῆς
525 4712 646 4764 καθ’
681 4713 827 4781 ἡμᾶς
868 4712 1062 4779 γενεᾶς
1085 4751 1098 4775 ,
1135 4710 1300 4779 μέρος
1332 4710 1468 4762 οὖσα
1509 4711 1609 4780 τῆς
1656 4710 1764 4763 τῶν
1794 4709 1982 4762 Μασαι-

392 4803 595 4857 λιανῶν
622 4842 636 4866 ,
674 4803 770 4854 καὶ
827 4801 1220 4871 συμφερομένη
1268 4801 1336 4853 τά
1381 4800 1552 4853 πολλά
1594 4803 1704 4864 τοῖς
1756 4799 1981 4854 ἐκείνων

391 4896 649 4964 δόγμασι,
684 4897 805 4946 τινα
836 4893 890 4943 δέ
922 4893 1014 4944 καὶ
1046 4890 1509 4961 προσεξευροῦσα,
1542 4893 1635 4944 καὶ
1673 4892 1768 4957 τὴν
1799 4889 1977 4959 λύμην

393 4986 699 5055 αὐξῆσαι-ἴα.
732 4983 1043 5051 Διεγνώσθη
1070 4983 1125 5034 δὲ
1159 4983 1295 5034 κατά
1326 4983 1451 5042 τοὺς
1475 4983 1699 5049 χρόνους
1740 4980 1976 5044 Ἀλεξίου

392 5081 487 5133 τοῦ
519 5079 947 5148 θεοκυϐερνὴτου
985 5076 1249 5146 βασιλέως
1279 5076 1457 5144 ἡμῶν,
1492 5075 1549 5134 ὃς
1581 5075 1848 5144 εὐτέχνως
1886 5074 1979 5124 καὶ

395 5174 537 5226 πάνυ
573 5172 891 5242 θαυμασίως
921 5169 1011 5220 τὸν
1037 5168 1262 5236 ἔξαρχον
1287 5167 1455 5237 αὐτῆς
1489 5164 1785 5236 θηρεύσας
1820 5165 1982 5217 Βασί-

393 5266 535 5328 λειος
566 5261 632 5336 ἦν
666 5257 818 5324 οὗτος
858 5265 884 5314 ὁ
937 5262 1116 5332 ἰατρὸς
1141 5300 1154 5325 ,
1189 5260 1328 5329 ἀνὴρ
1358 5260 1597 5329 ὀλέθριος
1632 5257 1856 5327 μᾶλλον,
1890 5259 1982 5309 καὶ

393 5362 616 5429 λοιμὸς,
655 5359 747 5410 καὶ
793 5360 1002 5427 φθορᾶς
1051 5359 1279 5424 μεστὸς,
1322 5358 1412 5405 καὶ
1452 5353 1629 5420 πάσης
1661 5353 1862 5414 κακίας
1887 5352 1980 5420 ὅρ-

393 5469 559 5516 γανον
587 5465 598 5477 ·
652 5450 746 5500 καὶ
799 5449 933 5516 πρὶς
971 5445 1163 5498 ἑαυτὸν
1214 5442 1574 5512 μεταγαγὼν,
1612 5443 1705 5494 καί¹
1739 5443 1974 5510 ἐντίμως

395 5542 793 5609 ὑποδεξάμενος
819 5581 832 5602 ,
880 5544 971 5591 καὶ
1004 5539 1101 5605 τῆς
1134 5536 1265 5606 παρ’
1299 5535 1476 5604 ἐαυτῷ
1507 5535 1776 5604 καθέδρας
1815 5533 1978 5596 ἀξιώ-

396 5653 516 5700 σας,
545 5637 640 5687 καὶ
673 5635 830 5702 λόγου
865 5636 1127 5701 μεταδοὺς
1166 5635 1338 5701 ἡδέος,
1387 5634 1477 5682 καὶ
1518 5627 1825 5700 προσηνοῦς
1856 5629 1975 5695 ομι-

473 5819 703 5878 ‘Matti.
732 5819 917 5878 xix.6.
999 5817 1016 5844 ³
1063 5817 1226 5869 Ilebr.
1260 5831 1376 5876 xttt,
1418 5815 1469 5866 -’i~.
1549 5815 1568 5845 ³
1591 5813 1780 5867 Matth.
1806 5809 1966 5875 v,34.

712 5920 988 5980 PATROL.
1036 5914 1153 5974 Gtt.
1203 5911 1454 5973 CXXX.

2005 4542 2057 4600 Β

2162 1319 2390 1390 Nuptias
2422 1322 2746 1391 dissolvunt,
2773 1325 3023 1393 quamvis
3053 1329 3307 1380 Domtnus
3333 1326 3478 1380 dicat
3507 1344 3520 1378 :
3553 1325 3685 1391 Quae

2099 1413 2232 1466 Deus
2257 1415 2555 1483 conjunxit,
2591 1417 2744 1469 ltomo
2786 1434 2889 1470 non
2917 1421 3154 1486 separet‘
3180 1438 3193 1486 ;
3222 1429 3270 1473 el
3318 1421 3371 1472 itt
3414 1419 3558 1472 Cana
3579 1417 3685 1472 Ga-

2092 1503 2246 1559 liltete
2297 1507 2581 1574 praesentia
2631 1524 2725 1560 sua
2786 1510 2998 1576 nuptias
3045 1509 3352 1574 honorarit;
3386 1517 3441 1562 et
3493 1509 3684 1562 beatus

2093 1597 2386 1664 Apostolus
2415 1597 2561 1652 dicat
2596 1617 2608 1651 :
2653 1597 2984 1651 Venerabile:
3003 1602 3218 1665 nttplitt’,
3248 1609 3296 1653 et
3321 1611 3469 1654 torus
3494 1601 3686 1652 imma-

2097 1691 2306 1744 cttlatus
2337 1693 2380 1744 '.
2443 1691 2506 1744 Et
2544 1691 2630 1744 hic
2658 1701 2846 1761 aperte
2879 1701 2988 1743 tum
3031 1689 3249 1744 Christo
3283 1698 3393 1742 tum
3423 1688 3684 1757 apostolis

2094 1785 2453 1838 adversantur
2483 1786 2573 1853 qui
2609 1785 2821 1852 nuptias
2861 1784 3164 1837 maledictis
3220 1783 3458 1835 alliciunt
3503 1792 3558 1836 et
3590 1781 3686 1835 de—

2095 1882 2386 1928 testantur.

2162 1966 2513 2027 Permittunt,
2545 1974 2597 2016 ut
2645 1966 2734 2033 qui
2770 1963 2974 2029 volunt,
3006 1974 3187 2034 partes
3212 1966 3457 2034 corporis
3511 1969 3684 2019 susci-

2089 2056 2301 2126 pientlis
2359 2055 2541 2108 Iihcris
2596 2058 2932 2110 necessarias
2973 2067 3273 2124 amputenl,
3324 2071 3497 2126 eaque
3556 2070 3680 2110 nota

2089 2156 2340 2200 naturam
2375 2145 2630 2212 alliciant,
2661 2147 3042 2215 hominemque
3074 2149 3215 2200 inter
3249 2164 3332 2200 res
3365 2164 3390 2199 a
3421 2149 3526 2200 Deo
3560 2163 3683 2215 pru—

2091 2250 2303 2292 creatas
2326 2239 2836 2306 pra'stautissimutn
2868 2237 3137 2305 mutilent,
3165 2252 3676 2309 euntque,t:mtptatu

2091 2331 2438 2402 imperfectus
2467 2333 2689 2384 omnino
2721 2331 2810 2394 sit,
2850 2343 2941 2384 aut
2996 2333 3132 2384 male
3183 2332 3472 2396 formatus,
3520 2349 3677 2401 quem

2090 2429 2272 2474 tamen
2310 2421 2396 2474 ille
2431 2421 2724 2490 perfectum
2758 2432 2811 2477 et
2849 2424 3044 2476 bonum
3103 2423 3252 2488 fecit,
3308 2425 3583 2491 corrigunt
3627 2435 3681 2478 et

2089 2515 2400 2577 etneudent,
2440 2525 2496 2568 ut
2529 2515 2626 2583 ipsi
2653 2525 2860 2582 putant.
2899 2497 3068 2582 Quem
3119 2526 3296 2570 tamen
3352 2531 3536 2570 revera
3559 2533 3676 2567 tutt-

2093 2606 2270 2671 tilant,
2306 2607 2763 2676 infecuntlumque
2811 2620 2859 2662 et
2894 2609 2959 2660 ad
2997 2611 3388 2678 procreandum
3433 2611 3675 2664 inutilem

2093 2700 2345 2753 reddunt.
2379 2700 2538 2766 Atqui
2575 2700 2684 2752 divi
2733 2701 2958 2769 apostoli
2997 2701 3189 2755 Petrus
3229 2715 3280 2756 et
3307 2703 3503 2757 Paulus
3531 2705 3676 2772 ejus-

2093 2790 2232 2842 tnodi
2267 2793 2506 2842 tnetnhra
2532 2792 2643 2845 suis
2671 2792 2723 2844 in
2751 2793 3051 2846 canouihus
3075 2795 3359 2862 prohibent
3381 2799 3676 2863 amputari,

2094 2891 2149 2932 ut
2177 2880 2310 2935 alios
2341 2881 2529 2934 Patres
2592 2896 2980 2951 prtetereatnus
3034 2893 3086 2938 et
3141 2886 3547 2955 legtnnla'tores,
3585 2891 3675 2956 qui

2091 2970 2144 3024 id
2168 2971 2347 3027 facere
2398 2974 2678 3032 audentes
2722 2975 3059 3045 gravissimis
3103 2971 3344 3032 multant
3370 2979 3673 3049 suppliciis.

2160 3243 2353 3298 Jurant
2423 3255 2477 3300 et
2545 3249 2792 3316 pejerant
2850 3248 2968 3304 sine
3040 3249 3146 3302 ullo
3199 3257 3367 3314 metu,
3430 3265 3677 3321 quaths

2090 3334 2348 3388 Dominus
2378 3343 2562 3388 noster
2591 3334 2746 3390 Jesus
2781 3336 3032 3393 Christus
3079 3350 3243 3404 vetet,
3277 3355 3385 3394 non
3414 3342 3588 3395 solum
3611 3359 3676 3396 ne.

2089 3426 2412 3495 pejeremus,
2475 3431 2570 3479 sed
2603 3429 2763 3481 etiam
2799 3445 2864 3480 ne
2891 3429 3134 3496 juretnus
3162 3431 3381 3485 omnino
3422 3433 3462 3486 ³.
3521 3432 3674 3498 Quod

2087 3515 2132 3568 si
2189 3525 2247 3569 ut
2280 3516 2517 3569 haeretici
2573 3529 2960 3584 coargttuntur,
3005 3531 3135 3573 tunc
3175 3533 3224 3575 et
3255 3521 3673 3576 Masalianorunt

2088 3607 2246 3662 tidem
2304 3611 2575 3680 abnegant
2632 3622 2685 3662 et
2726 3612 3082 3676 detestantur,
3147 3613 3674 3685 abnegationeutque

2083 3697 2434 3766 jurejurando
2468 3700 2810 3761 coulirmant,
2858 3716 3024 3769 seque
3061 3701 3206 3756 nullo
3257 3704 3416 3758 modo
3449 3719 3674 3772 pecvart!

2086 3798 2295 3856 putant,
2333 3789 2476 3858 quod
2528 3791 2854 3844 necessitate
2897 3789 3068 3846 coacti
3122 3793 3230 3847 sint
3281 3803 3333 3845 et
3364 3797 3670 3862 cogentium

2088 3888 2255 3931 metu.
2309 3878 2455 3930 Alias
2497 3890 2755 3945 praeterea
2788 3896 2959 3950 nugas
3025 3882 3339 3950 confingunt
3394 3900 3514 3952 qua-
3563 3895 3668 3936 tam

2087 3969 2242 4022 facile
2283 3970 2550 4023 confutari
2614 3973 2894 4040 evertique
2934 3985 3184 4041 poSsunt,
3245 3987 3301 4028 ιιι
3341 3991 3432 4027 cas
3495 3977 3670 4045 pigeat

2084 4077 2532 4117 COIIIIDCIHOI‘HTC.

2589 4196 2891 4253 TI'I‘ULUS
2931 4197 3141 4256 XXVII.

2086 4293 2349 4366 Aduersus
2417 4292 3012 4366 Baga-utiles.tBogp
3080 4306 3255 4350 autem
3313 4296 3666 4366 Bnlgarurum

2155 4364 2333 4432 lingua
2369 4381 2386 4412 t
2411 4364 2573 4415 Deum
2599 4383 2614 4412 ι
2641 4364 2925 4432 signiﬁcat.
2944 4387 2958 4412 ι
2983 4365 3151 4418 Μίίιοί»
3184 4364 3662 4429 ιιιτνο,‹ιηὶεει·ργθ,ι

2156 4443 2210 4482 ut
2252 4451 2267 4481 t
2313 4433 2612 4499 Boyomilus
2654 4453 2670 4482 ι
2707 4434 2847 4499 apud
2911 4438 3063 4488 eusis
3096 4439 3160 4489 sit
3207 4441 3295 4503 qni
3344 4438 3435 4491 Dei
3462 4442 3670 4491 misert-

2155 4504 2388 4553 cot‘diam
2411 4504 2680 4568 implerat.

2154 4614 2549 4684 llogomilorum
2586 4617 2810 4668 ἥξοι-θεῖε
2857 4617 2997 4668 haud
3043 4617 3213 4669 multo
3265 4630 3389 4670 ante
3433 4621 3662 4683 exstitit,

2077 4717 2234 4761 actate
2271 4717 2475 4770 nostra,
2525 4707 3050 4776 Masalianorutnqne
3080 4723 3204 4776 pars
3230 4707 3347 4770 fuit,
3395 4719 3451 4763 et
3479 4711 3666 4764 multis

2081 4801 2131 4853 itt
2152 4801 2314 4853 rebus
2359 4798 2614 4852 convenit
2643 4813 2764 4850 cum
2827 4799 3038 4852 illorum
3097 4800 3376 4866 institutis,
3419 4807 3665 4871 quaedam

2080 4902 2260 4945 tamen
2293 4894 2405 4960 ipsa
2438 4907 2651 4960 quoque
2673 4893 3023 4960 excogitavit,
3065 4902 3362 4960 et'pestetn
3423 4895 3663 4950 adauxit.

2079 4980 2349 5034 Patefacta
2379 4991 2463 5036 est
2492 4991 2673 5034 autem
2726 4983 2916 5036 Alexio
2952 4982 3302 5052 imperatore
3344 4996 3530 5041 nostro
3581 5003 3668 5042 re-

2079 5085 2296 5146 gnante,
2344 5077 2434 5144 qui
2506 5075 2595 5129 Dei
2629 5076 2848 5128 numine
2897 5078 3251 5146 gubernatus,
3314 5082 3564 5146 pruden‘i
3613 5093 3666 5134 et

2081 5169 2386 5223 admirabili
2421 5169 2630 5223 ratione
2663 5169 2961 5239 principem
2992 5171 3134 5224 illius
3167 5181 3392 5228 venatus
3425 5184 3508 5226 est.
3565 5173 3665 5225 llic

2079 5273 2197 5314 erat
2228 5259 2459 5315 Basilius
2504 5261 2722 5329 quidam
2781 5261 3042 5323 medicus,
3077 5266 3238 5316 homo
3299 5266 3661 5331 perniciosus,

2081 5360 2241 5417 atque
2279 5349 2518 5416 pestifer,
2546 5360 2599 5404 et
2627 5351 2948 5418 corruptela:
2975 5354 3189 5420 plenus,
3209 5363 3372 5418 atque
3401 5354 3660 5406 malorum

2080 5442 2318 5494 omnium
2353 5442 2794 5498 instrumentum.
2825 5447 2993 5511 Quem
3033 5446 3325 5511 imperator
3353 5457 3478 5498 cun:
3509 5444 3573 5498 ad
3604 5461 3663 5500 se

2081 5537 2420 5598 accersisset,
2479 5537 2881 5602 honoriticeque
2937 5536 3287 5604 suscepisset,
3314 5537 3662 5603 assiderequc

2081 5626 2322 5690 fecisset,
2369 5627 2609 5695 jucunde
2656 5627 3003 5694 benigneque
3055 5627 3346 5692 allocutus,
3401 5627 3659 5697 dulcique

3144 5898 3221 5964 41
