4132 6406
463 323 596 390 1291

1709 315 2022 378 EUTIIYM
2037 315 2092 373 Li
2138 315 2310 373 ZlGA
2324 316 2493 376 BENI

3617 315 3750 378 19.92

458 441 632 513 gratia
666 454 788 494 cum
820 437 912 492 illo
959 437 1262 504 disputans,
1296 446 1465 500 seque
1491 429 1788 500 prudenter
1812 428 2049 496 discipu-

2160 428 2293 492 λίας,
2337 429 2434 482 καὶ
2471 428 2729 498 γλυκείας
2757 469 2770 493 ,
2814 430 2872 482 ἐν
2907 427 2974 498 τῷ
3001 425 3462 496 προδιαλέγεσθαι
3505 426 3748 498 χάριτος,

457 536 569 592 lum
602 532 869 588 simulans
921 527 1078 583 facile
1132 524 1363 594 decepit,
1407 539 1531 579 cum
1577 521 1687 592 jam
1733 520 1821 574 ille
1858 517 2054 572 multos

457 627 764 697 perniciose
812 621 1128 690 decepisset,
1175 632 1501 686 omnemque
1535 616 1586 670 in
1644 614 1842 684 putridi
1899 625 2054 666 exse-

459 719 763 786 crandique
785 715 932 770 senis
960 727 1162 766 arcano
1196 709 1534 766 reconditam
1582 706 1867 766 malitiam,
1908 717 2054 757 men-

461 813 530 866 tis
555 809 804 863 acumine
838 815 891 861 et
918 815 1127 860 natura:
1147 803 1409 860 facilitate
1427 801 1648 865 detexit,
1682 797 2054 854 nihilomnino

461 904 777 973 relinquens
799 901 942 970 quod
972 913 1076 952 non
1117 897 1470 966 investigat-et
1501 904 1662 962 atque
1697 891 2051 961 perspiceret.

459 993 559 1050 Hic
590 993 756 1062 igitur
785 993 836 1046 itt
874 989 1216 1044 tenebricoso
1265 985 1612 1056 uugacissimi
1648 981 2052 1052 perniciosique

456 1088 604 1144 senis
631 1086 818 1146 corde,
859 1093 1116 1152 tanquam
1159 1083 1212 1134 in
1251 1079 1459 1135 latebra
1518 1076 1773 1147 quadam,
1810 1075 2054 1130 diversas

455 1181 746 1247 Variasque
770 1177 934 1239 feras,
973 1174 1234 1237 nefarias,
1287 1156 1602 1234 venenatas,
1653 1180 1816 1236 atque
1872 1165 2055 1220 multi-

458 1273 625 1342 plices
650 1272 941 1341 opiniones
973 1269 1276 1331 latitantes,
1304 1264 1521 1334 ingenio
1560 1260 1933 1331 sapientiaque
1954 1271 2050 1313 sua

458 1363 836 1437 deprehendit,
863 1363 914 1417 in
955 1370 1312 1432 apertumque
1343 1356 1586 1428 protulit.
1617 1355 1683 1409 Et
1718 1351 2051 1421 miltijussit,

459 1452 758 1510 utridicu'la
789 1451 947 1506 istius
999 1449 1224 1504 haeresis
1263 1447 1522 1518 mysteria
1569 1445 1835 1515 patelacta
1890 1451 2052 1511 atque

457 1547 710 1603 convicta
733 1545 1039 1600 litterarum
1067 1540 1436 1596 monumentis
1463 1536 1800 1592 mandarem.

436 1848 442 1854 -
531 1817 586 1873 1.
621 1813 895 1885 Rejiciunt
921 1823 1111 1866 omnes
1137 1808 1302 1862 libros
1326 1803 1618 1867 Mosaicos.
1646 1818 1749 1858 una
1777 1816 1898 1856 cum
1928 1800 2056 1866 Deo,
2089 1795 2134 1853 Β

458 1909 553 1980 qui
583 1909 634 1963 in
670 1907 803 1976 ipsis
830 1911 1186 1964 memoratur,
1215 1898 1456 1968 virisque
1481 1896 1664 1967 justis,
1696 1895 1788 1965 qui
1819 1905 1946 1948 sunt
1974 1893 2048 1946 illi

460 1999 773 2059 cbarissimi
801 2036 818 2063 ,
858 1995 1094 2066 reliquos
1129 1993 1257 2047 item
1289 2004 1479 2046 omnes
1507 1989 1599 2060 qui
1633 1999 1817 2058 postea
1864 1987 2053 2056 scripti

461 2105 613 2161 sunt,
652 2096 917 2161 tanquam
971 2085 1172 2141 diaboli
1203 2085 1402 2139 astutia
1433 2081 1720 2151 compositi
1756 2081 1891 2134 sint.
1920 2079 2052 2133 Pro-

462 2190 632 2260 pitius
664 2187 734 2240 sit
765 2183 921 2239 nobis
953 2182 1095 2234 Deus
1123 2179 1318 2248 impias
1347 2191 1535 2230 eorum
1567 2173 1855 2244 opiniones
1909 2171 2051 2225 refe-

463 2279 727 2338 rentibus!
769 2276 986 2345 Septem
1017 2273 1283 2327 duntaxat
1313 2268 1640 2337 suscipiunt,
1679 2276 1732 2319 ct
1761 2263 1968 2327 colunt,
2000 2270 2054 2316 et.

461 2374 517 2430 in
549 2385 762 2428 summo
803 2367 1005 2422 habent
1031 2362 1227 2435 pretio,
1272 2360 1325 2415 id
1353 2369 1458 2426 est,
1490 2357 1838 2421 Psalterium,
1889 2364 1945 2410 et
1985 2353 2052 2408 li-

459 2465 617 2519 brum
676 2459 950 2518 sexdecim
1001 2455 1420 2525 Prophetarum,
1467 2461 1519 2505 et
1569 2447 1912 2517 Evangeliqu
1964 2460 2056 2500 se-

458 2556 696 2612 cundum
723 2549 1060 2616 Mattltzettm,
1110 2556 1166 2602 et
1200 2545 1496 2602 secundum
1555 2541 1816 2603 Marcum,
1868 2547 1920 2591 et
1967 2552 2055 2592 se-

458 2649 693 2707 cundum
721 2646 947 2708 Lucam,
977 2652 1034 2698 et
1056 2639 1350 2697 secundum
1375 2635 1656 2698 Joannem,
1686 2644 1740 2688 et
1767 2632 2053 2701 septimum

458 2743 658 2799 librum
691 2752 797 2809 quo
830 2750 916 2791 res
958 2737 1025 2788 ab
1052 2732 1312 2802 apostolis
1340 2740 1508 2799 gestas
1541 2726 1894 2782 continentur
1933 2736 2055 2777 cum

458 2831 718 2886 omnibus
754 2826 1009 2899 Epistolis
1045 2833 1100 2880 et
1129 2822 1357 2878 Joannis
1393 2817 1654 2886 Theologi
1706 2814 2058 2885 Apocalypsi.

460 2925 737 2996 Sapientia
789 2921 956 2984 enim,
1016 2917 1288 2985 inquiunt,
1346 2910 1626 2978 mdiﬁcavit
1656 2908 1758 2963 sibi
1812 2906 2050 2970 domum,

458 3028 755 3088 septemque
775 3013 1048 3068 columnas
1066 3007 1341 3063 substituit
1367 3007 1409 3061 ί.
1449 3003 1551 3058 Per
1579 3004 1720 3057 hanc
1776 2999 2057 3068 sapientiae

460 3112 680 3166 dommn
701 3105 1146 3163 scelestissimam
1171 3111 1502 3172 synagogam
1533 3095 1843 3165 intelligunt
1873 3107 2053 3154 suam,

2159 521 2251 573 καὶ
2289 521 2526 584 συνετῶς
2559 523 2999 592 ὑποκρινάμενος
3044 519 3137 572 τὸν
3180 518 3573 590 μαθητιῶντα,
3622 520 3755 590 ῥᾷον

2155 611 2473 684 ἐξηπάτησε
2500 615 2593 668 τὸν
2624 614 3055 684 ἐξαπατήσαντα
3084 613 3318 676 πολλοὺς
3340 614 3420 676 είς
3447 612 3749 675 ἀπώλειαν,

2155 707 2249 760 καὶ
2281 708 2465 760 πᾶσαν
2519 706 2618 778 τὴν
2647 705 3053 776 ὲνδομυχοῦσαν
3077 705 3157 776 τῷ
3197 706 3394 777 σαπρῷ
3428 705 3600 776 τούτῳ
3657 708 3754 757 καὶ

2155 803 2525 872 καταπτύστῳ
2555 803 2776 873 γέροντι
2809 801 3144 872 κακοήθειαν
3179 801 3400 871 ὀξύτητι
3431 801 3626 872 φρενὸς
3655 802 3752 854 καὶ

2153 895 2422 966 δεξιότητι
2451 895 2670 965 φύσεως
2699 895 3040 965 ἀνίχνευσεν,
3071 894 3224 948 οὐδὲν
3255 891 3533 946 ὑπολιπὼν
3567 893 3753 959 ἀνεξεο

2158 986 2417 1058 ρεύνητον
2460 988 2490 1058 ἢ
2545 986 2795 1042 ἀθέατον.
2848 985 3042 1040 Ἔνθεν
3075 1004 3158 1040 τοι
3214 989 3308 1040 καὶ
3353 986 3604 1055 καθάπερ
3640 986 3751 1038 ἀπό

2153 1096 2300 1140 τινος
2351 1079 2564 1148 φωλεοῦ
2610 1079 2933 1133 παντοδαπὰ
2980 1079 3076 1131 καὶ
3122 1077 3538 1147 ποικιλὸμορφα
3583 1077 3752 1147 θηρία

2153 1174 2254 1244 τῆς
2288 1175 2574 1244 σκοτεινῆς
2624 1173 2795 1227 αὐτοῦ
2831 1173 3066 1242 καρδίας
3103 1171 3400 1235 ἐξελκύσας
3430 1174 3500 1225 τὰ
3533 1171 3710 1241 μιαρὰ
3733 1210 3748 1236 ,

2155 1265 2252 1319 καὶ
2278 1265 2458 1318 ίοϐόλα
2481 1305 2495 1328 ,
2553 1265 2649 1318 καὶ
2678 1264 3093 1332 πολυπρόσωπα
3131 1262 3380 1330 δόγματα
3414 1263 3534 1323 ταῖς
3577 1277 3750 1330 μηχα-

2153 1359 2274 1421 ναῖς
2305 1358 2405 1426 τῆς
2447 1356 2792 1426 ὑποκρίσεως
2815 1395 2830 1421 ,
2866 1355 2961 1409 καὶ
2987 1353 3504 1422 κατασοφισάμενος
3530 1350 3750 1419 εὐφυῶς

2157 1449 2302 1520 μάλα
2332 1451 2423 1502 τὸν
2470 1449 2801 1520 κρονόληρον
2835 1447 3069 1518 γέροντα
3091 1485 3105 1508 ,
3153 1444 3214 1497 τὸ
3254 1442 3486 1497 παλαιὸν
3538 1441 3748 1505 κακὸν,

2155 1539 2444 1592 ἐκέλευσεν
2471 1540 2607 1609 ἡμῖν
2629 1539 2821 1608 γραφῇ
2847 1535 3185 1608 παραδοῦναι
3207 1533 3403 1596 ταῦτα,
3435 1533 3526 1585 καὶ
3554 1532 3751 1600 θριαμ-

2155 1628 2350 1684 ϐεῦσαι
2402 1629 2473 1682 τὰ
2526 1628 2909 1697 καταγέλαστα
2971 1627 3249 1696 μυστήρια
3294 1624 3393 1693 τῆς
3446 1622 3749 1692 εἰρημένης

2158 1721 2450 1791 αἱρέσεως.

2240 1819 2312 1872 α’.
2358 1811 2637 1867 Ἀθετοῦσι
2667 1810 2845 1873 πάσας
2893 1807 2992 1870 τὰς
3040 1803 3325 1874 μωσαῖκὰς
3355 1800 3572 1871 βίϐλους
3609 1797 3751 1868 μετά

2158 1914 2250 1966 καὶ
2293 1909 2390 1964 τοῦ
2436 1910 2494 1960 ὲν
2541 1905 2732 1967 αὑταῖς
2780 1897 3237 1969 ἀναγραφομένου
3268 1893 3446 1956 Θεοῦ,
3495 1889 3590 1943 καὶ
3637 1889 3748 1942 τῶν

2155 1999 2640 2072 εύαρεστησάντων
2698 1993 2848 2064 αὐτῷ
2900 1989 3156 2055 δικαίων,
3213 1987 3302 2040 ναὶ
3351 1983 3457 2054 μὴν
3506 1981 3602 2035 καὶ
3645 1979 3746 2044 τὰς

2158 2093 2278 2166 μετ’
2311 2092 2479 2152 αὑτὰς
2523 2088 2761 2149 ἁπάσας,
2797 2085 2872 2148 ὼς
2903 2079 3024 2135 κατ’
3061 2078 3350 2130 ἐπίπνοιαν
3382 2071 3478 2125 τοῦ
3527 2071 3747 2123 Σατανᾶ

2160 2162 2592 2255 συγγραφείσας.
2651 2180 2838 2240 Ἷλεως
2881 2175 3017 2244 ἡμῖν
3057 2172 3142 2240 εῖη
3175 2167 3379 2238 Κύριος
3418 2163 3488 2215 τὰ
3518 2162 3746 2215 ἐκείνων

2155 2252 2396 2346 λέγουσιί
2433 2274 2618 2335 Μὸνας
2651 2271 2708 2325 δὲ
2741 2266 3167 2339 παραδέχονται,
3199 2261 3294 2313 καὶ
3321 2256 3557 2326 τιμῶσιν
3584 2252 3748 2314 ἑπτὰ,

2159 2372 2256 2424 καὶ
2285 2373 2364 2432 εἰς
2389 2369 2557 2436 ἄκρον
2580 2359 3036 2432 ἀποστηθίζουσι,
3061 2357 3204 2424 λέγω
3229 2353 3294 2424 δὴ
3319 2351 3381 2404 τὸ
3407 2349 3748 2418 Ψαλτήριον,

2157 2469 2219 2520 τὸ
2288 2459 2939 2529 Ἐξκαιδεκαπρόφητον,
2998 2451 3094 2505 καὶ
3147 2449 3207 2502 τὸ
3275 2447 3420 2501 κατὰ
3467 2441 3749 2496 Ματθαῖον

2159 2556 2517 2627 Εὐαγγέλιον,
2549 2553 2644 2606 καὶ
2674 2551 2732 2604 τὸ
2763 2546 2908 2602 κατά
2947 2543 3193 2614 Μάρκον,
3228 2541 3323 2593 καὶ
3352 2537 3408 2591 τὸ
3437 2534 3580 2589 κατά
3606 2533 3748 2585 Λου-

2160 2623 2299 2714 κᾶν,
2313 2623 2405 2702 καὶ
2434 2648 2496 2700 τὸ
2529 2643 2671 2698 κατὰ
2709 2642 2986 2710 Ἰωάννην,
3022 2635 3254 2704 ἕϐδομον
3286 2631 3385 2700 τῆς
3421 2627 3606 2699 βίϐλου
3639 2623 3748 2676 τῶν

2161 2741 2423 2813 Πράξεων
2478 2739 2579 2790 σὺν
2632 2740 2754 2797 ταῖς
2824 2729 3169 2789 Ἐπιστολαῖς
3227 2724 3474 2787 πάσαις,
3533 2719 3629 2771 καὶ
3682 2717 3750 2786 τῇ

2173 2809 2544 2899 ’Ᾰποκαλύψει
2573 2826 2670 2881 τοῦ
2701 2823 2968 2891 Θεολὸγου
3016 2819 3287 2873 Ἰωάννου.
3325 2815 3392 2866 'H
3422 2811 3586 2880 σοφία
3614 2809 3748 2878 γὰρ,

2163 2927 2351 2995 φασὶν,
2381 2921 2735 2992 ᾠκοδόμησεν
2778 2916 2946 2983 ἑαυτῇ
2976 2907 3124 2964 οἷκον
3153 2949 3165 2973 ,
3200 2907 3292 2961 καὶ
3323 2905 3590 2973 ὑπήρεισε
3620 2900 3748 2953 στύ-

2162 2991 2290 3074 λους
2330 2991 2510 3073 ἑπτὰ,
2562 3004 2708 3060 οἷκον
2764 3005 2864 3075 μὲν
2915 3003 3014 3071 τὴν
3057 2999 3382 3068 παμμίαρον
3425 2991 3750 3060 συναγωγὴν

2165 3105 2376 3158 ἑαυτῶν
2429 3097 2981 3172 μεθερμηνεύοντες,
3057 3091 3286 3152 στύλους
3344 3087 3400 3140 δὲ
3453 3085 3592 3138 ἐπτὰ
3651 3083 3752 3146 τὰς

461 3217 558 3272 per
587 3199 871 3255 columnas
904 3206 1085 3250 autem
1119 3193 1288 3250 libros
1315 3191 1458 3254 illos,
1490 3201 1628 3257 quos
1673 3161 1879 3254 septem
1906 3184 2053 3237 ordi-

2160 3161 2932 3266 amptepﬁoetédg'ptmouq.
2994 3187 3106 3255 Τὴν
3157 3184 3258 3255 μὲν
3319 3181 3412 3235 οὖν
3472 3178 3749 3248 ἀποϐολὴν

461 3295 624 3351 nibus
659 3291 952 3360 dispositos
983 3281 1553 3342 commemoravimus.
1598 3279 1659 3331 in
1702 3274 2053 3345 repudiandis

462 3390 628 3460 igitur
646 3387 798 3440 libris
830 3382 1081 3438 .‘ilosaicis
1107 3390 1161 3434 et
1196 3376 1407 3434 caeteris
1437 3371 1897 3442 subsequentibus
1929 3384 2050 3424 cmn

466 3481 907 3537 Paulicianorum
977 3471 1168 3530 haeresi
1231 3467 1600 3525 consentiunt.
1656 3463 1846 3534 Itaque
1909 3463 2053 3516 ineo

465 3571 646 3634 titulo,
671 3569 760 3640 qui
787 3567 1048 3622 adversus
1090 3562 1211 3618 illos
1242 3559 1588 3629 conscriptus
1623 3565 1726 3625 est,
1764 3553 2053 3626 quaerenda

461 3673 592 3719 sunt
623 3677 686 3716 ea
721 3659 921 3728 capita,
952 3655 1150 3725 quibus
1202 3651 1716 3715 demonstravimus,
1775 3645 1906 3703 boni
1959 3644 2056 3699 Dei

463 3771 587 3812 esse
634 3763 744 3808 tum
775 3751 940 3807 Vetus
978 3746 1414 3808 Testamentum,
1447 3751 1558 3794 tum
1591 3741 1738 3794 viros
1777 3738 1869 3808 qui
1901 3737 1956 3792 in
1989 3751 2055 3791 eo

466 3848 707 3902 illustres
734 3843 1078 3904 exstiterunt,
1099 3835 1498 3906 legendumque
1521 3830 1863 3900 estprimum
1894 3835 2058 3898 caput
2087 3891 2090 3894 ,

467 3955 590 3993 cum
629 3945 834 4006 septem
868 3931 1243 4001 sequentibus,
1287 3927 1485 3994 quibus
1532 3939 1688 3981 error
1739 3923 1844 3977 iste
1899 3921 2059 3991 plane

466 4030 798 4088 confoditur.
861 4024 927 4082 Et
977 4035 1291 4094 quanquam
1327 4019 1534 4088 reliqua
1567 4019 1694 4072 item
1735 4017 1915 4085 capita
1970 4013 2056 4068 his

467 4134 676 4195 septem
715 4118 1088 4183 consentiunt,
1120 4126 1298 4170 tamen
1334 4115 1447 4168 hare
1478 4111 1592 4166 sola
1640 4111 1774 4166 satis
1797 4109 1904 4164 erit
1931 4124 2059 4177 per-

2155 3288 2264 3342 τῶν
2308 3285 2610 3358 μωσαῖκῶν
2656 3283 2856 3354 βίϐλων
2891 3279 3118 3332 καὶτῶν
3164 3271 3286 3346 μετ’
3319 3273 3488 3336 αὑτὰς
3540 3274 3603 3325 ὲκ
3647 3274 3751 3341 τῆς

2157 3382 2266 3432 τῶν
2305 3377 2690 3431 Παυλικιάνων
2734 3373 3001 3442 αἱρέσεως
3048 3368 3426 3440 μεμαθήκασι.
3478 3365 3753 3432 Ζητητὲον

2156 3475 2213 3529 δὲ
2249 3474 2306 3525 ὲν
2336 3472 2411 3539 τῷ
2451 3467 2571 3523 κατ’
2597 3468 2822 3520 ἐκείνων
2852 3463 3017 3533 τίτλῳ
3051 3462 3120 3514 τὰ
3167 3454 3472 3527 κεφάλαιαζ,
3513 3449 3593 3517 οἷς
3634 3455 3754 3505 ἐπι-

2157 3567 2504 3637 γέγραπται,
2555 3561 2637 3614 ὅτι
2669 3557 2764 3612 τοῦ
2797 3555 3004 3625 ἀγαθοῦ
3035 3551 3171 3606 Θεοῦ
3209 3551 3347 3603 εἰσιν
3379 3549 3414 3620 ἦ
3446 3565 3505 3600 τε
3543 3545 3753 3599 παλαιὰ

2159 3657 2455 3732 νομοθεσία
2495 3654 2593 3709 καὶ
2624 3654 2674 3706 οἱ
2716 3654 2773 3704 ὲν
2805 3649 2942 3718 αὐτῇ
2982 3644 3321 3715 λάμψαντες.
3367 3640 3478 3693 Καὶ
3507 3638 3755 3704 ἀναγνω-

2161 3730 2317 3808 στέον
2346 3750 2410 3804 τό
2445 3765 2508 3802 τε
2543 3745 2764 3817 πρῶτον
2809 3739 3109 3810 κεφάλαιον
3158 3735 3255 3790 καὶ
3299 3733 3368 3786 τὰ
3404 3730 3532 3800 ἑξῆς
3571 3730 3751 3794 ἑπτὰ,

2162 3841 2551 3916 στηλιτεύοντα
2595 3834 2847 3908 φανερῶς
2892 3833 2995 3900 τὴν
3040 3826 3302 3896 τοιαύτην
3351 3823 3582 3890 πλάνην.
3639 3819 3752 3872 Καὶ

2159 3938 2228 3993 τὰ
2251 3909 2380 4006 ’μετ’
2408 3936 2590 3987 ἐκεῖνα
2615 3931 2673 3984 δὲ
2701 3929 2880 3982 πάντα
2920 3925 3190 3994 σύμφωνα
3239 3916 3424 3988 σχεδὸν
3453 3917 3569 3976 τοῖς
3611 3909 3754 3964 ὲπτά

2160 4000 2370 4092 τούτοις
2405 4027 2544 4080 εἰσιν
2568 4065 2583 4091 ,
2634 4020 2750 4076 ἀλλ’
2781 4017 2944 4090 ἀρκεῖ
2987 4015 3127 4084 μόνα
3166 4009 3233 4064 τὰ
3261 4005 3594 4079 δηλωθέντα.
3625 4000 3750 4071 Χρὴ

2160 4125 2216 4179 δὲ
2255 4121 2575 4199 γινιῢσκειν,
2604 4117 2686 4170 ὅτι
2725 4112 2826 4176 τὰς
2861 4107 3148 4180 μωσαῖκὰς
3184 4102 3400 4174 βίϐλους
3433 4094 3755 4157 ἀθετοῦντες

468 4218 686 4286 legisse.
714 4213 848 4268 Illud
877 4223 1053 4266 tamen
1080 4206 1621 4262 animadvertendum
1652 4212 1755 4269 est,
1791 4207 1921 4258 istos
1947 4201 2058 4256 cal-

2164 4186 2353 4288 ρήσεις
2379 4211 2438 4278 ἐξ
2463 4206 2646 4264 αὐτῶν
2670 4201 2932 4264 πολλάκις
2961 4197 3289 4266 πανούργως
3314 4193 3390 4256 είς
3420 4186 3754 4259 συνηγορίαν

469 4282 578 4365 lida
635 4305 952 4376 plerumque
1007 4315 1074 4354 ex
1108 4299 1190 4353 his
1241 4297 1396 4352 libris
1434 4309 1573 4367 quos
1614 4295 1942 4366 improbant,
1992 4293 2058 4348 ad

2163 4282 2375 4362 έάυτῶν
2431 4296 2939 4374 προσλαμϐάνουσι.
2982 4289 3090 4343 Καὶ
3142 4291 3273 4341 ὅταν
3331 4283 3390 4336 δὲ
3427 4282 3578 4349 παρά
3605 4292 3755 4337 τινος

468 4401 755 4469 Opiniones
817 4409 944 4450 suas
1011 4390 1451 4461 comprobandas
1518 4388 1686 4444 verba
1716 4388 2056 4459 depromere.

2167 4398 2332 4475 ῥητοῦ
2365 4369 2847 4464 τῶν-δηλωθεισῶν
2873 4383 3013 4437 ἐπτά
3045 4381 3242 4450 βίϐλων
3275 4369 3755 4443 στενοχωρηθῶσι,

470 4493 624 4564 Quod
651 4492 694 4547 si
728 4489 910 4560 aliquo
943 4495 1152 4555 septem
1173 4483 1458 4548 librorum,
1493 4497 1628 4552 quos
1659 4495 2057 4538 commemora-

2167 4463 2264 4550 καὶ
2305 4463 2643 4546 συνελαθῶσι
2679 4487 2816 4552 πρὸς
2838 4480 2936 4546 τὴν
2960 4475 3243 4545 ἀλήθειαν,
3279 4469 3442 4531 εὐθὺς
3467 4469 3547 4529 είς
3583 4463 3757 4533 ἀλλη-

470 4589 668 4650 vimus,
701 4584 848 4639 dicto
873 4580 1107 4636 convicti
1135 4577 1201 4631 ad
1241 4577 1525 4633 veritatem
1564 4577 1927 4632 conﬁtendam
1960 4577 2058 4631 im-

2164 4588 2354 4660 γορίαν
2387 4585 2709 4655 τρέπονται,
2737 4573 3138 4644 διαδιδράσκειν
3167 4563 3523 4635 πειρώμενοι.

470 4680 767 4751 pellantur,
792 4675 973 4732 statim
993 4683 1051 4728 ut
1075 4671 1495 4742 subterfugiant,
1521 4670 1588 4726 ad
1609 4669 1925 4740 allegoriam
1945 4685 2065 4726 sese

475 4779 736 4826 convertu
746 4778 824 4824 ηι.

540 4866 596 4920 2.
631 4863 705 4918 Ea
761 4877 818 4917 re
847 4858 1122 4929 decipiunt
1152 4855 1511 4926 simpliciores
1554 4854 1695 4922 quod
1747 4854 1977 4923 ﬁngunt,
2010 4866 2070 4906 se

474 4962 699 5012 credere
734 4956 787 5008 in
815 4954 1046 5014 Patrem,
1080 4961 1134 5006 et
1167 4949 1383 5015 Filium,
1418 4958 1473 5004 et
1495 4948 1758 5017 Spiritum
1792 4957 2066 5006 sanctum,

475 5065 600 5107 cum
660 5061 840 5104 tamen
873 5043 1022 5100 Patri
1057 5053 1173 5099 tres
1207 5043 1342 5097 istas
1377 5040 1621 5096 tribuant
1653 5037 2066 5108 appellationes,

475 5153 712 5210 eumque
749 5136 988 5190 humana
1040 5134 1215 5186 forma
1252 5132 1534 5201 praeditum
1565 5138 1777 5200 putent,
1803 5138 1857 5183 ei
1887 5144 1952 5184 ex
1987 5128 2072 5181 bi-

475 5250 562 5290 ms
601 5229 813 5288 cerebri
859 5225 1169 5298 panniculis
1199 5224 1358 5278 binos
1418 5224 1597 5277 radios
1648 5221 1922 5284 emittere,
1985 5221 2068 5276 al-

476 5340 652 5384 terum
680 5324 824 5391 Filii,
853 5325 1088 5378 alterum
1122 5317 1357 5388 Spiritus
1384 5317 1582 5371 sancti.
1627 5316 1803 5386 Atque
1833 5316 1905 5369 ita
1933 5316 2064 5370 ﬁdes

476 5417 596 5473 istls
633 5417 687 5472 in
724 5416 890 5469 Deum
938 5423 1260 5482 corporeum
1290 5417 1763 5474 monstrosumque
1813 5408 2062 5474 vertitur,

475 5509 632 5578 cujus
655 5507 799 5562 nulla
831 5505 990 5574 plane
1018 5500 1451 5559 sitexsistentia.
1497 5498 1568 5554 Ut
1609 5514 1738 5570 ergo
1765 5500 1911 5554 Patri
1951 5508 2063 5555 tres

477 5599 606 5658 istas
635 5600 944 5655 tribuerent
973 5597 1391 5670 appellationes,
1426 5609 1493 5654 ex
1529 5591 1840 5651 Sabelliana
1873 5595 2062 5651 haeresi

551 5806 568 5839 ³
594 5805 752 5861 Prov.
777 5819 891 5869 xu,
917 5803 969 5857 1.

2243 4858 2308 4928 β’.
2333 4854 2636 4926 ιιρόσχηρα
2659 4849 2757 4920 μὲν
2792 4845 3008 4915 ἀπάτης
3033 4841 3142 4894 τῶν
3167 4834 3556 4905 ἁπλουστέρων
3574 4833 3632 4884 τὸ
3667 4847 3760 4884 πι-

2171 4923 2498 5008 στεύειν-είς
2536 4945 2793 5013 Πατέρα,
2850 4937 2947 4991 καὶ
2979 4935 3125 4996 Υίὸν,
3175 4929 3272 4985 καὶ
3327 4928 3485 4998 ἅγιον
3529 4923 3761 4990 Πνεῦμα

2169 5040 2611 5114 προϐάλλονται,
2673 5035 2772 5098 τὰς
2817 5032 2968 5102 τρεῖς
3017 5027 3073 5080 δὲ
3127 5023 3334 5085 ταύτας
3390 5019 3616 5090 κλήσεις
3679 5015 3761 5084 τῷ

2170 5136 2347 5206 Πατρὶ
2384 5133 2781 5202 προσάπτουσι,
2841 5127 2935 5178 καὶ
2965 5116 3532 5191 ἀνθρωποπρόσωπον
3567 5108 3760 5163 τοῦτον

2171 5200 2618 5296 ὑπολαμϐάνουσι
2691 5216 2819 5286 παρ’
2895 5213 3170 5280 ἑκατέραν
3244 5206 3492 5277 μήνιγγα
3563 5200 3762 5253 ἀκτῖνα

2171 5291 2526 5390 ἐκλάμποντα
2544 5355 2558 5380 ,
2600 5314 2698 5383 τὴν
2733 5315 2831 5381 μὲν
2864 5305 2996 5361 Υίοῦ
3019 5345 3034 5370 ,
3065 5303 3162 5374 τὴν
3191 5301 3247 5354 δὲ
3271 5297 3414 5352 Πνεύ
3425 5310 3593 5367 ματος
3616 5334 3629 5352 ,
3660 5291 3762 5342 καὶ

2172 5414 2317 5468 οὕτω
2355 5406 2729 5476 καταστρέφει
2765 5399 2974 5461 τούτοις
3002 5398 3036 5466 ἠ
3070 5396 3256 5454 πίστις
3301 5393 3380 5454 είς
3415 5381 3763 5458 σωματοειδῆ

2170 5521 2296 5560 τινα
2319 5504 2412 5557 καὶ
2435 5497 2847 5568 τερατόμορφον
2871 5490 3026 5550 Θεὸν,
3055 5487 3150 5540 καὶ
3173 5485 3344 5546 δντως
3376 5478 3759 5544 ἀνύπαρκτον.

2173 5598 2248 5650 Τὸ
2295 5593 2395 5666 μὲν
2438 5563 2531 5643 οῦν
2587 5563 2932 5657 προσάπτειν
2979 5578 3056 5649 τῷ
3107 5575 3287 5646 Πατρὶ
3332 5573 3426 5636 τὰς
3458 5563 3762 5641 εἰρημένας
