4132 6402
1385 322 1760 385 PANOPLIA
1806 312 2270 378 DOGMATICA.
2302 335 2371 345 —
2409 311 2558 370 Tl'I‘.
2597 308 2849 370 XXVII.

452 453 607 521 τρεῖς
640 450 864 517 κλήσεις
901 449 964 502 ὲκ
1005 449 1102 518 τῆς
1128 443 1464 510 Σαδελιανῆς
1505 439 1772 512 αἱρέσεως
1821 433 2036 493 ἔλαϐον,

2158 427 2470 483 .lidiccrunt.
2512 425 2697 493 ltaque
2727 421 3032 477 confutatio
3065 435 3130 475 ex
3165 421 3344 488 titulo,
3391 421 3480 489 qui
3525 423 3578 476 in
3626 424 3740 476 Sau-

453 544 552 616 τὴν
590 543 647 596 δὲ
693 542 789 594 τοῦ
819 541 1068 593 τοιούτου
1108 538 1378 606 δόγματος
1427 529 1746 604 ἀνατροπὴν
1781 527 2045 598 ζητητέον

454 639 514 689 ὲν
545 633 626 705 τῷ
651 633 816 700 τιτλῳ
850 630 927 701 τῷ
955 631 1098 682 κατὰ
1130 628 1498 682 Σαὸελιανῶν.
1529 625 1610 695 Τῇ
1652 624 1839 694 μέντοι
1879 635 2042 688 τερα-

453 723 732 796 τομορφία
765 722 860 776 τοῦ
894 723 1014 774 κατ’
1039 719 1240 782 αὐτοὺς
1277 718 1411 772 Θεοῦ
1442 719 1503 770 τὸ
1538 714 1910 786 σωματοειδὲς
1950 712 2045 764 καὶ

453 818 516 871 τὸ
547 816 647 884 τῆς
687 813 904 885 μορφῆς
938 812 1229 866 ἀλλόκοτον
1265 811 1488 878 ἀρκέσει
1519 810 1657 876 πρὸς
1694 807 1936 874 ἔλεγχον.

527 907 601 976 γ’.
623 908 862 974 Λέγουσι
885 905 977 958 τὸν
1001 905 1128 957 Υἱὺν
1157 903 1252 957 καὶ
1267 902 1324 955 τὸ
1348 900 1570 969 Πνεῦμα
1596 901 1657 951 τὸ
1682 901 1832 966 Ξιγιον
1849 900 1924 958 εἰς
1953 896 2044 949 τὸν

455 1001 682 1070 Πατέρα
718 999 904 1062 πάλιν,
952 997 1046 1066 ἀφ’
1077 991 1142 1050 οὗ
1189 996 1464 1066 προῆλθον
1486 1035 1501 1060 ,
1533 993 1902 1063 ἀναλυθῆναι,
1948 992 2046 1043 καὶ

456 1091 844 1162 τριπρόσωπον
871 1089 1033 1144 αὑτὸν
1057 1088 1169 1143 ἀπὸ
1193 1087 1288 1141 τοῦ
1316 1085 1860 1155 πεντακισχιλιοστοῦ
1889 1085 2044 1146 ἔτους

457 1183 585 1254 ἄχρι
616 1183 713 1236 καὶ
749 1183 1048 1252 τριάκοντα
1093 1181 1190 1234 καὶ
1233 1179 1404 1252 τριῶν
1452 1179 1590 1232 ὲτῶν
1622 1179 2045 1249 χρηματίσαντα

457 1277 624 1330 πάλιν
656 1276 914 1346 γενέσθαι
947 1275 1379 1347 μονοπρόσωπον
1399 1313 1415 1338 ,
1448 1271 1747 1344 ἀσώματον
1786 1270 1920 1342 μὲν,
1953 1271 2048 1322 ἁν-

458 1368 860 1440 θρωπόμορφον
899 1368 980 1422 δέ.
1019 1366 1124 1419 Φεῦ
1167 1368 1266 1436 τῆς
1297 1363 1500 1434 πολλῆς
1542 1361 1942 1433 ἀναισθησίαςῑ
1982 1361 2045 1412 Ὢ

457 1461 552 1513 τοῦ
584 1461 820 1524 πλατέος
847 1459 1119 1528 γέλωτοςι
1160 1458 1222 1512 El
1257 1457 1367 1527 γὰρ
1401 1455 1696 1526 ἀσώματος
1719 1496 1734 1523 ,
1784 1455 1902 1518 πῶς
1950 1456 2046 1507 ἀν-

459 1553 864 1624 Θρωπόμορφος
889 1570 904 1619 ;

532 1730 598 1782 δ’.
621 1728 860 1796 Λέγουσι
893 1729 1036 1800 μήτε
1059 1729 1188 1782 Υἰδν
1219 1722 1383 1794 εἶναι,
1430 1728 1570 1799 μήτε
1617 1726 1846 1796 Πνεῦμα
1887 1726 2045 1794 ἅγιον

2149 520 2414 574 bellianos
2457 517 2750 584 inscriptus
2795 523 2901 580 eSI,
2945 513 3178 583 petenda
3206 513 3329 568 erit.
3367 511 3523 579 Quod
3558 524 3740 567 autem

2153 621 2453 666 monstrosa
2489 609 2654 662 Deum
2688 623 2844 660 suum
2887 606 3062 659 forma
3121 607 3627 671 comminisrantur,
3675 622 3740 661 ex

2149 716 2410 772 corporea
2471 684 2816 767 absurdeque
2869 699 3071 767 specie,
3121 713 3286 768 quam
3339 698 3416 752 illi
3475 697 3741 764 tribuum,

2149 793 2307 848 facile
2339 801 2517 863 potest
2540 791 2782 857 intelligi.

2216 887 2266 939 5.
2303 886 2495 940 Dicunt
2542 882 2738 937 Filium
2771 895 2822 938 et
2853 883 3112 953 Spiritum
3145 891 3395 939 sanctum
3436 884 3488 937 in
3527 883 3743 937 Patrem

2146 993 2388 1043 rursum,
2429 991 2496 1030 ex
2530 990 2636 1045 quo
2670 987 3054 1045 provenerunt,
3082 974 3607 1045 resolvi,ipsumque
3648 976 3743 1044 qui

2147 1085 2290 1124 anno
2349 1068 2552 1122 abhinc
2612 1066 2901 1136 quinquies
2952 1066 3238 1121 millesimo
3305 1065 3744 1135 quingentesimo

2149 1161 2424 1216 tricesimo
2453 1160 2612 1214 tertio
2659 1160 2823 1212 trium
2876 1157 3044 1213 fuerit
3092 1172 3470 1226 personarum,
3527 1172 3742 1209 rursum

2152 1254 2312 1308 unius
2349 1252 2547 1306 laetum
2578 1265 2701 1305 esse
2752 1265 3017 1319 personae,
3073 1250 3452 1316 incorporeum
3501 1249 3742 1314 quidem,

2146 1345 2240 1399 sed
2275 1345 2510 1399 humana
2549 1352 2728 1396 tamen
2758 1341 2931 1396 forma
2983 1340 3287 1408 praeditum.
3344 1338 3602 1393 Facessat
3645 1339 3746 1391 ab-

2146 1439 2308 1492 surda
2335 1444 2393 1490 et
2422 1435 2490 1488 ab
2517 1435 2663 1488 omni
2690 1448 2913 1502 prorsus
2938 1447 3101 1486 sensu
3124 1432 3297 1486 aliena
3323 1432 3483 1485 ratio.
3517 1431 3571 1483 Si
3595 1428 3746 1483 enim

2148 1530 2502 1598 incorporeus
2541 1534 2644 1590 est,
2695 1525 2968 1595 quomodo
3010 1523 3281 1593 forma_sit
3322 1524 3554 1577 humana
3603 1525 3744 1591 prae-

2147 1625 2292 1680 ditus
2315 1623 2338 1677 ?

2218 1717 2274 1769 4.
2311 1715 2522 1786 Negant
2550 1715 2744 1771 Filium
2784 1725 2838 1768 et
2869 1714 3132 1784 Spiritum
3186 1719 3436 1766 sanctum
3473 1721 3646 1777 usque
3675 1708 3744 1760 ad

458 1820 588 1891 ἄχρι
621 1819 716 1874 τοῦ
763 1822 1310 1892 πεντακισχιλιοστοῦ
1354 1820 1814 1892 πεντακοσιοστοῦ
1867 1821 2040 1885 ἔτους,

2158 1808 2437 1878 quinquies
2509 1810 2857 1864 millesimum
2882 1817 2936 1861 et
2987 1804 3482 1874 quingentesimum
3536 1815 3742 1854 annum

457 1911 645 1964 ἔκτοτε
674 1909 731 1964 δὲ
758 1911 945 1966 λαϐεῖν
969 1915 1166 1975 αὐτοὺς
1196 1915 1375 1985 ἀρχὴν
1401 1914 1496 1967 τοῦ
1523 1910 1688 1978 εἶναι,
1716 1917 1810 1966 καὶ
1837 1913 2040 1983 ὀνομά-

457 2003 670 2071 ζεσθαι,
727 2005 904 2057 καίτοι
952 2005 1048 2058 τοῦ
1108 2005 1502 2075 εὐαγγελιστοῦ
1579 2007 1830 2060 Ἰωάννου
1883 2007 2043 2078 βρον-

457 2096 657 2160 τῶντος
689 2099 745 2149 ὲν
781 2097 858 2167 τῷ
891 2099 1109 2166 λέγειν,
1154 2093 1257 2153 Ἐν
1282 2100 1441 2170 ἀρχῇ
1473 2098 1551 2166 ἦν
1586 2103 1620 2154 δ
1660 2103 1888 2170 Λόγος,
1944 2103 2043 2155 καὶ

459 2189 699 2256 όΛόγος
729 2185 811 2260 ἦν
838 2191 990 2258 πρὸς
1019 2193 1130 2245 τὸν
1157 2193 1326 2257 Θεὸν,
1356 2193 1454 2246 καὶ
1491 2195 1637 2260 Θεὸς
1665 2192 1744 2266 ἦν
1767 2199 1798 2248 ό
1831 2196 2046 2263 Λόγοςε

461 2281 533 2336 Τὸ
562 2283 619 2334 δὲ
664 2286 765 2336 Ἐν
793 2283 950 2352 ἀρχῇ
982 2281 1061 2355 ἦν
1092 2287 1124 2339 ό
1158 2288 1385 2354 Λόγος,
1429 2287 1543 2340 ἴσον
1572 2287 1805 2357 ἐστὶ-τῴ
1849 2289 1961 2341 ‘Act
1981 2285 2047 2359 ἦν

460 2378 489 2428 ὁ
513 2376 706 2444 Λόγος.
741 2378 802 2430 Εἰ
835 2379 892 2431 δὲ
923 2382 949 2431 ὁ
974 2379 1147 2447 Λόγος
1178 2380 1266 2431 ἀεὶ
1297 2377 1363 2450 ἦν
1402 2381 1460 2433 ἐν
1491 2379 1569 2450 τῷ
1603 2382 1778 2450 [Iath
1798 2419 1812 2447 ,
1855 2383 1950 2434 καὶ
1991 2381 2050 2432 τὸ

465 2469 688 2538 Πνεῦμα
740 2470 802 2521 τὸ
857 2472 1014 2538 ἅγιον
1045 2473 1132 2524 ἀεὶ
1159 2474 1324 2541 συνῆν
1361 2473 1469 2542 ἄρα
1500 2473 1577 2543 τῷ
1609 2473 1742 2542 mp.
1783 2475 1891 2526 Καὶ
1939 2477 2049 2544 γὰρ

461 2560 571 2613 οὐδ’
603 2562 632 2612 ὁ
683 2561 812 2633 παρ’
859 2564 1020 2633 ἡμῶν
1061 2565 1472 2634 προφερόμενος
1530 2566 1686 2634 λόγος
1733 2567 2050 2637 εὑρίσκεταί

465 2670 596 2705 ποτε
623 2655 792 2724 χωρὶς
830 2655 1170 2725 πνεύματος.
1203 2659 1267 2709 0i
1309 2658 1366 2710 δὲ
1400 2658 1656 2725 λέγοντες
1698 2659 1790 2712 τὸν
1837 2660 2054 2728 Πατέρα

465 2749 634 2818 χωρὶς
661 2745 802 2799 εἶναι
829 2747 924 2800 τοῦ
954 2749 1130 2816 Λόγου
1173 2752 1338 2818 μέχρι
1379 2749 1474 2802 τοῦ
1509 2751 2052 2819 πεντακισχιλιοστοῦ

465 2839 927 2893 πεντακοσιοστοῦ
975 2841 1152 2906 ἔτους,
1189 2841 1384 2908 ἄλογον
1415 2843 1580 2895 αὐτὸν
1618 2843 1748 2912 ἄχρι
1775 2844 1896 2896 τότε
1918 2884 1931 2907 ,
1956 2844 2055 2896 καὶ

465 2930 670 2998 ἄσοφον
692 2973 707 2997 ,
743 2933 838 2986 καὶ
872 2933 1136 2988 ἀδύνατον
1166 2934 1592 3004 δογματίζουσιν
1613 2974 1628 2999 ,
1685 2934 1770 2988 ἵνα
1804 2936 1873 2988 τὰ
1921 2937 2056 3005 περὶ

467 3023 561 3076 τοῦ
591 3024 748 3093 ἁγίου
787 3026 1106 3092 Πνεύματος
1137 3027 1424 3095 ἐάσωμεν,
1465 3029 1560 3080 καὶ
1587 3029 1688 3090 τὰς
1725 3027 1892 3093 ἄλλας
1929 3030 2056 3082 ἀτο-

467 3116 628 3183 πίας,
655 3118 712 3172 αἶ
747 3121 811 3190 τῇ
845 3119 1158 3195 μωρολογία
1182 3119 1388 3174 τούτων
1420 3119 1881 3177 ἐπακολουθοῦσι.

544 3393 608 3448 ε’.
624 3393 893 3462 Λέγουσιν
915 3433 929 3457 ,
965 3396 1046 3448 ὅτι
1071 3396 1100 3448 ὁ
1119 3396 1216 3465 μὲν
1237 3396 1429 3466 Πατὴρ
1461 3397 1721 3466 ἐγέννησε
1749 3397 1811 3450 τὸ
1832 3399 2062 3468 Πνεῦμα

467 3485 530 3539 τδ
568 3488 746 3556 ἅγιον,
785 3487 947 3540 τοῦτο
989 3487 1044 3541 δὲ
1071 3489 1332 3556 ἐγέννησε
1367 3489 1764 3558 πνευματικῶς
1795 3489 1886 3542 τὸν
1922 3508 2060 3560 προ-

469 3579 630 3648 δότην
693 3579 937 3645 Ἰούδαν,
984 3580 1080 3632 καὶ
1127 3579 1255 3643 τοὺς
1304 3580 1497 3633 ἕνδεκα
1542 3580 1898 3644 ἀποστόλους.
1952 3582 2061 3634 Καὶ

468 3670 807 3743 προφέρουσι
857 3672 1018 3741 ῥῆσιν
1064 3670 1360 3739 εὐαγγελικ
1402 3688 1468 3734 ν,
1517 3670 1771 3740 Ἀϐραὰμ
1797 3712 1812 3736 ,
1853 3675 2057 3742 φησιν,

467 3762 764 3833 ἐγέννησε
807 3780 916 3816 τον
962 3762 1190 3828 Ἰσαὰκ,
1257 3771 1462 3819 ἰσαᾱκ
1503 3762 1572 3815 δὲ
1621 3764 1915 3832 ἐγέννησε
1954 3766 2061 3818 τὸν

466 3855 690 3919 Ἰακὼϐ,
725 3856 939 3910 Ἰακὼϐ
957 3857 1025 3909 δὲ
1044 3859 1340 3926 ἐγέννησε
1366 3857 1472 3910 τὸν
1506 3857 1755 3920 Ἰούδαν,
1785 3859 1881 3911 καὶ
1914 3859 2060 3924 τοὺς

469 3949 777 4019 ἀδελφοὺς
827 3949 1051 4013 αὐτοῦ,
1104 3952 1233 4020 περὶ
1276 3951 1376 4017 τῆς
1406 3949 1568 4016 ἁγίας
1621 3949 1852 4020 Τριάδος
1884 3949 2062 4003 ταῦτα

469 4043 782 4112 γεγράφθαι
816 4041 1232 4110 διατεινάμενοι.
1267 4041 1494 4110 Πρῶτον
1538 4041 1636 4110 μὲν
1665 4038 1759 4093 οὖν
1799 4042 1860 4092 οὐ
1901 4045 2062 4110 μόνον

471 4135 623 4199 Υἱὸν,
653 4134 788 4187 αλλὰ
820 4139 909 4186 καὶ
947 4134 1138 4187 υἱωνὸν
1181 4134 1570 4201 ἐπεισάγουσι,
1606 4135 1698 4186 καὶ⁴
1725 4134 1824 4202 οὐχ
1866 4133 2062 4186 υἱωνὸν

475 4231 658 4301 μόνον,
694 4229 829 4282 ἀλλὰ
863 4229 958 4282 καὶ
985 4229 1198 4281 δώδεκα
1229 4228 1615 4298 τρισεγγόνους
1655 4228 1778 4279 ὅσον
1811 4226 1946 4296 πρὸς
1971 4227 2063 4279 τὸν

474 4322 714 4391 Πατέρα.
755 4321 988 4373 Ἔπειτα
1049 4321 1099 4371 εἰ
1150 4318 1248 4372 καὶ
1301 4320 1328 4370 ὁ
1378 4320 1505 4382 Υἱὸς
1566 4319 1792 4390 πατὴρ,
1823 4320 1948 4384 ,καὶ
2000 4319 2062 4371 τὸ

476 4413 698 4481 Πνεῦμα
734 4412 796 4466 τὸ
833 4411 990 4480 ἅγιον
1021 4411 1172 4474 αὖθις
1205 4411 1408 4483 πατὴρ,
1448 4411 1557 4464 ἰδοὺ
1597 4416 1746 4476 τρεῖς
1798 4413 2058 4481 Πατέρες.

2145 1902 2438 1966 exstitisse,
2471 1917 2646 1972 coque
2689 1899 3011 1971 principium
3043 1897 3379 1951 extrinsecus
3416 1895 3745 1962 suscepisse,

2147 2005 2206 2048 ut
2235 2005 2415 2049 essent
2469 2004 2524 2050 et
2553 1995 2988 2056 nominarentur,
3018 2005 3140 2045 cum
3190 2001 3369 2043 tamen
3417 1988 3745 2056 evangelista

2145 2084 2384 2143 Joannes
2444 2087 2590 2142 clara
2616 2101 2747 2141 voce
2797 2096 2948 2140 tonet
2986 2103 3000 2139 :
3035 2082 3104 2137 In
3148 2083 3430 2151 principio,
3469 2082 3745 2150 inquiens,

2149 2190 2261 2235 erat
2302 2178 2544 2246 Verbum,
2579 2192 2623 2235 et
2643 2179 2870 2234 Verbum
2914 2186 3029 2232 erat
3091 2178 3232 2244 apud
3288 2175 3475 2237 Deum,
3503 2183 3551 2228 et
3599 2173 3739 2226 Deus

2149 2283 2265 2327 erat
2294 2273 2693 2328 Verbum.lllud
2720 2283 2898 2326 autem
2928 2288 2942 2325 :
2976 2269 3040 2323 In
3066 2270 3323 2338 principio
3346 2277 3458 2321 erat
3491 2265 3736 2330 Verbum,

2154 2365 2292 2420 idem
2329 2375 2434 2431 est,
2455 2381 2517 2420 ac
2557 2365 2602 2421 si
2627 2366 2778 2420 dicas
2809 2381 2822 2419 :
2854 2364 3080 2432 Semper
3125 2372 3244 2417 erat
3278 2361 3534 2415 Verbum.
3585 2361 3739 2426 Quod

2154 2459 2199 2513 si
2241 2459 2408 2514 Filius
2438 2473 2653 2524 semper
2691 2458 2791 2512 fuit
2825 2459 2876 2511 in
2916 2455 3096 2522 Patre,
3146 2464 3203 2509 et
3239 2455 3474 2524 Spiritus
3519 2462 3748 2507 sanctus

2155 2566 2369 2620 semper
2393 2551 2579 2621 utique
2611 2550 2709 2604 fuit
2738 2567 2860 2603 cum
2882 2549 3264 2618 Filio,quaudo
3287 2563 3354 2601 ne
3379 2547 3601 2601 verbum
3621 2546 3744 2614 qui-

2159 2646 2280 2699 dem
2321 2661 2348 2698 a
2378 2646 2529 2699 nobis
2555 2644 2826 2714 prolatum
2860 2643 3136 2696 invenitur
3171 2656 3408 2709 unquam
3442 2639 3559 2692 sine
3592 2639 3742 2707 Spiri-

2162 2749 2238 2791 tu.
2275 2739 2373 2803 Qui
2405 2747 2584 2790 autem
2623 2739 2841 2791 Patrem
2866 2736 2984 2790 sine
3013 2735 3152 2789 Filio
3204 2749 3374 2803 usque
3423 2733 3491 2787 ad
3542 2748 3744 2785 annum

2159 2830 2445 2899 quinquies
2533 2829 2880 2882 millesimum
2965 2826 3462 2896 quingentesimum
3559 2825 3750 2878 dicunt

2160 2923 2354 2988 fuisse,
2387 2939 2508 2976 eum
2543 2923 2611 2976 ad
2645 2921 2772 2975 illud
2826 2934 3000 2990 usque
3053 2930 3264 2989 tempus
3317 2918 3546 2972 rationis
3599 2932 3749 2976 usus,

2161 3017 2439 3086 sapientia:
2467 3015 2829 3084 potentiaeque
2863 3013 3029 3068 fuisse
3052 3020 3330 3082 expertem
3365 3020 3651 3074 asserunt,
3692 3021 3754 3064 ut

2163 3110 2380 3163 interim
2415 3110 2480 3162 de
2513 3108 2714 3177 Spiritu
2748 3118 2938 3162 sancto
2987 3118 3283 3168 taceamus,
3323 3105 3751 3171 omittamnsque

2166 3213 2360 3256 caetera
2422 3202 2785 3264 incommoda,
2847 3216 2966 3268 qua:
2999 3198 3217 3254 stultam
3268 3200 3495 3252 istorum
3532 3198 3750 3267 Opinio-

2167 3308 2289 3348 nem
2315 3301 2745 3361 consequuntur.

2236 3406 2290 3460 5.
2321 3404 2504 3472 Pater,
2540 3405 2811 3474 inquiunt,
2842 3404 3034 3459 Filium
3054 3405 3259 3474 genuit,
3294 3415 3346 3460 et
3373 3405 3543 3460 Filius
3569 3404 3756 3474 genuit

2167 3498 2434 3566 Spiritum
2465 3505 2740 3561 sanctum,
2764 3498 2852 3553 hic
2883 3508 3060 3551 autem
3091 3497 3288 3552 Judam
3338 3501 3524 3565 genuit
3570 3499 3754 3566 prodi-

2175 3597 2374 3649 torem,
2404 3597 2458 3642 et
2505 3589 2754 3643 undecim
2791 3589 3083 3658 apostolos.
3120 3587 3186 3643 Et
3235 3590 3546 3657 Opinionem
3597 3605 3752 3644 suam

2166 3677 2440 3748 Evangelii
2470 3681 2799 3734 conﬁrmant
2857 3681 3166 3734 leStimonio
3199 3698 3212 3734 :
3253 3681 3516 3734 Abraham
3572 3681 3752 3748 genuit

2169 3769 2348 3834 Isaac,
2379 3767 2540 3824 Isaac
2574 3781 2748 3824 autem
2768 3772 2944 3839 genuit
2965 3769 3158 3833 Iacob,
3178 3769 3344 3823 Jacob
3369 3779 3545 3824 autem
3574 3772 3754 3839 genuit

2163 3857 2387 3924 Judam,
2418 3869 2465 3911 et
2503 3845 2694 3926 fratres
2721 3860 2835 3926 ejus
2874 3861 2919 3912 ¹.
2953 3857 3079 3913 Haec
3117 3860 3183 3914 de
3243 3871 3430 3914 sancta
3483 3858 3758 3913 Trinitate

2167 3952 2334 4004 fuisse
2369 3949 2571 4019 scripta
2611 3953 2965 4005 contendunt.
3004 3952 3242 4004 Primum
3278 3951 3445 4020 igitur
3499 3965 3606 4004 non
3662 3967 3754 4005 so-

2166 4045 2276 4097 lum
2310 4043 2497 4108 lilium,
2530 4044 2623 4097 sed
2678 4054 2926 4112 nepotem
2982 4043 3266 4108 inducunt,
3331 4057 3430 4098 nec
3500 4053 3750 4112 nepotem

2167 4136 2346 4197 modo,
2380 4137 2472 4190 sed
2505 4135 2785 4188 duodecim
2817 4137 3046 4204 genitos,
3096 4145 3360 4203 quantum
3411 4136 3474 4188 ad
3530 4134 3748 4190 Patrem

2166 4229 2419 4297 pertinet.
2483 4226 2751 4280 Praeterea
2784 4229 2824 4280 si
2865 4224 3033 4279 Filius
3081 4241 3298 4294 quoque
3377 4236 3531 4296 pater
3572 4237 3756 4290 εει,οι

2167 4318 2404 4388 Spiritus
2426 4328 2646 4373 sanctus
2671 4333 2886 4371 rursum
2925 4329 3081 4387 pater
3110 4329 3214 4382 est,
3249 4333 3376 4372 ecce
3408 4326 3516 4372 tres
3543 4318 3752 4371 Patres.

2165 4411 2449 4477 Quomodo
2480 4411 2643 4478 igitur
2679 4427 2844 4462 tmttm
2871 4411 3091 4463 Patrem
3127 4409 3498 4463 conﬁtentur?
3529 4410 3612 4465 Ad
3642 4412 3757 4465 haec

475 4506 586 4559 Καὶ
637 4505 750 4567 πῶς
799 4504 899 4560 ἕνα
954 4504 1178 4572 Πατέρα
1228 4502 1650 4572 δογματίζοντες
1691 4501 2052 4571 ὁμολογοῦσι;

2163 4504 2206 4558 si
2243 4502 2476 4570 Spiritus
2514 4513 2734 4556 sanctus
2768 4511 2850 4554 est
2891 4501 3032 4553 tillns
3087 4500 3229 4566 Filii,
3283 4517 3414 4556 ecce
3479 4503 3569 4558 hie
3627 4505 3753 4559 item

477 4600 588 4654 Καὶ
622 4601 786 4651 πάλιν
829 4599 875 4651 εἰ
918 4598 978 4650 τὸ
1021 4597 1246 4666 Πνεῦμα
1279 4598 1338 4649 τὸ
1388 4597 1544 4665 ἅγιον
1591 4597 1708 4660 υἱὸς
1747 4596 1842 4648 τοῦ
1893 4596 2062 4661 Υἱοῦ,

481 4693 591 4744 ἰδοὺ
639 4691 918 4744 κάνταῦθα
947 4691 1041 4742 δύο
1085 4689 1371 4760 ΥἱοὶηΚαὶ
1419 4689 1537 4752 πῶς
1585 4689 1681 4742 ἕνα
1735 4689 1859 4742 Υἰόν
1897 4692 1954 4742 ὲν
1996 4692 2064 4760 τῇ

479 4783 733 4854 θεολογίᾳ
791 4785 890 4854 τῆς
953 4783 1186 4852 Τριάδος
1237 4757 1758 4852 Ισυνομολογοῦσιν,
1830 4783 1918 4834 ἵνα
1974 4757 2067 4835 τὸν

491 4874 693 4926 Ἰούδαν
747 4876 842 4926 καὶ
889 4873 1017 4936 τοὺς
1067 4873 1332 4941 ἀδελφοὺς
1384 4873 1552 4926 αὑτοῦ
1596 4875 1738 4928 κατὰ
1776 4874 1836 4926 τὸ
1887 4873 2067 4943 παρὸν

480 4968 734 5037 ἐάσωμεν
755 4981 770 5030 ;

555 5058 631 5124 ς’.
663 5061 901 5128 Λέγουσι
931 5059 1024 5112 τὸν
1064 5059 1298 5129 δαίμονα
1329 5060 1419 5112 τὸν
1467 5059 1618 5130 παρὰ
1663 5060 1756 5112 τοῦ
1812 5061 2064 5130 Σωτῆρος

479 5150 850 5220 ὀνομασθέντα
879 5151 1126 5203 Σατανᾶν
1161 5149 1277 5203 υἱὸν
1313 5151 1408 5203 καὶ
1442 5150 1608 5202 αὑτὸν
1631 5144 1772 5202 εἶναι
1804 5149 1900 5206 τοῦ
1926 5151 2064 5202 Θεοῦ

481 5244 577 5294 καὶ
619 5243 865 5312 Πατρδς,
899 5241 1306 5312 ὀνομαζόμενον
1337 5242 1658 5313 Σαταναὴλ,
1709 5241 1805 5294 καὶ⁵
1845 5242 2064 5312 πρῶτον

482 5333 575 5386 τοῦ
611 5334 740 5386 Υἰοῦ
775 5338 869 5388 καὶ
904 5336 1107 5400 Λόγου,
1151 5337 1243 5388 καὶ
1281 5335 1664 5407 ἰσχυρότερον,
1713 5335 1810 5389 ἆτε
1844 5338 2063 5406 πρωτό-

482 5442 672 5491 τοκον,
715 5426 790 5488 ὡς
821 5423 958 5480 εἶναι
1004 5428 1226 5490 τούτους
1267 5427 1535 5494 ἀδελφοὺς
1578 5428 1844 5497 ἀλλήλων.
1909 5426 2064 5482 Εἶναι

2167 4595 2274 4649 duo
2304 4594 2449 4648 Filii.
2481 4593 2764 4660 Quomodo
2817 4595 2980 4660 igitur
3009 4610 3178 4648 unum
3227 4595 3423 4648 Filium
3471 4596 3526 4649 in
3562 4610 3757 4652 sancta

2166 4687 2438 4742 Triuitate
2479 4687 2732 4748 tradunt,
2787 4697 2846 4740 ut
2901 4687 3035 4740 nihil
3067 4686 3121 4740 in
3179 4689 3467 4757 prtesentia
3519 4688 3586 4743 de
3613 4687 3756 4745 Juda

2168 4779 2412 4834 dicamus
2435 4789 2490 4830 et
2521 4779 2780 4834 fratribus
2809 4776 2971 4845 ejus'?

2237 5066 2295 5121 6.
2320 5067 2508 5120 Dicunt
2530 5067 2852 5130 diemonem,
2882 5066 2974 5134 qui
3000 5083 3026 5117 ει
3045 5065 3332 5120 Ξεινοιοτθ
3350 5067 3650 5135 appellatus
3672 5081 3758 5126 est

2167 5156 2422 5222 Satanas,
2470 5157 2636 5210 lilium
2683 5157 2996 5225 esseipsum
3043 5173 3260 5225 quoque
3292 5159 3384 5213 Dei
3440 5158 3642 5225 Patris,
3697 5174 3755 5215 et

2163 5250 2347 5304 vocari
2406 5249 2684 5313 Satanael,
2709 5260 2760 5304 et
2784 5247 2920 5303 Filio
2954 5249 3130 5304 Verbo
3160 5259 3289 5303 natu
3327 5252 3583 5318 majorem
3633 5269 3756 5307 esse

2165 5342 2736 5411 praestantioremqne,
2795 5349 2982 5408 utpote
3039 5341 3499 5410 primogenitum;
3555 5343 3753 5400 fratres

2163 5433 2329 5502 igitur
2365 5448 2508 5488 esse.
2550 5433 2656 5486 Sed
2682 5432 2939 5487 Satanael
2972 5434 3163 5486 domus
3191 5447 3313 5485 esse
3339 5444 3749 5501 procuratorem

482 5517 538 5569 δὲ
583 5518 671 5571 τὶν
702 5519 985 5589 Σαταναὴλ
1025 5523 1310 5590 οἰκονόμον
1335 5564 1348 5586 ,
1394 5523 1488 5576 καὶ
1530 5522 1926 5592 δευτερεύοντα
1966 5522 2054 5574 τοῦ

2158 5535 2214 5579 et
2244 5526 2510 5579 secundus
2539 5535 2659 5594 post
2692 5523 2905 5577 Patren
2942 5537 3122 5592 partes
3166 5526 3428 5590 obtinere,
3455 5530 3753 5595 eademque

488 5611 695 5679 ιιατρὸ,
719 5652 732 5675 ,
771 5614 866 5680 τὴν
900 5615 1067 5666 αὑτὶνν
1105 5617 1250 5669 αὐτῷ
1287 5618 1670 5685 περικείμενον
1699 5621 1791 5666 mi.
1820 5620 2056 5686 μύρῳ-ᾖν,

559 5793 574 5822 ι
606 5793 791 5850 Matth.
823 5813 857 5862 Ι,
890 5795 946 5852 ⁸2.

2161 5622 2297 5672 stola
2347 5628 2397 5670 et
2428 5620 2606 5671 habitu
2644 5618 2892 5671 indutum
2919 5631 3061 5681 esse,
3094 5627 3148 5670 et
3200 5619 3264 5670 ad
3301 5618 3416 5685 ejus
3472 5621 3749 5674 dexteram
