4132 6404
415 311 554 375 1295

1650 313 2034 373 EUTIIYMII
2088 313 2452 374 ZIGABENI

3563 315 3703 381 1296

408 428 694 484 considere
724 426 779 482 in
807 427 970 493 solio,
1004 436 1059 484 et
1087 429 1379 485 secundam
1412 428 1613 482 habere
1643 428 1989 502 dignitatem,

2098 431 2191 484 καὶ
2215 430 2434 502 στολὴν,
2464 431 2557 484 καὶ⁵
2577 430 2633 482 ἐν
2654 428 2809 502 δεξιᾷ
2827 430 2996 484 αὐτοῦ
3018 429 3164 501 καθὴ
3174 448 3339 502 μενον
3359 433 3455 486 ἐπὶ
3478 433 3697 502 θρόνου,

400 514 504 590 q'ua
542 521 758 591 quidem
792 522 1002 576 ebrium
1061 521 1331 591 stulteque
1363 520 1659 586 sublatum,
1714 519 1783 572 de
1844 519 1995 575 defe-

399 612 582 664 ctione
601 611 895 679 cogitasse,
924 619 1249 679 arreptaque
1276 609 1547 679 quondam
1571 608 1863 664 occasione
1895 609 1996 662 mi-

402 703 604 757 nistras
636 712 877 757 tentasse
910 710 1234 772 potestates,
1290 710 1348 756 nt
1407 717 1640 757 excusso
1698 700 1993 755 ministerii

395 801 526 869 jngo
554 808 612 846 se
644 801 1024 859 sequerentur,
1078 798 1134 845 et
1169 806 1357 844 secum
1396 790 1446 843 in
1487 788 1704 842 Patrem
1755 801 1995 842 consur-

400 894 610 953 gerent.
652 881 719 936 Et
771 882 835 936 ad
887 880 1196 936 istiusmodi
1224 896 1395 951 nugas
1465 879 1866 935 conﬁrmandus
1926 893 1993 932 cx

403 976 567 1029 Luca!
598 973 893 1043 Evangelia
930 972 1242 1043 parabolam
1300 971 1539 1026 afferunt
1571 972 1738 1027 villici
1795 970 1998 1040 iniqui-

396 1070 547 1129 tatis,
605 1066 696 1134 qui
729 1065 908 1120 debita
975 1065 1175 1118 minuit
1221 1063 1574 1118 debitoribus.
1634 1060 1787 1116 Hunc
1849 1061 1994 1116 enim

397 1174 516 1213 esse
541 1157 818 1222 Satanael,
846 1157 988 1211 etde
1014 1159 1114 1210 hoc
1141 1155 1310 1209 fuisse
1332 1155 1590 1224 scriptam
1617 1168 1738 1216 eam
1765 1158 1997 1223 parabo-

397 1253 501 1307 lam
531 1269 545 1317 ;
575 1251 795 1319 angelos
851 1250 1018 1318 igitur
1044 1264 1180 1319 quos
1229 1247 1679 1312 memoravimus,
1717 1253 1999 1314 sperantes

396 1359 454 1399 se
482 1341 738 1396 laboriosi
770 1339 1058 1394 ministerii
1092 1353 1258 1393 ornere
1289 1338 1528 1393 levatum
1560 1338 1649 1398 iri,
1672 1344 1727 1404 et
1780 1336 1994 1403 magnis

394 1436 513 1490 aliis
541 1432 823 1503 promissis
842 1431 1010 1487 fuisse
1035 1432 1307 1500 deceptos.
1338 1429 1542 1483 Ponam
1581 1428 1997 1493 enim,dicebat,

399 1508 649 1579 thronum
739 1540 911 1578 meum
942 1525 995 1577 in
1055 1524 1300 1586 nubibus,
1355 1532 1404 1576 et
1455 1538 1543 1576 ero
1604 1521 1791 1576 similis
1831 1519 1997 1572 Altis-

394 1621 527 1673 simo
561 1618 600 1670 ‘.
640 1615 940 1671 Proditioni
994 1615 1161 1684 igitur
1228 1624 1283 1669 et
1344 1614 1557 1669 insidiis
1617 1613 1984 1668 consensisse.

395 1709 509 1777 Qua
535 1705 755 1777 quidem
780 1720 844 1760 re
868 1703 1272 1782 animadversa,
1296 1703 1470 1757 Deum
1495 1702 1620 1757 illos
1655 1718 1686 1757 e
1710 1703 1848 1756 uelo
1873 1718 1994 1755 om—

2099 523 2311 593 καὶτῆς
2330 522 2452 592 μετ’
2467 522 2634 575 αὐτὸν
2650 522 2819 586 εὐθὺς
2840 524 3011 593 τιμῆς
3031 522 3375 593 ἀξιούμενον,
3400 524 3495 595 ὑφ’
3508 520 3576 596 ἦς
3601 543 3701 595 με-

2097 611 2487 677 θυσθέντα,καὶ
2502 613 2583 675 είς
2600 613 2863 667 ἀπόνοιαν
2885 613 3205 684 ἐπαρθέντα
3246 613 3542 683 μελετῆσαι
3560 621 3701 669 ἀπο-

2100 704 2352 769 στασίαν,
2371 706 2468 758 καί
2492 722 2625 758 ποτε
2645 705 2989 776 δραξάμενον
3006 703 3205 775 καιροῦ
3228 704 3482 760 καθεῖναι
3494 710 3700 778 πεῖράν

2099 813 2214 849 τισι
2248 796 2356 849 τῶν
2380 796 2778 864 λειτουργικῶν
2800 797 3112 868 δυνάμεων,
3136 800 3185 851 εί
3211 796 3487 867 βούλοιντο
3506 817 3700 871 κουφι-

2098 878 2325 957 ζόμεναι
2372 888 2468 942 τοῦ
2523 890 2724 961 βάρους
2776 892 2877 960 τῆς
2926 890 3277 959 λειτουργίας
3328 892 3698 965 ἀκολουθῆσαι

2096 979 2297 1050 τούτῳ,
2325 983 2419 1035 καὶ
2452 981 3043 1052 συγκατεξαναστῆναι
3074 983 3171 1041 τοῦ
3214 985 3452 1056 Πατρός.
3485 986 3580 1049 Εἰς
3613 987 3701 1040 πί-

2100 1088 2219 1126 στιν
2256 1072 2315 1126 δὲ
2338 1075 2436 1143 τῆς
2466 1073 2744 1144 ληροοδίας
2788 1075 3000 1144 ταύτης
3027 1077 3342 1145 παράγουσι
3387 1078 3488 1150 τὴν
3532 1081 3591 1133 ἐν
3617 1080 3699 1149 τῷ

2100 1163 2240 1216 κατά
2261 1162 2483 1217 Λουκᾶν
2495 1162 2815 1233 Εὐαγγελίῳ
2837 1180 2915 1217 πα
2922 1163 3159 1235 ραϐολὴν
3177 1164 3273 1219 τοῦ
3289 1167 3575 1235 οἰκονόμου
3593 1168 3698 1236 τῆς

2098 1253 2338 1318 ἀδικίας,
2364 1254 2432 1308 τά
2453 1254 2565 1307 τῶν
2590 1254 2919 1324 ὀφειλόντων
2939 1255 3079 1331 χρέη
3115 1258 3474 1327 μειώσαντος.
3491 1258 3698 1313 τοῦτον

2098 1346 2208 1415 γὰρ
2230 1346 2320 1399 τὸν
2347 1346 2631 1415 Σαταναὴλ
2662 1342 2809 1400 εἶναι
2828 1387 2844 1413 ,
2873 1348 2968 1400 καὶ⁵
2994 1349 3124 1417 περὶ
3152 1348 3350 1403 τούτου
3380 1350 3699 1419 γεγράφθαι

2098 1437 2202 1508 τὴν
2263 1437 2523 1508 τοιαύτην
2581 1437 2924 1510 παραϐολήν.
2986 1435 3124 1495 Εἶτα
3180 1441 3310 1503 τοὺς
3367 1442 3700 1513 εἰρημένους

2100 1530 2377 1600 ἀγγέλους
2409 1531 2801 1596 δελεασθέντας
2831 1532 2910 1603 τῷ
2949 1534 3246 1605 κουφισμῷ
3289 1536 3390 1606 τῆς
3432 1535 3698 1589 ἐπιπόνου

2101 1625 2491 1697 λειτουργίας,
2546 1626 2645 1681 καὶ
2712 1628 2836 1690 ταῖς
2898 1626 3088 1689 ἄλλαις
3139 1628 3473 1696 ὑπερόγκοις
3524 1631 3701 1696 ἐπαγ-

2103 1719 2337 1788 γελίαις,
2371 1718 2550 1788 Θήσω
2580 1720 2713 1790 γάρ,
2736 1720 3024 1790 φησὶ,τὸν
3054 1722 3281 1788 θρόνον
3292 1737 3414 1790 μου
3447 1720 3549 1775 ἐπὶ
3576 1718 3701 1776 τῶν

395 1814 492 1854 nes
517 1796 835 1852 detrusisse.
858 1795 993 1861 Quis
1025 1793 1231 1848 insulsa
1254 1778 1309 1846 et
1353 1792 1637 1847 manifesta
1656 1792 1881 1847 istorum
1906 1791 1992 1861 ﬁg-

2101 1778 2396 1876 έεερελῶν,
2435 1778 2537 1864 καὶ
2561 1778 2778 1881 εὶγὸιὶάι
2800 1778 3010 1880 ’ὅμοιος
3139 1778 3430 1878 Ὑψίᾶτῳ,
3455 1827 3698 1865 συναπα-

396 1902 574 1946 menta
601 1904 702 1943 nun
732 1886 927 1942 rideat?
958 1885 1013 1941 Si
1037 1886 1181 1940 enim
1212 1894 1401 1940 natura
1433 1884 1709 1940 DeiFilius
1740 1882 1995 1941 Satanael

393 1985 603 2046 fuisset,
629 1980 816 2035 fuisset
838 1979 999 2033 etiam
1031 1986 1223 2032 natura
1262 1978 1422 2042 Dens,
1454 1990 1508 2031 et
1534 1977 1756 2031 omnino
1792 1977 1994 2031 immo-

392 2075 519 2129 bilis
535 2084 589 2127 et
619 2069 994 2126 immutabilis.
1008 2067 1288 2139 Proprium
1303 2069 1447 2123 enim
1465 2076 1549 2123 est
1563 2078 1766 2123 natura:
1779 2068 1992 2133 divinae,

394 2177 453 2221 ut
471 2180 743 2235 mmquam
768 2175 1031 2225 mutetur,
1055 2162 1346 2218 sedeodem
1381 2164 1542 2214 modo
1566 2175 1779 2229 semper
1819 2175 1879 2213 se
1899 2160 1996 2213 lia-

394 2260 538 2313 beat.
552 2254 730 2321 Quare
746 2254 1002 2323 quoniam
1026 2261 1263 2306 mutatus
1279 2259 1388 2314 est,
1406 2259 1465 2304 et
1489 2252 1701 2315 cecidit,
1732 2259 1787 2332 et
1808 2263 1839 2305 e
1856 2250 1995 2307 ctelo

394 2349 746 2419 dejectusest,
771 2360 877 2402 non
908 2353 1028 2401 erat
1053 2352 1243 2399 natura
1262 2343 1432 2399 Filius
1448 2343 1562 2408 Dei,
1594 2344 1687 2399 sed
1712 2344 1872 2398 aiiam
1898 2343 1996 2397 ba-

396 2442 556 2497 bebat
573 2449 1043 2509 naturam,nempe
1060 2438 1362 2505 angelicam
1384 2447 1438 2491 et
1463 2438 1995 2507 procreatam.atqtie

395 2536 516 2592 ideo
549 2531 1058 2599 mutabilein.Quod
1083 2532 1128 2586 si
1151 2531 1465 2599 unigenitus
1486 2536 1573 2583 est
1591 2529 1770 2583 Patris
1800 2530 1991 2593 Filius,

395 2627 658 2693 Verbum,
703 2635 759 2679 ut
796 2623 1127 2693 evangelista
1183 2621 1420 2676 Joannes
1451 2621 1678 2674 docuit:
1727 2619 1990 2682 Vidimus,

396 2720 669 2790 inquiens,
701 2718 924 2789 gloriam
986 2717 1100 2785 ejus
1148 2714 1374 2784 gloriam
1426 2715 1583 2772 auosi
1646 2712 1913 2785 Unigeniti
1961 2732 1992 2767 a

390 2813 589 2877 Patre,
628 2821 681 2865 et
735 2825 992 2864 rursum:
1050 2807 1358 2877 Unigenitus
1415 2804 1612 2871 Filius,
1672 2808 1760 2876 qui
1813 2816 1888 2859 est
1940 2807 1992 2857 in

395 2904 515 2957 sinu
553 2901 754 2965 Patris,
805 2902 918 2968 ipse
947 2899 1212 2953 enarravit
1244 2899 1289 2962 ’⁸,
1340 2899 1627 2951 mendaces
1681 2897 1992 2966 deprehen-

395 2998 600 3050 duntur
651 3003 707 3049 et
773 2995 1097 3061 impositores
1156 2990 1245 3059 qui
1306 2988 1530 3043 fratrem
1585 2989 1755 3057 ipsius
1807 2991 1994 3043 dicunt

2096 1897 2293 1969 χθῆναι
2325 1900 2526 1970 τούτῳ,
2547 1902 2646 1954 καὶ
2673 1902 3009 1969 κοινωνῆσαι
3024 1904 3124 1970 τῆς
3158 1900 3489 1969 ἐπιϐουλῆς·
3509 1902 3699 1961 αίσθό,

2094 2007 2259 2060 μενον
2316 1991 2376 2046 δὲ
2416 1993 2623 2063 ταύτης
2663 1992 2756 2047 τὸν
2814 1992 2951 2046 Θεὸν
3020 1992 3178 2063 ῥίψαι
3219 1993 3442 2056 τούτους
3485 1994 3697 2049 ἀνωθεν

2093 2084 2231 2153 ὁμοῦ
2286 2086 2521 2150 πάντας.
2578 2088 2643 2140 Ὢ
2693 2087 2793 2157 τῆς
2843 2087 3235 2157 ἀναιδεστάτης
3281 2087 3379 2141 καὶ
3423 2088 3694 2158 προδήλου

2098 2177 2546 2245 μυθοπλαστίαςί
2591 2176 2654 2230 Et
2698 2179 2807 2248 γάρ
2844 2176 3006 2246 φύσει
3054 2177 3191 2231 Θεοῦ
3237 2178 3371 2243 Υἱὸς
3402 2174 3474 2250 ἦν
3513 2179 3544 2232 ό
3589 2179 3696 2232 Σα-

2093 2269 2323 2339 ταναὴλ,
2352 2265 2526 2340 ἧνρᾶν
2557 2270 2656 2324 καὶ
2683 2270 2849 2338 φύσει
2871 2270 3029 2336 Θεὸς,
3059 2271 3155 2323 καὶ
3197 2270 3482 2332 παντελῶς
3533 2270 3700 2340 ἄτρε-

2096 2359 2230 2423 πτός
2280 2377 2341 2413 τε
2384 2361 2481 2415 καὶ
2532 2359 2916 2424 ἀναλλοίωτος.
2970 2360 3136 2413 Ἵδιον
3210 2360 3321 2431 γὰρ
3374 2360 3477 2429 τῆς
3538 2361 3697 2425 θείας

2096 2446 2315 2513 φύσεως
2366 2450 2400 2518 ἡ
2460 2450 2733 2520 ἁτρεψία,
2793 2452 2891 2504 καὶ
2935 2450 2998 2504 τὸ
3053 2450 3321 2513 ὡσαύτως
3377 2451 3524 2522 ἔχειν
3574 2453 3692 2507 ἀεί.

2106 2538 2261 2594 Ἐπεὶ
2296 2541 2350 2594 δὲ
2386 2543 2601 2613 ἐτράπη
2621 2585 2634 2609 ,
2666 2544 2763 2597 καὶ
2794 2543 3024 2610 ἐξέπεσε
3044 2545 3190 2619 ,καὶ
3214 2543 3427 2599 ἀνωθεν
3457 2546 3697 2615 κατενὴ-

2093 2650 2309 2698 νεκται,
2361 2636 2461 2688 οὐκ
2510 2631 2579 2705 ἦν
2607 2638 2772 2706 φύσει
2809 2637 2938 2700 Υἱὸς
2967 2636 3139 2703 Θεοῦ,
3187 2637 3330 2691 ἀλλά
3383 2654 3471 2701 τις
3528 2639 3697 2707 ἑτέρα

2094 2728 2254 2796 φύσις
2300 2730 2569 2801 ἀγγελικὴ
2597 2733 2692 2784 καὶ
2728 2731 2957 2802 κτιστὴ,
3006 2730 3104 2784 καὶ
3133 2731 3222 2784 διὰ
3253 2732 3416 2784 τοῦτο
3448 2732 3690 2802 τρεπτή.

2096 2821 2156 2872 Εἰ
2189 2820 2245 2873 δὲ
2274 2823 2368 2875 καὶ
2393 2823 2700 2891 μονογενής
2729 2823 2882 2875 ἐστιν
2913 2824 2941 2875 ὁ
2973 2820 3071 2877 τοῦ
3110 2821 3329 2893 Πατρὸς
3360 2823 3534 2890 Λόγος
3557 2860 3574 2884 ,
3613 2823 3693 2884 ὡς

2093 2913 2121 2963 ὁ
2186 2913 2585 2983 εὐαγγελιστὴς
2641 2913 2885 2979 ἐδίδαξεν
2942 2914 3223 2985 Ἰωάννης,
3290 2914 3696 2984 Ἐθεασὰμεθα

2092 3005 2223 3074 γάρ,
2245 3006 2403 3073 φησι,
2416 3004 2532 3071 τὴν
2548 3004 2741 3070 δόξαν
2759 3004 2971 3071 αὑτοῦ,
2988 3006 3180 3069 δόξαν
3206 3005 3287 3071 ὡς
3298 3006 3686 3076 Μονογενοῦς

392 3103 514 3143 esse
544 3084 818 3141 Satanael.
858 3083 913 3140 Si
969 3083 1114 3137 enim
1138 3082 1367 3136 fratrem
1399 3080 1621 3135 haberet
1656 3078 1823 3135 Filius
1859 3081 1992 3135 Ver-

394 3179 515 3197 s__.__
573 3175 887 3197 n..:._---:...-
946 3187 1050 3197 ......
1108 3170 1474 3197 ...εηηιιηκηιη-
1550 3169 1702 3197 ΛηηΛ
1745 3170 1790 3197 ..ξ
1851 3180 1895 3197 Λι
1938 3171 1992 3197 ἑ..

2096 3099 2255 3166 παρὰ
2284 3098 2558 3164 Πατρός,
2602 3101 2695 3153 καὶ
2721 3094 2911 3162 αὖθις,
2965 3099 3029 3151 '0
3077 3099 3423 3186 μοις-ογενής
3472 3099 3604 3164 Υἱὸς
3656 3102 3694 3153 δ

394 3179 542 3241 bum,
573 3175 891 3245 Unigcnitus
945 3187 1051 3227 non
1107 3170 1495 3241 appellaretur.
1550 3169 1703 3235 Quod
1745 3170 1791 3224 si
1849 3180 1900 3224 et
1938 3171 1992 3224 in

2097 3161 2193 3243 dir-
2228 3192 2315 3255 είς
2362 3161 2470 3244 τόν
2496 3161 2732 3244 κόλπον
2763 3161 2873 3244 τοῦ
2903 3161 3436 3258 Πατρός,’ἐκεῖνος
3468 3161 3693 3262 ἐξηγή-

393 3267 660 3338 priucipio
702 3274 817 3318 erat
881 3261 1131 3326 Verbum,
1160 3270 1208 3313 et
1247 3259 1468 3313 Verbum
1501 3270 1612 3314 erat
1643 3259 1782 3327 apud
1807 3259 1995 3326 Deum,

393 3369 443 3414 et
476 3358 615 3413 Deus
653 3368 765 3411 erat
810 3354 1065 3419 Verbum,
1096 3361 1155 3407 ut
1183 3352 1519 3421 evangelista
1545 3352 1785 3407 Joannes
1816 3352 1910 3416 ait,
1942 3353 1993 3406 id

394 3464 498 3521 est,
542 3467 756 3518 semper
798 3460 917 3504 erat
957 3463 1076 3503 cum
1117 3448 1299 3512 Patre,
1339 3456 1393 3502 et
1427 3448 1478 3499 in
1513 3445 1696 3512 Patre,
1727 3451 1997 3515 quomodo

393 3548 532 3603 alter
554 3560 675 3600 esse
708 3544 885 3613 potuit
914 3541 1080 3594 frater
1131 3539 1323 3610 ipsius,
1364 3541 1455 3609 qui
1510 3539 1599 3592 illo
1656 3550 1798 3593 esset
1862 3550 1992 3594 natu

393 3635 587 3705 major.
622 3636 710 3705 qui
740 3644 824 3688 est
881 3641 1008 3689 ante
1051 3632 1271 3696 saecula,
1301 3641 1356 3686 et
1384 3647 1486 3684 una
1515 3646 1635 3686 cum
1688 3628 1849 3684 Patre
1900 3631 1998 3683 im-

393 3736 566 3801 perat,
605 3737 660 3783 et
687 3728 809 3783 sine
853 3739 963 3795 quo
1013 3738 1287 3793 nunquam
1345 3722 1505 3777 Pater
1558 3722 1701 3776 fuit?
1741 3721 1994 3791 Alioquin

394 3821 516 3877 sine
551 3820 786 3882 ratione,
811 3826 868 3873 et
890 3818 1008 3872 sine
1038 3816 1330 3886 sapientia,
1359 3827 1414 3869 et
1443 3815 1562 3871 sine
1583 3817 1847 3884 potentia,
1875 3829 1997 3885 qua

392 3913 609 3984 quidem
642 3910 823 3964 omnia
853 3895 937 3963 est
965 3918 1155 3965 natura
1201 3906 1370 3961 Filius
1429 3915 1485 3961 et
1548 3905 1781 3962 Verbum
1836 3907 1986 3975 ejus,

390 4003 708 4060 exstitisset.
743 4000 1005 4068 Quoniam
1043 4000 1204 4071 igitur
1249 3997 1521 4064 Satanael,
1553 4007 1612 4052 ut
1654 3999 1998 4054 demonstra-

391 4098 723 4162 vimus,natu
734 4110 791 4150 ra
818 4110 922 4149 non
949 4104 1066 4149 erat
1087 4094 1231 4148 lilius
1250 4092 1476 4160 Dei,nec
1500 4093 1729 4148 formam
1746 4092 1862 4160 ejus
1885 4109 1998 4149 om-

392 4190 522 4246 nino
543 4187 854 4244 necstolam
880 4187 1165 4266 lta_buit,nt
1189 4186 1525 4247 omittamus.
1549 4186 1691 4255 quod
1741 4186 1878 4245 stola
1941 4196 1999 4242 et

390 4278 558 4335 vestis
579 4276 901 4345 corporibus
923 4284 977 4328 et
996 4277 1157 4330 rebus
1174 4276 1494 4343 compositis
1513 4278 1789 4346 convenit;
1821 4295 1923 4335 nec
1942 4281 1994 4336 in

391 4373 609 4427 dextera
633 4369 771 4423 sedit
787 4367 1295 4436 majestatis,neque
1315 4368 1379 4420 ad
1400 4367 1571 4436 ipsum
1591 4370 1999 4441 pertinet.’para-

2097 3298 2283 3336 σατο·
2332 3281 2584 3350 ληροῦσι,
2610 3283 2702 3335 καὶ
2732 3284 3149 3351 παραπαίουσιν
3182 3284 3230 3336 oi
3251 3285 3504 3353 λέγοντες
3536 3283 3692 3338 ἀδελ-

2098 3377 2202 3442 φὸν
2228 3373 2398 3429 αὐτοῦ
2425 3377 2518 3431 τὸν
2549 3376 2858 3446 Σαταναήλ.
2884 3378 2949 3430 El.
2983 3377 3096 3445 γὰρ
3127 3375 3274 3445 εἶχεν
3304 3377 3553 3442 ἀδελφὸν,
3584 3380 3690 3432 οὐκ

2095 3468 2164 3523 ἂν
2193 3467 2513 3534 ὠνομάζετο
2539 3468 2839 3541 μονογενὴς
2863 3471 2891 3522 ὁ
2919 3472 3118 3539 Λογος.
3154 3471 3215 3523 Εί
3244 3469 3303 3524 δὲ
3331 3469 3428 3525 καὶ
3458 3471 3519 3524 ἐν
3539 3470 3685 3540 ἀρχῇ

2096 3556 2165 3631 ἦν
2208 3563 2235 3613 ὁ
2271 3561 2475 3628 Λόγος,
2529 3564 2625 3615 καὶ
2665 3563 2694 3614 ὁ
2726 3561 2897 3629 Λόγος
2952 3557 3020 3632 ἦν
3061 3562 3197 3631 πρὸς
3244 3562 3335 3615 τὸν
3385 3560 3542 3627 Θεὸν,
3592 3562 3692 3615 καὶ

2078 3653 2230 3716 ,Θεὸς
2269 3648 2339 3722 ἦν
2363 3654 2391 3705 ὁ
2411 3655 2587 3722 Λόγος
2610 3692 2624 3716 ,
2655 3652 2796 3708 κατά
2827 3655 2920 3706 τὸν
2961 3652 3363 3724 εῦαγγελιστὴν
3406 3652 3687 3722 Ἰωάννην,

2098 3745 2382 3799 τουτέστιν
2420 3745 2508 3796 ἀεὶ
2548 3738 2618 3811 ἦν
2655 3743 2795 3812 μετά
2840 3744 2936 3796 τοῦ
2966 3744 3204 3813 Πατρδς,
3246 3744 3340 3797 καὶ
3379 3743 3438 3796 ἐν
3462 3742 3541 3811 τῷ
3564 3742 3687 3796 Πα-

2097 3837 2226 3905 τρὶ,
2272 3837 2391 3897 πῶς
2443 3835 2510 3888 ἂν
2560 3832 2628 3906 ἦν
2674 3835 2860 3905 ἔτερος
2912 3835 3146 3903 ἁδελφὸς
3203 3834 3311 3907 πρὸ
3367 3832 3535 3889 αὐτοῦ
3585 3832 3686 3886 τοῦ

2099 3936 2429 3999 προαιωνιου
2499 3931 2595 3981 καὶ
2645 3931 2988 3997 συνανάρχου
3061 3927 3141 3997 τῷ
3193 3926 3401 3996 [Ia-:91,
3466 3925 3566 3979 καὶ
3620 3923 3682 3978 οῦ

2099 4021 2268 4089 χωρὶς
2302 4020 2560 4074 οὐδέποτε
2605 4015 2675 4091 ἦν
2723 4020 2752 4072 ὁ
2806 4021 3020 4089 Πατὴρ,
3065 4019 3153 4072 ἵνα
3192 4018 3268 4088 μὴ
3307 4017 3541 4086 ἄλογος,
3584 4017 3685 4071 καὶ

2098 4114 2323 4182 ἀσοφος,
2355 4115 2451 4168 καὶ
2480 4114 2743 4177 ἀδύνατος
2770 4113 3055 4185 εὑρεθείης
3091 4112 3280 4169 Ταῦτα
3321 4112 3432 4181 γάρ
3471 4116 3617 4163 ἐστιν
3651 4112 3682 4162 ό

2100 4205 2261 4276 φύσει
2316 4206 2442 4270 Υίὺς
2478 4208 2573 4260 καὶ⁹
2625 4207 2798 4276 Λόγος
2851 4205 3041 4261 αὐτοῦ.
3104 4205 3259 4258 Ἐπεὶ
3296 4205 3353 4258 δὲ
3410 4205 3513 4257 οὐκ
3539 4199 3609 4275 ἦν
3651 4205 3682 4256 ὀ

2100 4297 2385 4371 Σατανᾳὴλ
2431 4298 2590 4366 φύσει
2645 4298 2756 4361 υίὸς
2792 4297 2986 4365 Θεοῦ,
3036 4297 3217 4361 καθὼς
3264 4296 3678 4366 ἀπεδείξαμεν,

2101 4390 2321 4455 πάντως
2362 4392 2482 4446 οὐδὲ
2522 4392 2624 4463 τὴν
2665 4391 2761 4445 τοῦ
2804 4390 2942 4446 Θεοῦ
2984 4391 3300 4461 περιέκειτο
3330 4389 3546 4462 μορφὴν
3579 4391 3677 4444 καὶ

391 4460 511 4516 bola
534 4459 602 4515 de
621 4458 801 4515 villico
818 4457 1140 4528 iniquitatis,
1165 4471 1286 4528 qua:
1307 4457 1464 4513 estin
1494 4458 1788 4530 Evangelia
1808 4461 1985 4522 Lucae.

2096 4484 2320 4554 στολὴν,
2357 4484 2446 4539 ἵνα
2493 4457 2946 4555 παραδράμωμεν
2987 4457 3195 4549 εἰπεῖν,
3231 4457 3462 4536 aneos
3492 4457 3680 4549 σωμά-

391 4591 501 4629 των
535 4573 633 4629 καὶ
670 4572 781 4659 τῶν
825 4570 1101 4625 συνθέτων
1128 4571 1277 4624 ἐστὶν
1317 4572 1349 4640 ἡ
1380 4570 1540 4641 στολὴ
1572 4572 1666 4626 καὶ
1691 4573 1956 4648 περιὸολή
1982 4593 1998 4612 θ
2038 4573 2160 4631 οὐδὲ
2217 4578 2275 4629 ἐν
2305 4575 2457 4647 δεξιᾷ
2483 4576 2579 4629 τοῦ
2607 4575 2802 4646 θρόνου
2835 4573 2936 4644 τῆς
2989 4573 3384 4645 μεγαλωσύνης
3415 4573 3673 4655 ἐκάθητο,

392 4667 517 4721 ούδέ
543 4666 678 4737 περὶ
706 4665 905 4721 τούτου
941 4665 973 4733 ἡ
1007 4665 1067 4718 ἐν
1109 4663 1189 4734 τῷ
1226 4664 1374 4719 κατά
1406 4665 1625 4720 Λουκᾶν
1690 4668 2011 4742 Εὑαγγελίῳ
2052 4671 2185 4741 περὶ
2212 4669 2307 4723 τοῦ
2371 4670 2667 4738 οἰκονόμου
2706 4669 2809 4736 τῆς
2849 4668 3066 4730 ἀδικίας
3107 4667 3329 4736 ἐξετέθη
3361 4666 3671 4737 παραϐολή,

464 4763 518 4815 7.
544 4760 707 4813 Aiunt
724 4758 978 4814 Satanae!
998 4772 1028 4812 e
1044 4757 1371 4813 sublimibus
1384 4758 1677 4829 deiectum,
1699 4766 1990 4833 cumaquis

397 4867 500 4905 non
540 4860 722 4921 posset
747 4851 1007 4916 insidere,
1034 4852 1179 4918 quod
1214 4858 1359 4904 terra
1406 4860 1551 4905 esset
1589 4852 1876 4909 invisibilis
1928 4866 1983 4909 et

395 4941 772 5009 incomposita,
801 4943 1038 4996 divinam
1069 4948 1249 4994 autem
1305 4942 1485 4996 adhuc
1538 4941 1769 4998 formam
1822 4956 1985 5015 atque

395 5036 639 5092 habitum
683 5033 908 5088 haberet
957 5042 1012 5087 et
1067 5033 1282 5091 creandi
1346 5044 1694 5103 potestatem,
1737 5039 1983 5107 angelos,

396 5128 490 5198 qui
543 5142 726 5181 seuttttt
792 5125 1124 5185 ceciderant,
1183 5139 1538 5189 convocasse,
1592 5139 1645 5183 et
1701 5130 1981 5183 audaciam

398 5221 505 5277 illis
537 5218 788 5289 iniecisse
826 5216 1139 5283 dixisseque
1177 5218 1478 5284 :Quoniam
1524 5220 1663 5274 Deus
1701 5218 1832 5273 fecit
1878 5236 1991 5277 cm-

397 5312 504 5365 lnm
532 5320 589 5367 et.
622 5322 844 5375 terram,
880 5307 947 5367 Ιιι
961 5310 1216 5378 principio
1244 5314 1411 5377 enim,
1440 5312 1637 5380 inquit,
1699 5312 1836 5366 Deus
1860 5313 1989 5382 fecit

397 5403 583 5457 uelum
642 5413 687 5455 et
743 5411 983 5462 terram,
1040 5401 1234 5455 iaciam
1290 5413 1345 5455 et
1389 5418 1489 5472 ego
1543 5411 1799 5471 tanquam
1851 5406 1986 5460 alter

400 5493 541 5547 Deus
563 5494 858 5547 secundum
899 5490 1120 5556 coelum,
1170 5500 1227 5545 et
1262 5493 1465 5560 reliqua
1506 5492 1764 5560 deinceps
1786 5499 1985 5554 eodem.

396 5584 605 5639 ordine.
642 5582 785 5637 Dixit
819 5581 1000 5651 igitur,
1039 5581 1329 5651 inquiunt:
1366 5581 1486 5637 Fiat
1548 5584 1973 5655 ﬁrmamentum,

470 5764 482 5790 ‘
520 5763 624 5817 lsa.
661 5759 878 5829 xm”.
959 5761 978 5790 ²
1008 5756 1163 5815 Joan.
1199 5777 1236 5825 ι,
1278 5763 1362 5829 14,
1403 5764 1490 5819 18.

2163 4765 2231 4827 ς’.
2265 4764 2502 4829 Λέγουσι
2526 4762 2619 4815 τὸν
2647 4763 2931 4833 Σαταναὴλ
2949 4762 3158 4819 ἀνωθεν
3186 4761 3432 4832 ῥιφέντα,
3460 4763 3552 4814 καὶ
3597 4761 3673 4832 μὴ

2085 4854 2386 4922 δυνάμενον
2409 4855 2521 4910 τοῖς
2551 4853 2740 4909 ὕδασιν
2771 4852 3052 4925 ἐφιζάνειν
3079 4868 3092 4881 ·
3134 4852 3195 4907 Ἠ
3215 4850 3291 4920 γῆ
3320 4852 3453 4921 γὰρ,
3480 4852 3669 4922 φησὶν,

2084 4941 2163 5015 ἦν
2186 4946 2442 5013 ἀόρατος
2474 4947 2572 4998 καί
2599 4946 3170 5010 ἀκατασκεύαστος·
3203 4944 3440 5017 ἐπείπερ
3472 4943 3556 4996 ἔτι
3577 4943 3677 4996 καὶ

2083 5037 2184 5107 τὴν
2232 5037 2386 5091 θείαν
2420 5038 2736 5107 περιέκειτο
2788 5037 3006 5109 μορφὴν
3052 5038 3145 5092 καὶ
3179 5037 3397 5107 στολὴν,
3443 5038 3542 5089 καὶ
3570 5035 3674 5105 τὴν

2090 5131 2497 5201 δημιουργικὴν
2552 5134 2824 5202 ἐκέκτητο
2873 5132 3128 5202 δύναμιν,
3183 5131 3525 5200 συγκαλέσαι
3571 5129 3673 5193 τὰς

2092 5225 2623 5290 συγκαταπεσούσας
2650 5226 2801 5296 αὐτῷ
2824 5226 3109 5296 δυνάμεις.
3136 5227 3229 5279 καὶ
3254 5225 3456 5294 θάρσος
3477 5223 3670 5284 αὑταῖς

2088 5316 2369 5385 ἐμϐαλεῖν,
2409 5319 2503 5370 καὶ
2532 5320 2733 5382 εἰπεῖν,
2755 5319 2829 5381 ὡς
2872 5319 3027 5374 Ἐπεὶ
3059 5320 3148 5371 τὸν
3176 5318 3407 5388 οὐρανὸν
3444 5316 3539 5371 καὶ
3570 5315 3671 5383 τὴν

2085 5408 2189 5475 γῆν
2211 5410 2237 5460 ὀ
2260 5407 2393 5471 Θεὸς
2412 5408 2690 5478 ἐποίησεν·
2714 5412 2818 5464 Ἐν
2832 5410 2994 5481 ἀρχῇ
3013 5412 3143 5481 γὰρ,
3166 5411 3354 5481 φησὶν,
3380 5407 3670 5473 ἐποίησεν

2084 5503 2117 5555 ὀ
2159 5500 2303 5565 Θεὸς
2346 5502 2455 5555 τὸν
2487 5503 2750 5571 οὐρανὸν
2780 5505 2877 5558 καὶ
2919 5504 3035 5574 τὴν
3058 5502 3176 5573 γῆν
3205 5519 3219 5533 ·
3252 5504 3466 5574 ποιήσω
3508 5497 3668 5564 κάγὼ

2087 5594 2347 5663 δεύτερον
2381 5594 2643 5664 οὐρανὸν,
2679 5596 2754 5661 ὡς
2795 5597 3053 5667 δεύτερος
3092 5596 3226 5659 Θεὸς
3253 5636 3266 5661 ,
3306 5596 3400 5648 καὶ
3435 5593 3500 5646 τὰ
3539 5590 3665 5659 ἑξῆς
