4132 6404
431 389 567 452 1297

1342 381 1716 442 PANOPLIA
1759 378 2222 440 DOGMATICA.
2267 406 2333 414 -—
2372 381 2517 439 TlT.
2567 379 2815 438 XXVII.

3562 375 3702 441 3398

425 506 759 570 ἀκολούθως,
797 502 892 556 καὶ
921 497 1069 567 εἷπε,
1108 500 1402 570 Γενηθήτω
1438 497 1862 569 στερέωμα,’καὶ
1895 496 2013 564 ἐγέ-

2116 506 2166 550 et
2201 494 2405 550 factum
2447 505 2547 550 est.
2577 495 2735 548 Fiant
2765 497 2899 560 inec,
2934 504 2983 548 et
3033 499 3164 557 hare,
3204 505 3256 550 et
3277 495 3412 550 facta
3461 509 3608 556 sunt.
3634 501 3699 552 Et

425 616 567 653 νετο.
591 597 880 666 Γενηθήτω
902 596 1031 648 τάδε
1057 594 1151 647 καὶ
1172 593 1322 655 τάδε,
1347 593 1437 644 καὶ
1459 591 1750 659 γεγόνασιν
1771 589 2009 642 ἅπαντα.

425 693 538 745 Καὶ
569 687 1002 758 κατακοσμήσας
1034 686 1132 756 μὲν
1154 685 1243 737 τὸν
1275 683 1530 752 δεύτερον
1558 683 1791 751 οὐρανὸν
1825 698 2014 750 περιε-

425 785 534 837 λὼν
563 784 618 836 δέ
651 784 711 836 τὸ
751 781 896 850 ὕδωρ
929 781 1037 834 άπὸ
1067 781 1365 850 προσώπου
1408 781 1507 846 τῆς
1547 779 1650 846 γῆς
1673 819 1686 842 ,
1721 777 1814 830 καὶ
1843 777 2013 842 τάξας

424 879 482 929 ἐν
513 871 595 937 οἷς
629 876 919 945 ἐδοκίμασε
952 873 1160 936 τόποις,
1201 872 1273 936 ὡς
1308 874 1340 943 η
1370 871 1465 941 τῆς
1494 869 1886 938 κοσμογενείας
1917 868 2013 937 βι-

425 971 549 1033 6λος
574 969 822 1033 διέξεισι,
866 967 960 1021 xui.
993 965 1346 1027 καλλωπίσας
1382 965 1570 1036 αὐτὴν,
1605 963 1700 1017 καὶ
1735 963 2014 1032 καθωραῖ-

423 1076 564 1124 σας,
599 1059 693 1111 καὶ
721 1058 792 1110 τά
825 1059 890 1111 ἐκ
923 1058 1024 1126 γῆς
1059 1057 1239 1110 πάντα
1274 1055 1522 1126 φυόμενα
1553 1054 2008 1126 δημιουργήσας,

423 1155 518 1206 καὶ
559 1151 629 1204 τὰ
659 1151 811 1214 ζῶα,
848 1150 943 1203 καὶ
979 1148 1033 1202 et
1065 1163 1120 1201 τι
1151 1149 1364 1221 ἕτερον,
1405 1147 1776 1216 ἀπεκλήρωσε
1809 1145 2011 1215 ταύτην

424 1240 604 1310 ἑαυτῷ
655 1257 717 1293 τε
767 1241 862 1296 καὶ
901 1242 1026 1304 ταῖς
1069 1241 1468 1300 ἀποστατικαῖς
1511 1239 1807 1308 δυνάμεσιν
1861 1241 2013 1308 οἰκη-

422 1332 634 1401 τήριον.
672 1332 906 1385 Ἔπειτα
933 1333 1146 1396 πλάσας
1169 1332 1231 1386 τὸ
1260 1333 1420 1401 σῶμα
1434 1332 1528 1385 τοῦ
1558 1332 1736 1401 Ἀδὰμ
1765 1331 1874 1384 ἀπὸ
1909 1331 2010 1400 γῆς

425 1421 582 1476 ὕδατι
613 1424 978 1495 φυραθείσης,
1016 1423 1249 1494 ἔστησεν
1279 1424 1463 1495 ὀρθὸν,
1491 1426 1583 1494 ἀφ’
1610 1419 1671 1478 οὗ
1703 1421 2011 1496 καταρρεό-

425 1518 570 1572 σασά
598 1536 684 1582 τις
714 1519 858 1582 νοτὶς
889 1521 983 1573 ἐπὶ
1013 1520 1106 1572 τὸν
1134 1519 1310 1586 δεξιὸν
1343 1519 1505 1584 πόδα,
1538 1519 1633 1570 καὶ
1667 1518 1756 1571 διά
1790 1515 1884 1570 τοῦ
1920 1533 2015 1584 με·

423 1611 592 1680 γάλου
619 1612 888 1666 δακτύλου
913 1612 1139 1684 χυθεῖσα
1161 1612 1302 1666 κατὰ
1330 1610 1425 1664 τοῦ
1451 1611 1678 1680 ἐδάφους
1704 1610 2012 1672 sumussic

423 1703 597 1775 ἐρρύη
619 1743 632 1766 ,
672 1705 768 1758 καὶ
801 1706 990 1775 σχῆμα
1019 1705 1199 1775 ὅψεως
1231 1704 1586 1760 ἀπετέλεσεν.
1631 1704 1918 1774 Ἀθροίσας
1953 1703 2010 1757 δὲ

419 1798 484 1849 τὸ
535 1799 595 1850 ἐν
647 1798 827 1868 ἐαυτῷ
885 1799 1104 1866 πνεῦμα
1158 1801 1186 1851 ὁ
1237 1797 1529 1865 Σαταναὴλ
1585 1796 1879 1850 ἐνέπνευσε
1930 1796 2009 1867 τῷ

421 1888 723 1943 πλασθέντι
753 1891 968 1959 σώματι
997 1888 1167 1957 ζωὴν,
1203 1889 1267 1941 τὸ
1298 1888 1355 1942 δέ
1389 1890 1448 1954 ἐξ
1476 1889 1638 1941 αὐτοῦ
1676 1888 1894 1956 πνεῦμα
1920 1886 2009 1941 διὰ

418 1981 731 2049 χαυνότητα
774 1983 1088 2053 καταῤῥυέν
1123 1984 1214 2034 ἐπὶ
1255 1982 1346 2034 τὸν
1379 1982 1552 2047 δεξιον
1593 1981 1794 2049 ὁμοίως
1832 1981 1966 2032 πόδα
1991 2018 2004 2041 ,

420 2071 517 2122 καὶ
543 2071 630 2124 διὰ
662 2071 755 2124 τού
779 2073 1018 2142 μεγάλου
1043 2072 1311 2126 δακτύλου
1333 2072 1496 2142 χυθὲν
1521 2073 1598 2133 εἰς
1620 2072 1718 2142 τήν
1741 2069 2006 2138 ἑλικοειδῆ

423 2164 614 2234 ῥανίδα
651 2165 1017 2236 κατέσκηψεν.
1055 2166 1119 2218 Ἠ
1151 2166 1205 2219 δὲ
1232 2165 1550 2235 παραυτίκα
1583 2165 2006 2233 ζωοποιηθεῖσα,

416 2254 516 2306 καὶ
562 2255 950 2323 ἀποτμηθεῖσα
996 2257 1089 2310 τοῦ
1133 2257 1399 2310 δακτύλου
1439 2260 1666 2326 γέγονεν
1714 2258 1864 2325 ὄφις,
1917 2257 2009 2310 καὶ

415 2347 672 2416 εἴρητυσε.
694 2350 796 2402 Διὰ
823 2349 985 2402 τοῦτο
1002 2350 1110 2419 γὰρ
1135 2350 1226 2402 καὶ
1244 2350 1511 2420 φρόνιμον
1535 2349 1701 2402 αὐτὸν
1725 2348 2007 2423 γενέσθαι.

417 2441 518 2494 xui.
548 2445 798 2512 νουνεχῆ,
830 2443 908 2505 ὡς
934 2443 1027 2495 τοῦ
1059 2444 1464 2513 ἐμφυσήματος
1491 2443 1585 2495 τοῦ
1613 2443 1898 2509 Σαταναὴλ
1930 2443 2008 2505 εἷς

419 2537 598 2606 ψυχὴν
627 2537 779 2606 αὐτῷ
810 2538 1209 2599 καταστάντος,
1246 2540 1384 2608 ὅπερ
1423 2537 1546 2589 ἰδὼν
1575 2538 1602 2590 ό
1632 2536 1819 2600 καινὸς
1851 2530 2006 2600 οὗτος

416 2629 772 2700 δημιουργὸς.
792 2633 886 2682 καὶ
916 2632 1100 2700 γνοϋς,
1127 2634 1209 2686 ὅτι
1243 2634 1423 2702 μάτην
1448 2632 1622 2694 πονεῖ,
1652 2628 2008 2700 διεπρεσϐεύ-

419 2736 556 2774 σατο
610 2721 748 2792 πρὸς
800 2722 893 2775 τὸν
946 2725 1151 2792 ἀγαθὸν
1208 2727 1452 2796 Πατέρα,
1502 2724 1596 2777 καὶ
1657 2725 2005 2792 παρεκάλεσε

422 2813 741 2884 πεμφθῆναι
769 2815 1082 2885 παράύτοῦ
1111 2817 1301 2887 πνοὴν,
1327 2815 1805 2886 ἐπαγγειλάμενος
1827 2820 2006 2872 κοινὸν

420 2898 562 2957 εἶναι
594 2904 687 2956 τὸν
715 2905 1023 2978 ἄνθρωπον,
1063 2909 1110 2960 ει
1142 2907 1454 2976 ζωοποιηθῇ
1475 2944 1492 2968 ,
1528 2909 1622 2961 καὶ
1652 2909 1758 2961 ἀπὸ
1789 2911 1884 2962 τοῦ
1919 2911 2009 2977 γέ-

419 3009 545 3053 νους
580 2992 745 3046 αὐτοῦ
781 2994 1123 3066 πληροῦσθαι
1154 2997 1280 3058 τοὺς
1317 2999 1376 3048 ἐν
1410 2996 1628 3066 οὐρανῷ
1661 2997 1865 3060 τόπους
1895 2999 2006 3052 τῶν

417 3085 841 3155 ἀπορριφέντων
868 3089 1136 3155 ἀγγέλων.
1171 3089 1275 3141 Τὸν
1311 3089 1364 3142 δέ
1396 3090 1529 3143 Θεὸν
1554 3090 1628 3153 ὡς
1653 3091 1860 3159 ἀγαθὸν
1887 3096 2007 3147 ἐπι-

2120 602 2240 642 cum
2269 588 2468 640 coelum
2489 589 2783 641 secundum
2831 596 3098 651 ornasset,
3146 597 3201 642 et
3253 604 3422 655 aquas
3480 606 3508 644 a
3566 591 3702 646 facie

2119 687 2274 732 terra:
2295 680 2689 744 contraxisset,
2717 695 2918 748 easque
2966 682 3077 732 Suis
3133 680 3182 731 in
3229 680 3382 744 lucis,
3423 693 3479 733 ιιι
3535 684 3583 736 ei
3627 687 3700 736 ri-

2116 786 2235 825 sum
2265 781 2368 834 est,
2401 771 2740 838 collocasset,
2795 773 3250 841 quemadmodum
3304 773 3354 825 iu
3390 775 3546 838 libro,
3610 776 3700 844 qui

2116 867 2299 920 mundi
2344 867 2585 920 continet
2607 866 3067 936 procreationem.
3093 867 3426 934 descriptum
3453 875 3556 926 est.
3596 878 3702 920 ter—

2115 972 2228 1012 ram
2270 957 2484 1012 ornavit
2513 967 2566 1011 et
2599 959 2904 1023 decoravit,
2939 966 2992 1012 et
3023 959 3200 1012 omnia
3235 959 3361 1012 fecit
3430 975 3548 1028 ψιλυ
3605 975 3701 1010 ua-

2114 1060 2340 1106 scuntur
2369 1065 2396 1104 ο
2447 1061 2614 1114 terra,
2675 1061 2728 1105 et
2757 1050 3008 1105 animalia
3059 1061 3111 1105 et
3143 1052 3186 1104 si
3221 1052 3347 1120 quid
3415 1051 3558 1106 aliud
3595 1062 3700 1109 est,

2115 1157 2342 1212 eamque
2372 1143 2472 1198 sibi
2511 1153 2566 1198 ut
2595 1143 2716 1196 aliis
2762 1143 3142 1210 potestatibus,
3195 1161 3314 1213 quae
3366 1142 3694 1200 defecerant.

2115 1236 2399 1290 constituit
2431 1235 2784 1290 domicilium.
2834 1235 3036 1310 Deinde
3090 1252 3216 1292 cum
3267 1237 3438 1290 Adam
3496 1249 3692 1291 eterra

2117 1343 2255 1395 aqua
2281 1328 2562 1381 commista
2594 1325 2901 1391 formasset,
2953 1343 3076 1382 eum
3138 1339 3345 1383 rectum
3384 1327 3692 1389 collocavit.

2115 1433 2180 1471 ex
2217 1432 2322 1485 quo
2357 1418 2550 1470 humor
2574 1419 2791 1487 quidam
2824 1419 2875 1472 in
2907 1420 3152 1472 dextrum
3200 1420 3389 1488 pedem
3446 1419 3692 1480 deﬂuxit,

2113 1519 2166 1564 et
2195 1524 2288 1576 per
2319 1525 2570 1578 maguum
2596 1510 2820 1576 digitum
2850 1510 3053 1564 effusus
3078 1511 3128 1564 in
3157 1518 3356 1563 terram
3382 1521 3439 1564 se
3464 1510 3697 1564 circum-

2116 1600 2305 1665 volvit,
2335 1611 2388 1654 et
2421 1600 2692 1670 serpentis
2723 1599 2944 1669 ﬁguram
2981 1599 3230 1653 reddidit.
3270 1599 3525 1654 Satausel
3556 1615 3683 1653 vero

2116 1692 2367 1762 spiritum
2399 1708 2556 1748 suum
2583 1693 2843 1762 colligens
2875 1693 2926 1746 in
2978 1706 3171 1760 corpus
3205 1707 3233 1746 a
3293 1708 3352 1748 se
3399 1691 3691 1746 conﬂatum

2116 1785 2278 1839 vitam
2303 1786 2614 1840 insufﬂavit.
2648 1783 2753 1843 Sed
2785 1785 3012 1854 spiritus
3043 1786 3166 1854 ejus
3218 1800 3314 1854 per
3363 1801 3585 1840 vacuum
3625 1785 3726 1850 si:

2114 1877 2312 1932 militer
2333 1877 2502 1932 ﬂuens
2531 1879 2581 1931 in
2602 1879 2881 1932 dexterum
2904 1879 3089 1946 pedem
3125 1886 3283 1945 etper
3300 1893 3548 1946 magnum
3566 1877 3696 1941 digi-

2115 1979 2253 2030 tum,
2282 1970 2334 2022 in
2371 1979 2664 2023 tortuosum
2689 1968 2883 2023 stillam
2914 1968 3134 2034 coaluit,
3167 1983 3286 2038 quae
3312 1971 3494 2024 statim
3528 1968 3692 2022 vitam

2110 2060 2384 2130 accipiens
2432 2069 2487 2114 et
2513 2076 2540 2114 a
2570 2061 2734 2130 digito
2765 2061 3063 2114 abscedens
3093 2075 3320 2129 serpens
3366 2060 3552 2113 etfeeta
3584 2068 3691 2118 est,

2109 2163 2162 2208 et
2191 2155 2460 2222 serpebat.
2494 2153 2698 2207 ldcirco
2724 2153 2893 2216 enim,
2925 2152 3196 2221 inquiunt,
3223 2162 3303 2206 est
3339 2153 3573 2220 prudens
3628 2167 3692 2204 ac

2111 2254 2293 2298 mente
2327 2245 2586 2312 praeditus
2619 2259 2862 2312 serpens,
2894 2245 3151 2314 quoniam
3187 2243 3489 2300 Satanaelis
3518 2242 3692 2298 insuf-

2109 2333 2259 2388 ﬂatio
2318 2335 2390 2389 illi
2420 2336 2522 2389 fuit
2549 2335 2742 2389 anima:
2777 2334 2915 2390 loco.
2949 2337 3101 2401 Quod
3135 2351 3322 2402 ‘novus
3380 2335 3484 2390 iste
3518 2333 3695 2406 epitex

2110 2428 2474 2496 conspicatus,
2507 2442 2627 2481 eum
2657 2427 3113 2482 animadverteret
3171 2443 3230 2482 se
3257 2430 3459 2483 frustra
3484 2428 3698 2482 labora-

2108 2537 2190 2587 re,
2229 2520 2429 2587 legatos
2455 2519 2601 2573 misit
2629 2519 2695 2572 ad
2728 2521 2929 2575 bonum
2969 2529 3200 2589 patrem,
3235 2520 3328 2588 qui
3362 2529 3608 2589 peterent
3642 2531 3700 2574 ut

2108 2613 2348 2668 mitteret
2372 2613 2620 2681 spiritmu
2646 2628 2824 2676 suum,
2859 2613 3216 2682 promisitque
3258 2613 3534 2667 hominem
3578 2613 3696 2666 fore

2105 2719 2472 2768 communem,
2507 2705 2550 2757 si
2577 2704 2741 2757 vitam
2773 2707 3063 2772 acciperet,
3106 2713 3159 2758 et
3191 2720 3254 2758 ex
3291 2720 3489 2774 genere
3525 2704 3696 2774 ipsius

2107 2797 2344 2866 repletas
2381 2796 2442 2849 iri
2477 2797 2655 2860 sedes,
2685 2812 2714 2849 e
2767 2799 2961 2865 quibus
3006 2797 3184 2866 angeli
3220 2797 3416 2865 deiecti
3461 2796 3700 2852 fuerant-

2107 2882 2278 2938 Deum
2311 2895 2489 2939 autem
2529 2896 2714 2954 utpote
2742 2886 2937 2939 bonum
2968 2889 3244 2953 annuisse,
3294 2886 3700 2957 insuﬂlasseque

2111 2975 2418 3030 Satanaelis
2458 2979 2711 3045 ﬁgmento
2743 2978 2990 3047 spiritum
3028 2978 3174 3044 vitro,
3211 2990 3264 3033 et
3300 2981 3560 3034 continuo
3616 2981 3699 3032 fa-

2109 3073 2252 3119 ctum
2278 3082 2398 3121 esse
2425 3068 2698 3122 hominem
2735 3071 2785 3121 in
2818 3071 3050 3122 animam
3081 3071 3374 3136 viventem,
3425 3086 3544 3140 quae
3580 3087 3702 3126 cor-

420 3174 632 3243 νεῦσαι,
691 3179 786 3232 καὶ
845 3179 1164 3248 ἐμφυσῆσαι
1223 3180 1302 3249 τῷ
1357 3184 1511 3252 παρὰ
1571 3183 1667 3235 τοῦ
1722 3185 2012 3254 Σαταναὴλ

2120 3172 2218 3225 pus
2246 3157 2563 3221 illustraret,
2602 3170 2656 3212 et
2689 3160 2972 3230 multiplici
2999 3163 3173 3229 gratia
3221 3165 3525 3219 decoraret.
3569 3162 3703 3219 Post

421 3269 717 3324 πλασθέντι
742 3273 963 3342 πνεῦμα
986 3271 1154 3343 ζωῆς,
1182 3277 1278 3328 καὶ
1300 3275 1559 3343 γενέσθαι
1584 3277 1899 3346 παραυτίκα
1924 3280 2014 3332 τὸν

421 3362 716 3434 ἄνθρωπον
746 3365 826 3428 εἰς
865 3365 1046 3438 ψυχὴν
1077 3368 1262 3432 ζῶσαν
1291 3367 1700 3437 λαμπρύνασαν
1727 3369 1786 3422 τὸ
1816 3371 1978 3440 σῶμα
1997 3412 2011 3436 ,

423 3456 520 3508 καὶ
568 3455 794 3518 πολλαῖς
841 3458 976 3510 αὐτὸ
1019 3460 1541 3527 καταφαιδρύνασαν
1577 3461 1822 3529 χάρισιν.
1879 3460 2014 3514 Εἶτα

423 3547 525 3616 τῆς
561 3546 706 3611 Εῦας
731 3547 936 3620 ὁμοίως
963 3549 1178 3604 ἐκεῖθεν
1213 3553 1559 3622 ποιηθείσης,
1597 3554 1688 3607 καὶ
1717 3557 1838 3615 ταῖς
1869 3555 2012 3616 ἴσαις

423 3639 871 3710 ἀπαστραψάσης
895 3641 1269 3712 λαμπρότησι,
1301 3643 1569 3712 φθονῆσαι
1588 3645 1678 3696 τὸν
1705 3645 2012 3714 Σαταναὴλ,

424 3729 522 3780 καὶ
564 3731 1055 3802 μεταμεληθῆναι,
1093 3734 1187 3786 καὶ
1221 3735 1514 3804 κινηθῆναι
1551 3736 1686 3804 πρὸς
1722 3736 2016 3806 ἐπιϐουλὴν

424 3821 519 3874 τοῦ
561 3822 881 3890 πλάσματος
924 3825 1017 3877 τοῦ
1054 3825 1218 3888 ἰδίου,
1255 3827 1348 3878 xu‘t
1382 3827 1673 3896 εἰσρυῆναι
1704 3831 1818 3890 τοῖς
1844 3830 2013 3897 ἐγκά-

423 3930 538 3977 τοις
569 3915 663 3967 τού
693 3914 896 3984 ὄφεως,
929 3917 1023 3971 xui.
1055 3919 1401 3988 ἐξαπατῆσαι
1429 3921 1525 3990 τὴν
1559 3922 1724 3985 Εὕαν,
1760 3925 1852 3975 καὶ
1887 3941 2018 3991 συγ-

424 4003 686 4066 γενέσθαι
713 4008 878 4077 αὑτῇ,
915 4010 1015 4064 καὶ
1049 4011 1276 4080 ποιῆσαι
1316 4011 1536 4078 ἔγκυον,
1577 4014 1664 4065 ἵνα
1698 4014 1759 4066 τὸ
1793 4015 2016 4084 σπέρμα

426 4094 620 4150 τούτου
653 4098 929 4166 προλαϐὺν
964 4103 1347 4174 κατακυριεύῃ
1386 4102 1480 4156 τοῦ
1512 4105 1807 4174 ἀδαμιαίου
1845 4107 2013 4176 σπέρ-

431 4203 631 4255 ματος,
667 4189 764 4242 καὶ
796 4189 872 4253 ὡς
905 4187 1015 4244 οἷόν
1051 4211 1110 4244 τε
1147 4193 1440 4267 διαφθείρῃ
1462 4236 1476 4261 ,
1512 4197 1608 4253 καὶ
1648 4196 1722 4266 μή
1756 4200 2015 4267 συγχωρῇ

427 4279 761 4345 αὐξάνεσθαι
811 4284 906 4337 καὶ
936 4285 1336 4355 πληθύνεσθαι.
1368 4286 1480 4358 Τὴν
1505 4288 1562 4341 δέ
1585 4293 1797 4361 ταχέως
1825 4291 2020 4361 ὠδινή-

431 4389 605 4426 σασαν
638 4374 1017 4444 ἀπογεννῆσαι
1056 4376 1147 4428 τὸν
1186 4377 1328 4432 Κάῖν
1364 4381 1430 4433 ἐκ
1459 4383 1559 4449 τῆς
1596 4383 1889 4447 συνουσίας
1919 4384 2016 4437 τοῦ

429 4466 742 4539 Σαταναὴλ,
773 4468 870 4521 καὶ
895 4467 1136 4539 άδελφὴν
1165 4468 1388 4539 δίδυμον
1420 4473 1782 4542 ὁμοιότροπον
1802 4513 1816 4538 ,
1844 4475 2017 4546 δνομα

2118 3260 2298 3303 autem
2330 3267 2449 3304 cum
2484 3251 2594 3305 Era
2625 3253 2752 3306 item
2785 3268 2847 3307 ex
2882 3269 2946 3307 eo
2974 3255 3168 3311 fuisset
3198 3256 3451 3322 formata,
3483 3258 3698 3312 eodem-

2115 3357 2219 3413 que
2245 3354 2391 3398 esset
2424 3343 2612 3399 alfecta
2643 3345 2952 3414 splendore,
2982 3346 3235 3402 Satanael
3292 3347 3494 3402 invidia
3550 3365 3701 3404 com-

2117 3449 2320 3491 mounn
2349 3440 2674 3492 sententiam
2709 3449 2945 3495 mutasse
3011 3451 3065 3494 et
3090 3443 3157 3496 ad
3208 3442 3434 3498 insidias
3485 3444 3703 3512 proprio

2116 3529 2374 3597 ﬁgmento
2437 3533 2722 3585 struendas
2785 3549 2843 3586 se
2896 3536 3255 3597 convertisse,
3323 3545 3378 3590 et
3433 3536 3703 3603 serpentis

2116 3621 2412 3676 visceribus
2437 3622 2751 3678 inﬂuentem
2783 3625 3063 3694 decepisse
3123 3625 3314 3692 Evam,
3353 3635 3407 3681 et
3443 3642 3564 3681 cum
3609 3628 3698 3682 illa

2115 3716 2563 3770 consuetudinem
2592 3717 2867 3781 habuisse,
2898 3728 2955 3773 ιιι
2985 3735 3044 3774 ea
3085 3727 3296 3774 uterum
3339 3731 3582 3790 gerente,
3616 3737 3702 3777 se-

2118 3823 2238 3862 men
2279 3809 2450 3876 ipsius
2475 3810 2668 3864 semini
2706 3811 2876 3864 Adam
2932 3816 3188 3878 anteiret,
3241 3825 3295 3868 et
3352 3813 3528 3884 quoad
3585 3815 3702 3869 ﬁeri

2118 3914 2299 3968 posset
2337 3900 2465 3954 illud
2488 3912 2884 3971 corrumperet,
2927 3919 3025 3958 nec
3075 3907 3260 3974 augeri
3320 3907 3700 3975 multiplicari-

2117 4009 2220 4059 que
2250 3993 2608 4061 permitteret.
2636 3994 2740 4050 Sed
2776 3995 2939 4048 EVam
3002 4012 3125 4050 mox
3185 3997 3468 4052 doloribus
3519 4007 3704 4065 partus

2117 4083 2362 4139 allec-tam
2392 4087 2667 4154 peperisse
2708 4086 2841 4140 Cain
2898 4103 2961 4140 ex
3025 4089 3318 4142 concubitu
3379 4088 3703 4151 Satanaelis,

2117 4187 2170 4231 et
2203 4194 2447 4232 sororem
2479 4179 2525 4232 ei
2553 4179 2806 4246 similem,
2845 4180 2930 4233 cui
2990 4196 3187 4236 nomen
3243 4180 3346 4234 fuit
3407 4182 3702 4248 Calonena,

2117 4274 2290 4327 Adam
2327 4289 2454 4328 vero
2489 4271 2836 4327 aemulatione
2859 4281 3192 4327 commotum
3228 4289 3342 4328 rem
3369 4273 3538 4342 ipsam
3568 4289 3705 4344 quo-

2118 4381 2224 4434 que
2263 4366 2516 4421 habuisse
2548 4381 2670 4421 eum
2696 4366 2824 4432 Eva,
2875 4375 2930 4422 et
2982 4365 3116 4422 Abel
3177 4367 3504 4433 suscepisse.
3543 4382 3702 4434 quem

2117 4459 2300 4513 statim
2324 4457 2651 4512 interﬁciens
2672 4456 2830 4521 Cain,
2858 4457 3210 4512 homicidium
3239 4459 3292 4512 in
3321 4462 3484 4512 vitam
3509 4459 3702 4512 intulit.

429 4559 570 4630 αὐτῇ
595 4559 927 4630 Καλωμενά,
966 4560 1422 4632 ζηλοτυπήσαντα
1451 4563 1506 4618 δὲ
1542 4564 1635 4617 τὸν
1677 4567 1855 4636 Ἀδὰμ
1888 4585 2013 4621 συν-

2124 4551 2355 4618 Ideoque
2391 4550 2652 4606 Joannem
2707 4549 3012 4620 apostolum
3049 4550 3269 4613 dixisse,
3308 4551 3448 4618 quod
3470 4550 3601 4603 Cain
3641 4566 3702 4603 ex

431 4652 608 4705 ελθεῖν
638 4654 735 4706 καὶ
762 4654 924 4708 αὑτὸν
947 4656 1015 4725 τῇ
1046 4652 1180 4724 Εὕα,
1211 4653 1306 4708 καὶ
1335 4656 1598 4726 γεννῆσαι
1622 4658 1714 4712 τὸν
1744 4659 1932 4725 Ἀδελ,
1960 4661 2020 4714 δν

431 4743 640 4798 ἀνελὼν
657 4745 822 4808 εὐθὺς
844 4749 870 4798 ὁ
899 4747 1062 4811 Κάῖν,
1081 4746 1174 4800 τὸν
1195 4748 1358 4814 φόνον
1380 4753 1458 4809 εἰς
1475 4752 1567 4803 τὸν
1593 4749 1707 4820 βίον
1732 4752 2015 4823 εἰσήγαγε.

433 4837 535 4890 Διὰ
567 4835 728 4890 τοῦτο
762 4839 860 4892 καὶ
892 4837 985 4892 τὸν
1047 4840 1349 4894 ἀπόστολον
1409 4843 1667 4914 Ἰωάννην
1699 4848 1876 4900 εἰπεῖν
1898 4887 1912 4911 ,
1939 4848 2022 4900 ὅτι

431 4925 460 4975 ὁ
487 4924 625 4977 Κάῖν
647 4926 708 4977 ἐκ
725 4923 820 4977 τοῦ
852 4925 1097 4997 πονηροῦ
1120 4921 1210 4998 ἦν,
1235 4927 1331 4981 τοῦ
1353 4929 1639 5002 Σαταναὴλ
1665 4937 1850 5001 μέντοι
1883 4952 2021 5004 συμ-

435 5016 736 5087 φθαρέντες
778 5018 1027 5086 ἀσελγῶς
1071 5023 1138 5092 τῇ
1188 5020 1302 5094 Et);
1337 5020 1427 5076 διὰ
1475 5023 1643 5094 μέσου
1684 5027 1780 5083 τοῦ
1818 5029 2019 5098 ὄφεως,

435 5108 802 5180 ἀφαιρεθῆναι
832 5110 926 5164 ἀπ’
953 5111 1118 5165 αὐτοῦ
1150 5112 1250 5183 τὴν
1280 5113 1426 5168 θείαν
1457 5115 1658 5170 αὐτίκα
1682 5121 1780 5172 καὶ
1802 5120 2018 5190 στολὴν,

436 5202 531 5254 καὶ
569 5203 804 5274 μορφὴν,
834 5204 930 5257 καὶ
962 5205 1062 5274 τὴν
1100 5205 1524 5278 δημιουργικὴν,
1557 5208 1632 5272 ὡς
1662 5211 1900 5282 εἴρηται,
1927 5213 2023 5267 δύ-

439 5311 620 5364 ναμιν,
651 5298 745 5348 καὶ
763 5298 863 5367 τὴν
885 5296 979 5351 τοῦ
1010 5297 1143 5351 Θεοῦ
1175 5299 1570 5371 προσηγορίαν.
1601 5302 1735 5355 Θεὸν
1760 5304 1867 5373 γὰρ
1893 5305 2020 5375 ἄχρι

436 5391 556 5442 τότε
580 5388 674 5441 καὶ
702 5390 864 5444 αὑτὸν
894 5391 1279 5460 ὀνομάζεσθαι.
1305 5393 1413 5446 Καὶ
1432 5393 1788 5463 γυμνωθέντα
1815 5396 2021 5450 τούτων

435 5482 694 5534 ἁπάντων
757 5483 1034 5536 σκοτεινὸν
1099 5485 1396 5552 γενέσθαι,
1455 5487 1552 5539 καὶ
1611 5486 1850 5557 δυσειδῆ.
1918 5491 2021 5542 Τὸν

437 5573 484 5626 δ’
511 5574 718 5641 ἀγαθὸν
749 5575 966 5645 Πατέρα
992 5578 1153 5649 μέχρι
1183 5578 1376 5632 τούτου
1401 5582 1680 5650 στήσαντα
1701 5581 1798 5650 τὴν
1825 5583 2018 5649 ὀργὴν,

439 5669 660 5733 ἀφεῖναι
691 5666 880 5720 τοῦτον
906 5672 1325 5743 κοσμοκράτορα
1371 5673 1465 5725 καὶ
1494 5673 1704 5744 κύριον,
1757 5669 1828 5727 ὦν
1860 5675 2020 5739 αὐτὸς

441 5757 864 5827 ἐδημιούργησε,
896 5759 1079 5814 πεσὼν
1101 5763 1326 5820 ἄνωθεν.
1359 5762 1546 5820 Ταῦτα
1583 5770 1679 5837 μὲν
1705 5767 1932 5822 ἐκείνων
1955 5770 2022 5823 τὰ

519 5875 530 5902 ‘
566 5873 983 5940 Huau.ttt,12.

2127 4644 2360 4714 maligno
2392 4655 2510 4700 erat
2548 4646 2586 4698 '.
2633 4645 2902 4700 Caeterum
2943 4659 3070 4699 cum
3133 4644 3385 4698 Satanael
3437 4644 3707 4713 impudice

2123 4750 2245 4789 cum
2305 4737 2415 4791 Eva
2477 4752 2573 4806 per
2639 4745 2945 4807 serpentem
3002 4743 3461 4804 corrumperetur,
3525 4735 3704 4790 divina

2126 4825 2293 4880 fuisse
2315 4827 2496 4882 statim
2517 4827 2786 4898 privatum
2802 4825 2972 4881 forma
2991 4841 3054 4882 ac
3073 4827 3416 4891 vestimento,
3436 4834 3489 4880 et
3510 4842 3705 4880 creano

2125 4918 2174 4973 di
2210 4918 2484 4983 facultate,
2532 4931 2589 4974 et
2644 4918 2739 4974 Dei
2784 4918 3163 4989 appellatione.
3216 4919 3414 4988 quibus
3438 4920 3706 4987 ademptis

2125 5013 2285 5068 rebus
2317 5013 2716 5068 tenebricosum
2772 5021 2934 5082 atque
2997 5011 3250 5064 munibus
3293 5012 3522 5065 invisum
3579 5026 3705 5065 ενιπ-

2123 5108 2282 5163 sisse.
2313 5106 2419 5162 Sed
2450 5106 2652 5161 bonum
2681 5104 2898 5159 Patrem
2931 5105 3012 5160 sic
3037 5106 3372 5159 iracundiam
3408 5115 3705 5172 temperas-

2123 5215 2203 5266 se,
2267 5209 2325 5253 ut
2382 5197 2724 5267 permitteret
2772 5211 2894 5249 cum
2966 5204 3242 5250 auctorem
3303 5209 3366 5249 ac
3424 5194 3701 5248 dominum

2124 5307 2308 5347 eorum
2343 5305 2485 5354 esse,
2515 5305 2633 5359 qua:
2658 5290 2773 5359 ipse
2807 5304 2836 5344 e
2860 5289 3185 5345 sublimibus
3217 5287 3420 5340 cadens
3448 5285 3704 5339 condide-

2124 5391 2225 5437 rat.
2259 5381 2563 5436 Istiusmodi
2595 5389 2724 5434 sunt
2782 5380 3025 5449 ipsorum
3089 5376 3304 5430 fabulze.
3361 5373 3551 5428 Verum
3602 5391 3701 5430 cur

2125 5489 2230 5528 non
2253 5474 2424 5542 potttit
2451 5473 2607 5541 aquis
2634 5473 2891 5532 insidere,
2939 5473 3044 5523 imo
3080 5483 3229 5532 vero,
3262 5467 3479 5536 quando
3502 5482 3698 5534 corpo-

2126 5580 2190 5619 ra
2213 5579 2427 5634 quoque
2469 5563 2707 5618 insident
2747 5561 2923 5630 aquis,
2950 5576 3048 5615 cur
3075 5560 3187 5628 ipse
3223 5575 3324 5610 uua
3373 5574 3494 5612 cum
3549 5559 3702 5612 dere.

2132 5655 2397 5710 ctricibus
2439 5653 2541 5708 illis
2578 5651 2958 5721 potestatibus,
2991 5648 3264 5718 proprium
3298 5663 3402 5700 nou
3438 5648 3622 5700 habuit
3647 5648 3698 5701 in

2126 5750 2301 5820 aquis.
2333 5747 2706 5805 domicilium?
2763 5742 3196 5814 quamloquidem
3258 5756 3399 5793 nunc
3447 5743 3608 5796 etiam
3648 5741 3702 5794 in
