  <div class='ocr_page' id='page_1' title='image "/cluster/home/n/w/nwhite01/storage/ocr_20150623/130:no.3/coo.31924054870351/659.png"; bbox 0 0 4132 6410; ppageno 0'>
   <div class='ocr_carea' id='block_1_1' title="bbox 450 410 590 492">
    <p class='ocr_par' dir='ltr' id='par_1_1' title="bbox 450 410 590 492">
     <span class='ocr_line' id='line_1_1' title="bbox 450 410 590 492; baseline 0.043 -6"><span class='ocrx_word' id='word_1_1' title='bbox 450 410 590 492; x_wconf 67' lang='lat'><strong>1399</strong></span> 
     </span>
    </p>
   </div>
   <div class='ocr_carea' id='block_1_2' title="bbox 1671 407 2454 470">
    <p class='ocr_par' dir='ltr' id='par_1_2' title="bbox 1671 407 2454 470">
     <span class='ocr_line' id='line_1_2' title="bbox 1671 407 2454 470; baseline -0.005 0"><span class='ocrx_word' id='word_1_2' title='bbox 1671 409 2054 470; x_wconf 76' lang='lat' dir='ltr'><strong>EUTIIYMII</strong></span> <span class='ocrx_word' id='word_1_3' title='bbox 2097 407 2454 468; x_wconf 65' lang='lat' dir='ltr'><strong>ZlG.-\ilENl</strong></span> 
     </span>
    </p>
   </div>
   <div class='ocr_carea' id='block_1_3' title="bbox 3556 394 3698 462">
    <p class='ocr_par' dir='ltr' id='par_1_3' title="bbox 3556 394 3698 462">
     <span class='ocr_line' id='line_1_3' title="bbox 3556 394 3698 462; baseline -0.028 -1"><span class='ocrx_word' id='word_1_4' title='bbox 3556 394 3698 462; x_wconf 85' lang='lat'><strong>1300</strong></span> 
     </span>
    </p>
   </div>
   <div class='ocr_carea' id='block_1_4' title="bbox 443 509 2028 591">
    <p class='ocr_par' dir='ltr' id='par_1_4' title="bbox 443 520 2014 591">
     <span class='ocr_line' id='line_1_4' title="bbox 443 520 2014 591; baseline -0.001 -20"><span class='ocrx_word' id='word_1_5' title='bbox 443 523 598 591; x_wconf 85' lang='lat' dir='ltr'><strong>aquis</strong></span> <span class='ocrx_word' id='word_1_6' title='bbox 631 521 902 586; x_wconf 83' lang='lat' dir='ltr'><strong>habitant,</strong></span> <span class='ocrx_word' id='word_1_7' title='bbox 936 535 989 580; x_wconf 91' lang='lat' dir='ltr'><strong>et</strong></span> <span class='ocrx_word' id='word_1_8' title='bbox 1050 525 1101 578; x_wconf 90' lang='lat' dir='ltr'><strong>in</strong></span> <span class='ocrx_word' id='word_1_9' title='bbox 1139 522 1398 589; x_wconf 75' lang='lat' dir='ltr'><strong>fontibus,</strong></span> <span class='ocrx_word' id='word_1_10' title='bbox 1454 528 1508 575; x_wconf 88' lang='lat' dir='ltr'><strong>et</strong></span> <span class='ocrx_word' id='word_1_11' title='bbox 1543 521 1594 574; x_wconf 89' lang='lat' dir='ltr'><strong>in</strong></span> <span class='ocrx_word' id='word_1_12' title='bbox 1645 521 1807 585; x_wconf 86' lang='lat' dir='ltr'><strong>mari,</strong></span> <span class='ocrx_word' id='word_1_13' title='bbox 1862 529 1914 574; x_wconf 91' lang='lat' dir='ltr'><strong>et</strong></span> <span class='ocrx_word' id='word_1_14' title='bbox 1959 520 2014 572; x_wconf 91' lang='lat' dir='ltr'><strong>in</strong></span> 
     </span>
    </p>
   </div>
   <div class='ocr_carea' id='block_1_5' title="bbox 2130 509 3696 591">
    <p class='ocr_par' dir='ltr' id='par_1_5' title="bbox 2130 509 3696 586">
     <span class='ocr_line' id='line_1_5' title="bbox 2130 509 3696 586; baseline -0.005 -18"><span class='ocrx_word' id='word_1_15' title='bbox 2130 517 2328 586; x_wconf 77' lang='grc' dir='ltr'>μυθικά</span> <span class='ocrx_word' id='word_1_16' title='bbox 2357 533 2369 546; x_wconf 90' lang='grc'><strong>·</strong></span> <span class='ocrx_word' id='word_1_17' title='bbox 2421 514 2561 570; x_wconf 70' lang='grc' dir='ltr'>ἀλλὰ</span> <span class='ocrx_word' id='word_1_18' title='bbox 2597 515 2712 577; x_wconf 83' lang='grc' dir='ltr'><strong>πῶς</strong></span> <span class='ocrx_word' id='word_1_19' title='bbox 2747 512 2850 567; x_wconf 81' lang='grc' dir='ltr'>οὐκ</span> <span class='ocrx_word' id='word_1_20' title='bbox 2887 511 3122 584; x_wconf 75' lang='grc' dir='ltr'>ἠδύνατο</span> <span class='ocrx_word' id='word_1_21' title='bbox 3175 510 3290 574; x_wconf 80' lang='grc' dir='ltr'>τοῖς</span> <span class='ocrx_word' id='word_1_22' title='bbox 3352 509 3539 564; x_wconf 78' lang='grc' dir='ltr'>ὕδασιν</span> <span class='ocrx_word' id='word_1_23' title='bbox 3572 511 3696 578; x_wconf 78' lang='grc' dir='ltr'><strong>ἐφι-</strong></span> 
     </span>
    </p>
   </div>
   <div class='ocr_carea' id='block_1_6' title="bbox 445 611 2021 682">
    <p class='ocr_par' dir='ltr' id='par_1_6' title="bbox 445 611 2021 682">
     <span class='ocr_line' id='line_1_6' title="bbox 445 611 2021 682; baseline -0.001 -18"><span class='ocrx_word' id='word_1_24' title='bbox 445 613 579 667; x_wconf 78' lang='lat' dir='ltr'><strong>locis</strong></span> <span class='ocrx_word' id='word_1_25' title='bbox 609 615 1003 682; x_wconf 64' lang='lat' dir='ltr'><strong>subterraneis,</strong></span> <span class='ocrx_word' id='word_1_26' title='bbox 1073 630 1193 668; x_wconf 90' lang='lat' dir='ltr'><strong>cum</strong></span> <span class='ocrx_word' id='word_1_27' title='bbox 1231 629 1258 666; x_wconf 93' lang='lat' dir='ltr'><strong>a</strong></span> <span class='ocrx_word' id='word_1_28' title='bbox 1293 614 1515 667; x_wconf 89' lang='lat' dir='ltr'><strong>materia</strong></span> <span class='ocrx_word' id='word_1_29' title='bbox 1576 612 1789 681; x_wconf 78' lang='lat' dir='ltr'><strong>longius</strong></span> <span class='ocrx_word' id='word_1_30' title='bbox 1823 611 2021 677; x_wconf 88' lang='lat' dir='ltr'><strong>absint,</strong></span> 
     </span>
    </p>
   </div>
   <div class='ocr_carea' id='block_1_7' title="bbox 443 701 2025 772">
    <p class='ocr_par' dir='ltr' id='par_1_7' title="bbox 443 701 2025 772">
     <span class='ocr_line' id='line_1_7' title="bbox 443 701 2025 772; baseline 0 -18"><span class='ocrx_word' id='word_1_31' title='bbox 443 719 604 766; x_wconf 88' lang='lat' dir='ltr'><strong>quam</strong></span> <span class='ocrx_word' id='word_1_32' title='bbox 637 704 737 772; x_wconf 86' lang='lat' dir='ltr'><strong>ipsi</strong></span> <span class='ocrx_word' id='word_1_33' title='bbox 774 713 1058 758; x_wconf 74' lang='lat' dir='ltr'><strong>ventorum</strong></span> <span class='ocrx_word' id='word_1_34' title='bbox 1095 703 1292 758; x_wconf 84' lang='lat' dir='ltr'><strong>ﬂatus?</strong></span> <span class='ocrx_word' id='word_1_35' title='bbox 1317 703 1468 770; x_wconf 75' lang='lat' dir='ltr'><strong>Quod</strong></span> <span class='ocrx_word' id='word_1_36' title='bbox 1498 703 1542 756; x_wconf 88' lang='lat' dir='ltr'><strong>si</strong></span> <span class='ocrx_word' id='word_1_37' title='bbox 1571 701 1828 756; x_wconf 88' lang='lat' dir='ltr'><strong>Satanael</strong></span> <span class='ocrx_word' id='word_1_38' title='bbox 1861 712 2025 754; x_wconf 89' lang='lat' dir='ltr'><strong>natu-</strong></span> 
     </span>
    </p>
   </div>
   <div class='ocr_carea' id='block_1_8' title="bbox 444 793 2021 863">
    <p class='ocr_par' dir='ltr' id='par_1_8' title="bbox 444 793 2021 863">
     <span class='ocr_line' id='line_1_8' title="bbox 444 793 2021 863; baseline -0.001 -17"><span class='ocrx_word' id='word_1_39' title='bbox 444 809 501 847; x_wconf 83' lang='lat' dir='ltr'><strong>ra</strong></span> <span class='ocrx_word' id='word_1_40' title='bbox 529 793 714 849; x_wconf 78' lang='lat' dir='ltr'><strong>fuisset</strong></span> <span class='ocrx_word' id='word_1_41' title='bbox 739 794 878 848; x_wconf 86' lang='lat' dir='ltr'><strong>[ilius</strong></span> <span class='ocrx_word' id='word_1_42' title='bbox 908 795 1018 860; x_wconf 86' lang='lat' dir='ltr'><strong>Dei,</strong></span> <span class='ocrx_word' id='word_1_43' title='bbox 1042 795 1278 863; x_wconf 84' lang='lat' dir='ltr'><strong>potentia</strong></span> <span class='ocrx_word' id='word_1_44' title='bbox 1306 797 1449 850; x_wconf 82' lang='lat' dir='ltr'><strong>Patri</strong></span> <span class='ocrx_word' id='word_1_45' title='bbox 1474 809 1572 848; x_wconf 92' lang='lat' dir='ltr'><strong>suo</strong></span> <span class='ocrx_word' id='word_1_46' title='bbox 1595 808 1688 862; x_wconf 89' lang='lat' dir='ltr'><strong>par</strong></span> <span class='ocrx_word' id='word_1_47' title='bbox 1708 794 2021 854; x_wconf 75' lang='lat' dir='ltr'><strong>exstitisset,</strong></span> 
     </span>
    </p>
   </div>
   <div class='ocr_carea' id='block_1_9' title="bbox 443 883 2022 955">
    <p class='ocr_par' dir='ltr' id='par_1_9' title="bbox 443 883 2022 955">
     <span class='ocr_line' id='line_1_9' title="bbox 443 883 2022 955; baseline 0.001 -23"><span class='ocrx_word' id='word_1_48' title='bbox 443 886 893 952; x_wconf 78' lang='lat' dir='ltr'><strong>quemadmodum</strong></span> <span class='ocrx_word' id='word_1_49' title='bbox 922 895 975 938; x_wconf 92' lang='lat' dir='ltr'><strong>et</strong></span> <span class='ocrx_word' id='word_1_50' title='bbox 1008 887 1311 952; x_wconf 83' lang='lat' dir='ltr'><strong>unigenitus</strong></span> <span class='ocrx_word' id='word_1_51' title='bbox 1369 887 1555 953; x_wconf 88' lang='lat' dir='ltr'><strong>Filius,</strong></span> <span class='ocrx_word' id='word_1_52' title='bbox 1581 887 1671 955; x_wconf 92' lang='lat' dir='ltr'><strong>qui</strong></span> <span class='ocrx_word' id='word_1_53' title='bbox 1713 887 1843 940; x_wconf 81' lang='lat' dir='ltr'><strong>dicit</strong></span> <span class='ocrx_word' id='word_1_54' title='bbox 1871 905 1885 940; x_wconf 85' lang='lat'><strong>:</strong></span> <span class='ocrx_word' id='word_1_55' title='bbox 1912 883 2022 950; x_wconf 87' lang='lat' dir='ltr'><strong>Ego</strong></span> 
     </span>
    </p>
   </div>
   <div class='ocr_carea' id='block_1_10' title="bbox 443 973 2024 1045">
    <p class='ocr_par' dir='ltr' id='par_1_10' title="bbox 443 973 2024 1045">
     <span class='ocr_line' id='line_1_10' title="bbox 443 973 2024 1045; baseline 0.003 -21"><span class='ocrx_word' id='word_1_56' title='bbox 443 983 491 1025; x_wconf 71' lang='lat' dir='ltr'><strong>et</strong></span> <span class='ocrx_word' id='word_1_57' title='bbox 521 973 682 1028; x_wconf 79' lang='lat' dir='ltr'><strong>Pater</strong></span> <span class='ocrx_word' id='word_1_58' title='bbox 712 992 872 1028; x_wconf 85' lang='lat' dir='ltr'><strong>unum</strong></span> <span class='ocrx_word' id='word_1_59' title='bbox 921 993 1102 1030; x_wconf 78' lang='lat' dir='ltr'><strong>sumus</strong></span> <span class='ocrx_word' id='word_1_60' title='bbox 1133 978 1172 1031; x_wconf 86' lang='grc'><strong>¹.</strong></span> <span class='ocrx_word' id='word_1_61' title='bbox 1207 977 1272 1030; x_wconf 86' lang='grc' dir='ltr'><strong>Ει</strong></span> <span class='ocrx_word' id='word_1_62' title='bbox 1327 992 1536 1031; x_wconf 88' lang='lat' dir='ltr'><strong>rursum</strong></span> <span class='ocrx_word' id='word_1_63' title='bbox 1578 997 1590 1032; x_wconf 87' lang='lat'><strong>:</strong></span> <span class='ocrx_word' id='word_1_64' title='bbox 1636 977 1850 1040; x_wconf 81' lang='lat' dir='ltr'><strong>Omnia,</strong></span> <span class='ocrx_word' id='word_1_65' title='bbox 1907 992 2024 1045; x_wconf 70' lang='lat' dir='ltr'><strong>qua:</strong></span> 
     </span>
    </p>
   </div>
   <div class='ocr_carea' id='block_1_11' title="bbox 442 1064 2020 1132">
    <p class='ocr_par' dir='ltr' id='par_1_11' title="bbox 442 1064 2020 1132">
     <span class='ocr_line' id='line_1_11' title="bbox 442 1064 2020 1132; baseline 0.001 -16"><span class='ocrx_word' id='word_1_66' title='bbox 442 1065 606 1117; x_wconf 82' lang='lat' dir='ltr'><strong>Pater</strong></span> <span class='ocrx_word' id='word_1_67' title='bbox 633 1064 805 1128; x_wconf 75' lang='lat' dir='ltr'><strong>habet,</strong></span> <span class='ocrx_word' id='word_1_68' title='bbox 833 1082 948 1119; x_wconf 82' lang='lat' dir='ltr'><strong>mea</strong></span> <span class='ocrx_word' id='word_1_69' title='bbox 976 1075 1099 1119; x_wconf 80' lang='lat' dir='ltr'><strong>sunt</strong></span> <span class='ocrx_word' id='word_1_70' title='bbox 1138 1068 1178 1120; x_wconf 86' lang='grc'><strong><em>².</em></strong></span> <span class='ocrx_word' id='word_1_71' title='bbox 1213 1065 1280 1119; x_wconf 85' lang='grc' dir='ltr'>Ει</span> <span class='ocrx_word' id='word_1_72' title='bbox 1311 1081 1526 1121; x_wconf 88' lang='lat' dir='ltr'><strong>rursum</strong></span> <span class='ocrx_word' id='word_1_73' title='bbox 1556 1086 1569 1120; x_wconf 89' lang='lat'><strong>:</strong></span> <span class='ocrx_word' id='word_1_74' title='bbox 1605 1067 1705 1132; x_wconf 82' lang='lat' dir='ltr'><strong>Qui</strong></span> <span class='ocrx_word' id='word_1_75' title='bbox 1737 1068 1868 1120; x_wconf 87' lang='lat' dir='ltr'><strong>vidit</strong></span> <span class='ocrx_word' id='word_1_76' title='bbox 1922 1082 2020 1130; x_wconf 86' lang='lat' dir='ltr'><strong>me,</strong></span> 
     </span>
    </p>
   </div>
   <div class='ocr_carea' id='block_1_12' title="bbox 448 1154 2024 1229">
    <p class='ocr_par' dir='ltr' id='par_1_12' title="bbox 448 1154 2024 1229">
     <span class='ocr_line' id='line_1_12' title="bbox 448 1154 2024 1229; baseline 0.003 -22"><span class='ocrx_word' id='word_1_77' title='bbox 448 1154 657 1208; x_wconf 81' lang='lat' dir='ltr'><strong>Patrem</strong></span> <span class='ocrx_word' id='word_1_78' title='bbox 698 1158 822 1210; x_wconf 78' lang='lat' dir='ltr'><strong>vidit</strong></span> <span class='ocrx_word' id='word_1_79' title='bbox 857 1159 895 1212; x_wconf 91' lang='grc'><strong>³.</strong></span> <span class='ocrx_word' id='word_1_80' title='bbox 924 1157 990 1212; x_wconf 84' lang='grc' dir='ltr'>Ει</span> <span class='ocrx_word' id='word_1_81' title='bbox 1025 1174 1238 1212; x_wconf 91' lang='lat' dir='ltr'><strong>rursum</strong></span> <span class='ocrx_word' id='word_1_82' title='bbox 1268 1175 1283 1213; x_wconf 88' lang='lat'><strong>:</strong></span> <span class='ocrx_word' id='word_1_83' title='bbox 1327 1157 1448 1212; x_wconf 79' lang='lat' dir='ltr'><strong>Nisi</strong></span> <span class='ocrx_word' id='word_1_84' title='bbox 1481 1161 1617 1229; x_wconf 81' lang='lat' dir='ltr'><strong>facio</strong></span> <span class='ocrx_word' id='word_1_85' title='bbox 1643 1175 1798 1226; x_wconf 80' lang='lat' dir='ltr'><strong>Opera</strong></span> <span class='ocrx_word' id='word_1_86' title='bbox 1844 1157 2024 1211; x_wconf 75' lang='lat' dir='ltr'><strong>Patris</strong></span> 
     </span>
    </p>
   </div>
   <div class='ocr_carea' id='block_1_13' title="bbox 443 1247 2024 1319">
    <p class='ocr_par' dir='ltr' id='par_1_13' title="bbox 443 1247 2024 1319">
     <span class='ocr_line' id='line_1_13' title="bbox 443 1247 2024 1319; baseline 0.003 -22"><span class='ocrx_word' id='word_1_87' title='bbox 443 1247 567 1310; x_wconf 83' lang='lat' dir='ltr'><strong>mei,</strong></span> <span class='ocrx_word' id='word_1_88' title='bbox 596 1264 658 1300; x_wconf 83' lang='lat' dir='ltr'><strong>ne</strong></span> <span class='ocrx_word' id='word_1_89' title='bbox 687 1249 742 1300; x_wconf 88' lang='lat' dir='ltr'><strong>in</strong></span> <span class='ocrx_word' id='word_1_90' title='bbox 775 1264 854 1302; x_wconf 89' lang='lat' dir='ltr'><strong>me</strong></span> <span class='ocrx_word' id='word_1_91' title='bbox 877 1251 1069 1302; x_wconf 75' lang='lat' dir='ltr'><strong>credite</strong></span> <span class='ocrx_word' id='word_1_92' title='bbox 1098 1249 1141 1304; x_wconf 77' lang='grc'><strong>⁸.</strong></span> <span class='ocrx_word' id='word_1_93' title='bbox 1203 1249 1354 1316; x_wconf 83' lang='lat' dir='ltr'><strong>Quod</strong></span> <span class='ocrx_word' id='word_1_94' title='bbox 1380 1251 1425 1305; x_wconf 87' lang='lat' dir='ltr'><strong>si</strong></span> <span class='ocrx_word' id='word_1_95' title='bbox 1458 1251 1697 1319; x_wconf 91' lang='lat' dir='ltr'><strong>potentia</strong></span> <span class='ocrx_word' id='word_1_96' title='bbox 1724 1265 1820 1318; x_wconf 89' lang='lat' dir='ltr'><strong>par</strong></span> <span class='ocrx_word' id='word_1_97' title='bbox 1853 1249 2024 1303; x_wconf 81' lang='lat' dir='ltr'><strong>exsti-</strong></span> 
     </span>
    </p>
   </div>
   <div class='ocr_carea' id='block_1_14' title="bbox 444 1337 2023 1410">
    <p class='ocr_par' dir='ltr' id='par_1_14' title="bbox 444 1337 2023 1410">
     <span class='ocr_line' id='line_1_14' title="bbox 444 1337 2023 1410; baseline 0.003 -22"><span class='ocrx_word' id='word_1_98' title='bbox 444 1337 621 1400; x_wconf 86' lang='lat' dir='ltr'><strong>tisset,</strong></span> <span class='ocrx_word' id='word_1_99' title='bbox 649 1339 898 1406; x_wconf 85' lang='lat' dir='ltr'><strong>quamvis</strong></span> <span class='ocrx_word' id='word_1_100' title='bbox 951 1341 1017 1394; x_wconf 87' lang='lat' dir='ltr'><strong>de</strong></span> <span class='ocrx_word' id='word_1_101' title='bbox 1072 1339 1375 1394; x_wconf 82' lang='lat' dir='ltr'><strong>deiectione</strong></span> <span class='ocrx_word' id='word_1_102' title='bbox 1425 1342 1649 1396; x_wconf 89' lang='lat' dir='ltr'><strong>omnino</strong></span> <span class='ocrx_word' id='word_1_103' title='bbox 1707 1342 2023 1410; x_wconf 80' lang='lat' dir='ltr'><strong>cogitasset,</strong></span> 
     </span>
    </p>
   </div>
   <div class='ocr_carea' id='block_1_15' title="bbox 443 1427 2024 1500">
    <p class='ocr_par' dir='ltr' id='par_1_15' title="bbox 443 1427 2024 1500">
     <span class='ocr_line' id='line_1_15' title="bbox 443 1427 2024 1500; baseline 0.004 -21"><span class='ocrx_word' id='word_1_104' title='bbox 443 1427 586 1480; x_wconf 91' lang='lat' dir='ltr'><strong>haud</strong></span> <span class='ocrx_word' id='word_1_105' title='bbox 615 1428 770 1481; x_wconf 77' lang='lat' dir='ltr'><strong>facile</strong></span> <span class='ocrx_word' id='word_1_106' title='bbox 800 1431 1044 1500; x_wconf 86' lang='lat' dir='ltr'><strong>dejectus</strong></span> <span class='ocrx_word' id='word_1_107' title='bbox 1079 1442 1245 1486; x_wconf 86' lang='lat' dir='ltr'><strong>esset.</strong></span> <span class='ocrx_word' id='word_1_108' title='bbox 1272 1431 1525 1499; x_wconf 86' lang='lat' dir='ltr'><strong>Dejectus</strong></span> <span class='ocrx_word' id='word_1_109' title='bbox 1555 1444 1735 1488; x_wconf 90' lang='lat' dir='ltr'><strong>autem</strong></span> <span class='ocrx_word' id='word_1_110' title='bbox 1774 1433 1864 1486; x_wconf 82' lang='lat' dir='ltr'><strong>Dei</strong></span> <span class='ocrx_word' id='word_1_111' title='bbox 1913 1435 2024 1486; x_wconf 78' lang='lat' dir='ltr'><strong>for-</strong></span> 
     </span>
    </p>
   </div>
   <div class='ocr_carea' id='block_1_16' title="bbox 446 1526 2022 1598">
    <p class='ocr_par' dir='ltr' id='par_1_16' title="bbox 446 1526 2022 1598">
     <span class='ocr_line' id='line_1_16' title="bbox 446 1526 2022 1598; baseline 0.004 -25"><span class='ocrx_word' id='word_1_112' title='bbox 446 1537 587 1575; x_wconf 83' lang='lat' dir='ltr'><strong>mam</strong></span> <span class='ocrx_word' id='word_1_113' title='bbox 642 1534 804 1591; x_wconf 78' lang='lat' dir='ltr'><strong>atque</strong></span> <span class='ocrx_word' id='word_1_114' title='bbox 829 1526 1090 1589; x_wconf 86' lang='lat' dir='ltr'><strong>habitum,</strong></span> <span class='ocrx_word' id='word_1_115' title='bbox 1129 1539 1182 1582; x_wconf 92' lang='lat' dir='ltr'><strong>et</strong></span> <span class='ocrx_word' id='word_1_116' title='bbox 1213 1529 1534 1596; x_wconf 76' lang='lat' dir='ltr'><strong>procreandi</strong></span> <span class='ocrx_word' id='word_1_117' title='bbox 1568 1538 1890 1598; x_wconf 91' lang='lat' dir='ltr'><strong>potestatem</strong></span> <span class='ocrx_word' id='word_1_118' title='bbox 1919 1543 2022 1580; x_wconf 91' lang='lat' dir='ltr'><strong>non</strong></span> 
     </span>
    </p>
   </div>
   <div class='ocr_carea' id='block_1_17' title="bbox 447 1615 2021 1688">
    <p class='ocr_par' dir='ltr' id='par_1_17' title="bbox 447 1615 2021 1688">
     <span class='ocr_line' id='line_1_17' title="bbox 447 1615 2021 1688; baseline 0.003 -22"><span class='ocrx_word' id='word_1_119' title='bbox 447 1615 776 1670; x_wconf 87' lang='lat' dir='ltr'><strong>retinuisset.</strong></span> <span class='ocrx_word' id='word_1_120' title='bbox 807 1615 898 1670; x_wconf 93' lang='lat' dir='ltr'><strong>llis</strong></span> <span class='ocrx_word' id='word_1_121' title='bbox 949 1617 1094 1671; x_wconf 89' lang='lat' dir='ltr'><strong>enim</strong></span> <span class='ocrx_word' id='word_1_122' title='bbox 1144 1619 1296 1688; x_wconf 90' lang='lat' dir='ltr'><strong>prius</strong></span> <span class='ocrx_word' id='word_1_123' title='bbox 1331 1620 1480 1674; x_wconf 90' lang='lat' dir='ltr'><strong>illum</strong></span> <span class='ocrx_word' id='word_1_124' title='bbox 1508 1621 1726 1688; x_wconf 87' lang='lat' dir='ltr'><strong>spoliari</strong></span> <span class='ocrx_word' id='word_1_125' title='bbox 1759 1619 2021 1688; x_wconf 86' lang='lat' dir='ltr'><strong>oportuit,</strong></span> 
     </span>
    </p>
   </div>
   <div class='ocr_carea' id='block_1_18' title="bbox 446 1705 2020 1780">
    <p class='ocr_par' dir='ltr' id='par_1_18' title="bbox 446 1705 2020 1780">
     <span class='ocr_line' id='line_1_18' title="bbox 446 1705 2020 1780; baseline 0.001 -22"><span class='ocrx_word' id='word_1_126' title='bbox 446 1705 640 1760; x_wconf 87' lang='lat' dir='ltr'><strong>deinde</strong></span> <span class='ocrx_word' id='word_1_127' title='bbox 673 1707 889 1774; x_wconf 78' lang='lat' dir='ltr'><strong>expelli.</strong></span> <span class='ocrx_word' id='word_1_128' title='bbox 951 1709 1132 1774; x_wconf 85' lang='lat' dir='ltr'><strong>Quare</strong></span> <span class='ocrx_word' id='word_1_129' title='bbox 1182 1725 1305 1764; x_wconf 89' lang='lat' dir='ltr'><strong>cum</strong></span> <span class='ocrx_word' id='word_1_130' title='bbox 1365 1727 1488 1780; x_wconf 88' lang='lat' dir='ltr'><strong>pars</strong></span> <span class='ocrx_word' id='word_1_131' title='bbox 1555 1711 1744 1764; x_wconf 88' lang='lat' dir='ltr'><strong>borum</strong></span> <span class='ocrx_word' id='word_1_132' title='bbox 1784 1710 2020 1764; x_wconf 86' lang='lat' dir='ltr'><strong>absurda</strong></span> 
     </span>
    </p>
   </div>
   <div class='ocr_carea' id='block_1_19' title="bbox 447 1797 2020 1868">
    <p class='ocr_par' dir='ltr' id='par_1_19' title="bbox 447 1797 2020 1868">
     <span class='ocr_line' id='line_1_19' title="bbox 447 1797 2020 1868; baseline 0.003 -19"><span class='ocrx_word' id='word_1_133' title='bbox 447 1803 502 1849; x_wconf 86' lang='lat' dir='ltr'><strong>et</strong></span> <span class='ocrx_word' id='word_1_134' title='bbox 538 1798 607 1847; x_wconf 89' lang='lat' dir='ltr'><strong>ab</strong></span> <span class='ocrx_word' id='word_1_135' title='bbox 639 1797 788 1848; x_wconf 88' lang='lat' dir='ltr'><strong>omni</strong></span> <span class='ocrx_word' id='word_1_136' title='bbox 824 1799 1050 1852; x_wconf 80' lang='lat' dir='ltr'><strong>veritate</strong></span> <span class='ocrx_word' id='word_1_137' title='bbox 1103 1798 1278 1852; x_wconf 88' lang='lat' dir='ltr'><strong>aliena</strong></span> <span class='ocrx_word' id='word_1_138' title='bbox 1329 1801 1611 1868; x_wconf 73' lang='lat' dir='ltr'><strong>perspicue</strong></span> <span class='ocrx_word' id='word_1_139' title='bbox 1650 1803 1742 1864; x_wconf 90' lang='lat' dir='ltr'><strong>sit,</strong></span> <span class='ocrx_word' id='word_1_140' title='bbox 1803 1809 2020 1854; x_wconf 86' lang='lat' dir='ltr'><strong>constat</strong></span> 
     </span>
    </p>
   </div>
   <div class='ocr_carea' id='block_1_20' title="bbox 2127 601 3701 678">
    <p class='ocr_par' dir='ltr' id='par_1_20' title="bbox 2127 601 3701 678">
     <span class='ocr_line' id='line_1_20' title="bbox 2127 601 3701 678; baseline -0.005 -16"><span class='ocrx_word' id='word_1_141' title='bbox 2127 609 2345 674; x_wconf 76' lang='grc' dir='ltr'>ζάνειν,</span> <span class='ocrx_word' id='word_1_142' title='bbox 2413 609 2612 678; x_wconf 78' lang='grc' dir='ltr'>μᾶλλον</span> <span class='ocrx_word' id='word_1_143' title='bbox 2660 607 2715 661; x_wconf 83' lang='grc' dir='ltr'>δὲ</span> <span class='ocrx_word' id='word_1_144' title='bbox 2775 607 2899 660; x_wconf 74' lang='grc' dir='ltr'><strong>ἐπεὶ</strong></span> <span class='ocrx_word' id='word_1_145' title='bbox 2950 608 3012 661; x_wconf 81' lang='grc' dir='ltr'>τὸ</span> <span class='ocrx_word' id='word_1_146' title='bbox 3091 605 3371 674; x_wconf 81' lang='grc' dir='ltr'>ὲφιζάνειν</span> <span class='ocrx_word' id='word_1_147' title='bbox 3448 601 3701 672; x_wconf 83' lang='grc' dir='ltr'>σώματός</span> 
     </span>
    </p>
   </div>
   <div class='ocr_carea' id='block_1_21' title="bbox 2125 691 3702 765">
    <p class='ocr_par' dir='ltr' id='par_1_21' title="bbox 2125 691 3702 765">
     <span class='ocr_line' id='line_1_21' title="bbox 2125 691 3702 765; baseline -0.008 -14"><span class='ocrx_word' id='word_1_148' title='bbox 2125 700 2275 764; x_wconf 79' lang='grc' dir='ltr'>ἐστι,</span> <span class='ocrx_word' id='word_1_149' title='bbox 2351 698 2470 758; x_wconf 73' lang='grc' dir='ltr'>πῶς</span> <span class='ocrx_word' id='word_1_150' title='bbox 2533 698 2634 750; x_wconf 83' lang='grc' dir='ltr'>οὐκ</span> <span class='ocrx_word' id='word_1_151' title='bbox 2696 697 2930 765; x_wconf 68' lang='grc' dir='ltr'>ἠδύνατο</span> <span class='ocrx_word' id='word_1_152' title='bbox 2988 695 3129 764; x_wconf 84' lang='grc' dir='ltr'><strong>μετά</strong></span> <span class='ocrx_word' id='word_1_153' title='bbox 3185 691 3296 745; x_wconf 84' lang='grc' dir='ltr'>τῶν</span> <span class='ocrx_word' id='word_1_154' title='bbox 3355 703 3702 743; x_wconf 76' lang='grc' dir='ltr'>συναποσταο</span> 
     </span>
    </p>
   </div>
   <div class='ocr_carea' id='block_1_22' title="bbox 2122 780 3700 862">
    <p class='ocr_par' dir='ltr' id='par_1_22' title="bbox 2122 780 3700 862">
     <span class='ocr_line' id='line_1_22' title="bbox 2122 780 3700 862; baseline -0.012 -15"><span class='ocrx_word' id='word_1_155' title='bbox 2122 795 2292 847; x_wconf 84' lang='grc' dir='ltr'>τικῶν</span> <span class='ocrx_word' id='word_1_156' title='bbox 2347 793 2631 862; x_wconf 78' lang='grc' dir='ltr'><strong>δυνάμεων</strong></span> <span class='ocrx_word' id='word_1_157' title='bbox 2682 790 2826 861; x_wconf 78' lang='grc' dir='ltr'>ἔχειν</span> <span class='ocrx_word' id='word_1_158' title='bbox 2875 789 2936 842; x_wconf 78' lang='grc' dir='ltr'><strong>τὸ</strong></span> <span class='ocrx_word' id='word_1_159' title='bbox 3007 785 3151 857; x_wconf 78' lang='grc' dir='ltr'>ὕδωρ</span> <span class='ocrx_word' id='word_1_160' title='bbox 3229 780 3700 849; x_wconf 70' lang='grc' dir='ltr'>ἒνδιαιτητήριονς</span> 
     </span>
    </p>
   </div>
   <div class='ocr_carea' id='block_1_23' title="bbox 2126 870 3700 955">
    <p class='ocr_par' dir='ltr' id='par_1_23' title="bbox 2126 870 3700 955">
     <span class='ocr_line' id='line_1_23' title="bbox 2126 870 3700 955; baseline -0.013 -15"><span class='ocrx_word' id='word_1_161' title='bbox 2126 889 2237 940; x_wconf 80' lang='grc' dir='ltr'><strong>Καὶ</strong></span> <span class='ocrx_word' id='word_1_162' title='bbox 2297 885 2407 955; x_wconf 86' lang='grc' dir='ltr'>γὰρ</span> <span class='ocrx_word' id='word_1_163' title='bbox 2444 886 2550 938; x_wconf 66' lang='grc' dir='ltr'>οιαὶ</span> <span class='ocrx_word' id='word_1_164' title='bbox 2602 883 2698 936; x_wconf 79' lang='grc' dir='ltr'>νῦν</span> <span class='ocrx_word' id='word_1_165' title='bbox 2761 881 2950 934; x_wconf 78' lang='grc' dir='ltr'>ὕδασιν</span> <span class='ocrx_word' id='word_1_166' title='bbox 3004 875 3417 937; x_wconf 82' lang='grc' dir='ltr'>ὲνδιαιτῶνται,</span> <span class='ocrx_word' id='word_1_167' title='bbox 3470 870 3567 924; x_wconf 78' lang='grc' dir='ltr'>καὶ</span> <span class='ocrx_word' id='word_1_168' title='bbox 3591 886 3700 938; x_wconf 77' lang='grc' dir='ltr'><strong>πηο</strong></span> 
     </span>
    </p>
   </div>
   <div class='ocr_carea' id='block_1_24' title="bbox 2124 964 3702 1047">
    <p class='ocr_par' dir='ltr' id='par_1_24' title="bbox 2124 964 3702 1047">
     <span class='ocr_line' id='line_1_24' title="bbox 2124 964 3702 1047; baseline -0.013 -15"><span class='ocrx_word' id='word_1_169' title='bbox 2124 981 2250 1047; x_wconf 82' lang='grc' dir='ltr'><strong>γαῖς</strong></span> <span class='ocrx_word' id='word_1_170' title='bbox 2269 1019 2283 1042; x_wconf 93' lang='grc'><strong>,</strong></span> <span class='ocrx_word' id='word_1_171' title='bbox 2335 977 2431 1030; x_wconf 79' lang='grc' dir='ltr'><strong>καὶ</strong></span> <span class='ocrx_word' id='word_1_172' title='bbox 2484 977 2774 1046; x_wconf 76' lang='grc' dir='ltr'><strong>ποταμοῖς,</strong></span> <span class='ocrx_word' id='word_1_173' title='bbox 2827 974 2922 1026; x_wconf 72' lang='grc' dir='ltr'>καὶ</span> <span class='ocrx_word' id='word_1_174' title='bbox 2951 972 3174 1040; x_wconf 78' lang='grc' dir='ltr'>λίμναις</span> <span class='ocrx_word' id='word_1_175' title='bbox 3195 1007 3208 1030; x_wconf 93' lang='grc'><strong>,</strong></span> <span class='ocrx_word' id='word_1_176' title='bbox 3233 966 3328 1019; x_wconf 73' lang='grc' dir='ltr'>καὶ</span> <span class='ocrx_word' id='word_1_177' title='bbox 3364 964 3666 1024; x_wconf 75' lang='grc' dir='ltr'><strong>θαλάσσαις</strong></span> <span class='ocrx_word' id='word_1_178' title='bbox 3685 999 3702 1021; x_wconf 87' lang='grc'><strong>,</strong></span> 
     </span>
    </p>
   </div>
   <div class='ocr_carea' id='block_1_25' title="bbox 2125 1051 3706 1139">
    <p class='ocr_par' dir='ltr' id='par_1_25' title="bbox 2125 1051 3706 1139">
     <span class='ocr_line' id='line_1_25' title="bbox 2125 1051 3706 1139; baseline -0.013 -16"><span class='ocrx_word' id='word_1_179' title='bbox 2125 1071 2217 1123; x_wconf 74' lang='grc' dir='ltr'>καὶ</span> <span class='ocrx_word' id='word_1_180' title='bbox 2249 1069 2596 1139; x_wconf 77' lang='grc' dir='ltr'><strong>καταχθόνιοι</strong></span> <span class='ocrx_word' id='word_1_181' title='bbox 2621 1068 2894 1135; x_wconf 86' lang='grc' dir='ltr'>μένουσιν,</span> <span class='ocrx_word' id='word_1_182' title='bbox 2918 1064 2992 1125; x_wconf 88' lang='grc' dir='ltr'><strong>ὡς</strong></span> <span class='ocrx_word' id='word_1_183' title='bbox 3015 1062 3306 1128; x_wconf 82' lang='grc' dir='ltr'>πνεύματα</span> <span class='ocrx_word' id='word_1_184' title='bbox 3329 1056 3490 1120; x_wconf 78' lang='grc' dir='ltr'>ἇῦλα,</span> <span class='ocrx_word' id='word_1_185' title='bbox 3522 1051 3706 1121; x_wconf 80' lang='grc' dir='ltr'>πολλῷ</span> 
     </span>
    </p>
   </div>
   <div class='ocr_carea' id='block_1_26' title="bbox 2123 1143 3709 1229">
    <p class='ocr_par' dir='ltr' id='par_1_26' title="bbox 2123 1143 3709 1229">
     <span class='ocr_line' id='line_1_26' title="bbox 2123 1143 3709 1229; baseline -0.013 -15"><span class='ocrx_word' id='word_1_186' title='bbox 2123 1161 2234 1214; x_wconf 77' lang='grc' dir='ltr'><strong>τῶν</strong></span> <span class='ocrx_word' id='word_1_187' title='bbox 2267 1160 2567 1229; x_wconf 86' lang='grc' dir='ltr'>ἀνεμιαίων</span> <span class='ocrx_word' id='word_1_188' title='bbox 2602 1158 2928 1226; x_wconf 66' lang='grc' dir='ltr'>πνευμάτων</span> <span class='ocrx_word' id='word_1_189' title='bbox 2957 1153 3248 1221; x_wconf 83' lang='grc' dir='ltr'>ἀῦλότερα.</span> <span class='ocrx_word' id='word_1_190' title='bbox 3290 1149 3351 1200; x_wconf 78' lang='lat' dir='ltr'><strong>Ei</strong></span> <span class='ocrx_word' id='word_1_191' title='bbox 3387 1146 3445 1200; x_wconf 84' lang='grc' dir='ltr'>δὲ</span> <span class='ocrx_word' id='word_1_192' title='bbox 3476 1148 3569 1198; x_wconf 75' lang='grc' dir='ltr'>καὶ</span> <span class='ocrx_word' id='word_1_193' title='bbox 3606 1143 3709 1212; x_wconf 79' lang='grc' dir='ltr'><strong>φύ-</strong></span> 
     </span>
    </p>
   </div>
   <div class='ocr_carea' id='block_1_27' title="bbox 2128 1235 3707 1321">
    <p class='ocr_par' dir='ltr' id='par_1_27' title="bbox 2128 1235 3707 1321">
     <span class='ocr_line' id='line_1_27' title="bbox 2128 1235 3707 1321; baseline -0.013 -16"><span class='ocrx_word' id='word_1_194' title='bbox 2128 1269 2210 1306; x_wconf 86' lang='grc' dir='ltr'><strong>σει</strong></span> <span class='ocrx_word' id='word_1_195' title='bbox 2236 1251 2372 1304; x_wconf 80' lang='grc' dir='ltr'>Θεοῦ</span> <span class='ocrx_word' id='word_1_196' title='bbox 2404 1251 2516 1313; x_wconf 80' lang='grc' dir='ltr'>υίὸς</span> <span class='ocrx_word' id='word_1_197' title='bbox 2546 1246 2645 1321; x_wconf 80' lang='grc' dir='ltr'>ἦν,</span> <span class='ocrx_word' id='word_1_198' title='bbox 2678 1245 2956 1316; x_wconf 81' lang='grc' dir='ltr'>ίσοσθενὴς</span> <span class='ocrx_word' id='word_1_199' title='bbox 2988 1245 3054 1297; x_wconf 83' lang='grc' dir='ltr'>ἂν</span> <span class='ocrx_word' id='word_1_200' title='bbox 3090 1239 3158 1313; x_wconf 81' lang='grc' dir='ltr'>ἧν</span> <span class='ocrx_word' id='word_1_201' title='bbox 3187 1239 3267 1309; x_wconf 86' lang='grc' dir='ltr'>τῷ</span> <span class='ocrx_word' id='word_1_202' title='bbox 3299 1237 3462 1308; x_wconf 86' lang='grc' dir='ltr'>φύσει</span> <span class='ocrx_word' id='word_1_203' title='bbox 3493 1235 3668 1302; x_wconf 76' lang='grc' dir='ltr'>Πατρὶ</span> <span class='ocrx_word' id='word_1_204' title='bbox 3690 1269 3707 1296; x_wconf 88' lang='grc'><strong>,</strong></span> 
     </span>
    </p>
   </div>
   <div class='ocr_carea' id='block_1_28' title="bbox 2126 1324 3709 1412">
    <p class='ocr_par' dir='ltr' id='par_1_28' title="bbox 2126 1324 3709 1412">
     <span class='ocr_line' id='line_1_28' title="bbox 2126 1324 3709 1412; baseline -0.011 -16"><span class='ocrx_word' id='word_1_205' title='bbox 2126 1345 2379 1412; x_wconf 75' lang='grc' dir='ltr'>καθάπερ</span> <span class='ocrx_word' id='word_1_206' title='bbox 2405 1344 2499 1395; x_wconf 72' lang='grc' dir='ltr'>καὶ</span> <span class='ocrx_word' id='word_1_207' title='bbox 2530 1343 2557 1395; x_wconf 99' lang='lat'><strong>6</strong></span> <span class='ocrx_word' id='word_1_208' title='bbox 2595 1340 2889 1411; x_wconf 80' lang='grc' dir='ltr'>μονογενὴς</span> <span class='ocrx_word' id='word_1_209' title='bbox 2917 1337 3042 1398; x_wconf 81' lang='grc' dir='ltr'>Υἱὸς</span> <span class='ocrx_word' id='word_1_210' title='bbox 3074 1336 3102 1387; x_wconf 89' lang='lat'><strong>6</strong></span> <span class='ocrx_word' id='word_1_211' title='bbox 3127 1333 3323 1400; x_wconf 89' lang='grc' dir='ltr'>λέγων,</span> <span class='ocrx_word' id='word_1_212' title='bbox 3369 1329 3518 1396; x_wconf 69' lang='grc' dir='ltr'><strong>Ἐγὼ</strong></span> <span class='ocrx_word' id='word_1_213' title='bbox 3547 1324 3646 1378; x_wconf 78' lang='grc' dir='ltr'>καὶ</span> <span class='ocrx_word' id='word_1_214' title='bbox 3675 1325 3709 1378; x_wconf 81' lang='grc' dir='ltr'><em>ὁ</em></span> 
     </span>
    </p>
   </div>
   <div class='ocr_carea' id='block_1_29' title="bbox 2125 1414 3706 1503">
    <p class='ocr_par' dir='ltr' id='par_1_29' title="bbox 2125 1414 3706 1503">
     <span class='ocr_line' id='line_1_29' title="bbox 2125 1414 3706 1503; baseline -0.015 -14"><span class='ocrx_word' id='word_1_215' title='bbox 2125 1435 2329 1502; x_wconf 81' lang='grc' dir='ltr'>Πατὴρ</span> <span class='ocrx_word' id='word_1_216' title='bbox 2357 1435 2427 1488; x_wconf 77' lang='grc' dir='ltr'><strong>ἓν</strong></span> <span class='ocrx_word' id='word_1_217' title='bbox 2457 1435 2664 1503; x_wconf 77' lang='grc' dir='ltr'>ἐσμεν.</span> <span class='ocrx_word' id='word_1_218' title='bbox 2701 1433 2811 1485; x_wconf 79' lang='lat' dir='ltr'><strong>Kal.</strong></span> <span class='ocrx_word' id='word_1_219' title='bbox 2851 1425 3029 1490; x_wconf 73' lang='grc' dir='ltr'>αὖθις,</span> <span class='ocrx_word' id='word_1_220' title='bbox 3069 1428 3131 1479; x_wconf 85' lang='grc' dir='ltr'><strong><em>Ὀ</em></strong></span> <span class='ocrx_word' id='word_1_221' title='bbox 3161 1420 3434 1491; x_wconf 76' lang='grc' dir='ltr'>ἑωρακὼς</span> <span class='ocrx_word' id='word_1_222' title='bbox 3467 1416 3570 1487; x_wconf 80' lang='grc' dir='ltr'><strong>ἐμὲ</strong></span> <span class='ocrx_word' id='word_1_223' title='bbox 3599 1414 3706 1468; x_wconf 84' lang='grc' dir='ltr'><strong>ἐώ-</strong></span> 
     </span>
    </p>
   </div>
   <div class='ocr_carea' id='block_1_30' title="bbox 2117 1506 3710 1596">
    <p class='ocr_par' dir='ltr' id='par_1_30' title="bbox 2117 1506 3710 1596">
     <span class='ocr_line' id='line_1_30' title="bbox 2117 1506 3710 1596; baseline -0.014 -14"><span class='ocrx_word' id='word_1_224' title='bbox 2117 1545 2270 1596; x_wconf 82' lang='grc' dir='ltr'>ρακε</span> <span class='ocrx_word' id='word_1_225' title='bbox 2302 1529 2410 1581; x_wconf 76' lang='grc' dir='ltr'>τὸν</span> <span class='ocrx_word' id='word_1_226' title='bbox 2443 1525 2693 1592; x_wconf 81' lang='grc' dir='ltr'>Πατέρα.</span> <span class='ocrx_word' id='word_1_227' title='bbox 2725 1523 2834 1577; x_wconf 71' lang='grc' dir='ltr'><strong>Καὶ</strong></span> <span class='ocrx_word' id='word_1_228' title='bbox 2865 1521 3057 1580; x_wconf 81' lang='grc' dir='ltr'>πάλιν,</span> <span class='ocrx_word' id='word_1_229' title='bbox 3091 1519 3252 1569; x_wconf 87' lang='grc' dir='ltr'>Ὀσα</span> <span class='ocrx_word' id='word_1_230' title='bbox 3280 1514 3406 1581; x_wconf 78' lang='grc' dir='ltr'><strong>ἔχει</strong></span> <span class='ocrx_word' id='word_1_231' title='bbox 3440 1513 3472 1564; x_wconf 83' lang='grc' dir='ltr'><strong>ό</strong></span> <span class='ocrx_word' id='word_1_232' title='bbox 3506 1506 3710 1574; x_wconf 79' lang='grc' dir='ltr'>Πατὴρ</span> 
     </span>
    </p>
   </div>
   <div class='ocr_carea' id='block_1_31' title="bbox 2125 1601 3710 1688">
    <p class='ocr_par' dir='ltr' id='par_1_31' title="bbox 2125 1601 3710 1688">
     <span class='ocr_line' id='line_1_31' title="bbox 2125 1601 3710 1688; baseline -0.013 -16"><span class='ocrx_word' id='word_1_233' title='bbox 2125 1619 2236 1688; x_wconf 83' lang='grc' dir='ltr'><strong>ἐμά</strong></span> <span class='ocrx_word' id='word_1_234' title='bbox 2260 1620 2413 1672; x_wconf 84' lang='grc' dir='ltr'>ἐστι.</span> <span class='ocrx_word' id='word_1_235' title='bbox 2454 1617 2564 1668; x_wconf 72' lang='grc' dir='ltr'><strong>Καὶ</strong></span> <span class='ocrx_word' id='word_1_236' title='bbox 2597 1615 2774 1677; x_wconf 77' lang='grc' dir='ltr'>αὖθις,</span> <span class='ocrx_word' id='word_1_237' title='bbox 2805 1614 2873 1665; x_wconf 76' lang='lat' dir='ltr'><strong>Ei</strong></span> <span class='ocrx_word' id='word_1_238' title='bbox 2901 1614 2972 1666; x_wconf 83' lang='grc' dir='ltr'>οὐ</span> <span class='ocrx_word' id='word_1_239' title='bbox 2997 1609 3144 1662; x_wconf 78' lang='grc' dir='ltr'>ποιῶ</span> <span class='ocrx_word' id='word_1_240' title='bbox 3172 1607 3243 1660; x_wconf 84' lang='grc' dir='ltr'>τὰ</span> <span class='ocrx_word' id='word_1_241' title='bbox 3276 1605 3420 1672; x_wconf 77' lang='grc' dir='ltr'>ἔργα</span> <span class='ocrx_word' id='word_1_242' title='bbox 3453 1601 3560 1655; x_wconf 86' lang='grc' dir='ltr'>τοῦ</span> <span class='ocrx_word' id='word_1_243' title='bbox 3589 1603 3710 1653; x_wconf 79' lang='grc' dir='ltr'><strong>Πα-</strong></span> 
     </span>
    </p>
   </div>
   <div class='ocr_carea' id='block_1_32' title="bbox 2123 1693 3708 1778">
    <p class='ocr_par' dir='ltr' id='par_1_32' title="bbox 2123 1693 3708 1778">
     <span class='ocr_line' id='line_1_32' title="bbox 2123 1693 3708 1778; baseline -0.013 -15"><span class='ocrx_word' id='word_1_244' title='bbox 2123 1712 2264 1773; x_wconf 82' lang='grc' dir='ltr'>τρός</span> <span class='ocrx_word' id='word_1_245' title='bbox 2288 1728 2427 1778; x_wconf 82' lang='grc' dir='ltr'>μου.</span> <span class='ocrx_word' id='word_1_246' title='bbox 2440 1710 2526 1777; x_wconf 77' lang='grc' dir='ltr'>μὴ</span> <span class='ocrx_word' id='word_1_247' title='bbox 2553 1705 2870 1759; x_wconf 82' lang='grc' dir='ltr'>πιστεύετέ</span> <span class='ocrx_word' id='word_1_248' title='bbox 2892 1719 3014 1772; x_wconf 85' lang='grc' dir='ltr'>μοι.</span> <span class='ocrx_word' id='word_1_249' title='bbox 3049 1697 3353 1766; x_wconf 78' lang='grc' dir='ltr'>Ἰσοσθενὴς</span> <span class='ocrx_word' id='word_1_250' title='bbox 3382 1695 3440 1747; x_wconf 79' lang='grc' dir='ltr'>δὲ</span> <span class='ocrx_word' id='word_1_251' title='bbox 3471 1693 3547 1746; x_wconf 84' lang='grc' dir='ltr'>ὣν</span> <span class='ocrx_word' id='word_1_252' title='bbox 3575 1693 3708 1744; x_wconf 80' lang='grc' dir='ltr'>ἀντ·</span> 
     </span>
    </p>
   </div>
   <div class='ocr_carea' id='block_1_33' title="bbox 2125 1783 3714 1872">
    <p class='ocr_par' dir='ltr' id='par_1_33' title="bbox 2125 1783 3714 1872">
     <span class='ocr_line' id='line_1_33' title="bbox 2125 1783 3714 1872; baseline -0.013 -16"><span class='ocrx_word' id='word_1_253' title='bbox 2125 1803 2254 1872; x_wconf 85' lang='grc' dir='ltr'>ἐστη</span> <span class='ocrx_word' id='word_1_254' title='bbox 2309 1803 2393 1864; x_wconf 77' lang='grc' dir='ltr'>ἂν,</span> <span class='ocrx_word' id='word_1_255' title='bbox 2418 1800 2605 1868; x_wconf 74' lang='grc' dir='ltr'>ἐπειδὴ</span> <span class='ocrx_word' id='word_1_256' title='bbox 2628 1799 2720 1850; x_wconf 75' lang='grc' dir='ltr'>καὶ</span> <span class='ocrx_word' id='word_1_257' title='bbox 2742 1798 2880 1858; x_wconf 80' lang='grc' dir='ltr'>ὅλως</span> <span class='ocrx_word' id='word_1_258' title='bbox 2903 1793 3244 1848; x_wconf 79' lang='grc' dir='ltr'><strong>ἀποστασίαν</strong></span> <span class='ocrx_word' id='word_1_259' title='bbox 3268 1788 3590 1858; x_wconf 77' lang='grc' dir='ltr'><strong>ἐμελέτησε,</strong></span> <span class='ocrx_word' id='word_1_260' title='bbox 3616 1783 3714 1836; x_wconf 71' lang='grc' dir='ltr'>καὶ</span> 
     </span>
    </p>
   </div>
   <div class='ocr_carea' id='block_1_34' title="bbox 445 1873 2028 1960">
    <p class='ocr_par' dir='ltr' id='par_1_34' title="bbox 445 1891 2022 1960">
     <span class='ocr_line' id='line_1_34' title="bbox 445 1891 2022 1960; baseline 0.003 -18"><span class='ocrx_word' id='word_1_261' title='bbox 445 1895 499 1942; x_wconf 85' lang='lat' dir='ltr'><strong>et</strong></span> <span class='ocrx_word' id='word_1_262' title='bbox 527 1900 613 1952; x_wconf 89' lang='lat' dir='ltr'><strong>ea,</strong></span> <span class='ocrx_word' id='word_1_263' title='bbox 644 1901 762 1955; x_wconf 76' lang='lat' dir='ltr'><strong>qua:</strong></span> <span class='ocrx_word' id='word_1_264' title='bbox 793 1900 1218 1957; x_wconf 87' lang='lat' dir='ltr'><strong>consequuntur,</strong></span> <span class='ocrx_word' id='word_1_265' title='bbox 1257 1891 1414 1960; x_wconf 80' lang='lat' dir='ltr'><strong>plane</strong></span> <span class='ocrx_word' id='word_1_266' title='bbox 1438 1891 1569 1945; x_wconf 81' lang='lat' dir='ltr'><strong>falsa</strong></span> <span class='ocrx_word' id='word_1_267' title='bbox 1605 1906 1749 1955; x_wconf 90' lang='lat' dir='ltr'><strong>esse,</strong></span> <span class='ocrx_word' id='word_1_268' title='bbox 1789 1907 1887 1946; x_wconf 89' lang='lat' dir='ltr'><strong>nec</strong></span> <span class='ocrx_word' id='word_1_269' title='bbox 1915 1892 2022 1946; x_wconf 91' lang='lat' dir='ltr'><strong>ullo</strong></span> 
     </span>
    </p>
   </div>
   <div class='ocr_carea' id='block_1_35' title="bbox 2130 1873 3710 1960">
    <p class='ocr_par' dir='ltr' id='par_1_35' title="bbox 2130 1873 3710 1958">
     <span class='ocr_line' id='line_1_35' title="bbox 2130 1873 3710 1958; baseline -0.011 -18"><span class='ocrx_word' id='word_1_270' title='bbox 2130 1888 2226 1942; x_wconf 83' lang='grc' dir='ltr'>οὐκ</span> <span class='ocrx_word' id='word_1_271' title='bbox 2271 1889 2337 1942; x_wconf 86' lang='grc' dir='ltr'>ἂν</span> <span class='ocrx_word' id='word_1_272' title='bbox 2366 1887 2509 1940; x_wconf 78' lang='grc' dir='ltr'>οὕτω</span> <span class='ocrx_word' id='word_1_273' title='bbox 2554 1888 2754 1958; x_wconf 68' lang='grc' dir='ltr'>ῥᾳδίως</span> <span class='ocrx_word' id='word_1_274' title='bbox 2796 1881 3132 1951; x_wconf 74' lang='grc' dir='ltr'>κατεϐλήθη.</span> <span class='ocrx_word' id='word_1_275' title='bbox 3165 1878 3291 1940; x_wconf 83' lang='grc' dir='ltr'><strong>Πῶς</strong></span> <span class='ocrx_word' id='word_1_276' title='bbox 3318 1876 3375 1930; x_wconf 82' lang='grc' dir='ltr'>δὲ</span> <span class='ocrx_word' id='word_1_277' title='bbox 3409 1876 3502 1928; x_wconf 79' lang='grc' dir='ltr'>καὶ</span> <span class='ocrx_word' id='word_1_278' title='bbox 3531 1873 3710 1945; x_wconf 79' lang='grc' dir='ltr'>ριφεὶς</span> 
     </span>
    </p>
   </div>
   <div class='ocr_carea' id='block_1_36' title="bbox 449 1975 2026 2048">
    <p class='ocr_par' dir='ltr' id='par_1_36' title="bbox 449 1975 2026 2048">
     <span class='ocr_line' id='line_1_36' title="bbox 449 1975 2026 2048; baseline 0.005 -22"><span class='ocrx_word' id='word_1_279' title='bbox 449 1975 605 2029; x_wconf 90' lang='lat' dir='ltr'><strong>modo</strong></span> <span class='ocrx_word' id='word_1_280' title='bbox 635 1991 793 2045; x_wconf 66' lang='lat' dir='ltr'><strong>posse</strong></span> <span class='ocrx_word' id='word_1_281' title='bbox 819 1980 1138 2034; x_wconf 84' lang='lat' dir='ltr'><strong>consistere.</strong></span> <span class='ocrx_word' id='word_1_282' title='bbox 1174 1979 1280 2033; x_wconf 80' lang='lat' dir='ltr'><strong>Nec</strong></span> <span class='ocrx_word' id='word_1_283' title='bbox 1310 1980 1440 2034; x_wconf 89' lang='lat' dir='ltr'><strong>illud</strong></span> <span class='ocrx_word' id='word_1_284' title='bbox 1495 1981 1872 2048; x_wconf 81' lang='lat' dir='ltr'><strong>negligendum</strong></span> <span class='ocrx_word' id='word_1_285' title='bbox 1925 1991 2026 2046; x_wconf 90' lang='lat' dir='ltr'><strong>est,</strong></span> 
     </span>
    </p>
   </div>
   <div class='ocr_carea' id='block_1_37' title="bbox 447 2066 2026 2138">
    <p class='ocr_par' dir='ltr' id='par_1_37' title="bbox 447 2066 2026 2138">
     <span class='ocr_line' id='line_1_37' title="bbox 447 2066 2026 2138; baseline 0.004 -20"><span class='ocrx_word' id='word_1_286' title='bbox 447 2066 588 2132; x_wconf 87' lang='lat' dir='ltr'><strong>quod</strong></span> <span class='ocrx_word' id='word_1_287' title='bbox 624 2082 688 2121; x_wconf 83' lang='lat' dir='ltr'><strong>ex</strong></span> <span class='ocrx_word' id='word_1_288' title='bbox 716 2069 911 2138; x_wconf 77' lang='lat' dir='ltr'><strong>Moysis</strong></span> <span class='ocrx_word' id='word_1_289' title='bbox 941 2069 1080 2122; x_wconf 90' lang='lat' dir='ltr'><strong>libro</strong></span> <span class='ocrx_word' id='word_1_290' title='bbox 1103 2084 1263 2135; x_wconf 85' lang='lat' dir='ltr'><strong>quem</strong></span> <span class='ocrx_word' id='word_1_291' title='bbox 1295 2070 1621 2138; x_wconf 84' lang='lat' dir='ltr'><strong>improbant,</strong></span> <span class='ocrx_word' id='word_1_292' title='bbox 1661 2070 2026 2124; x_wconf 86' lang='lat' dir='ltr'><strong>testimonium</strong></span> 
     </span>
    </p>
   </div>
   <div class='ocr_carea' id='block_1_38' title="bbox 451 2156 2028 2229">
    <p class='ocr_par' dir='ltr' id='par_1_38' title="bbox 451 2156 2028 2229">
     <span class='ocr_line' id='line_1_38' title="bbox 451 2156 2028 2229; baseline 0.004 -22"><span class='ocrx_word' id='word_1_293' title='bbox 451 2157 576 2210; x_wconf 90' lang='lat' dir='ltr'><strong>illud</strong></span> <span class='ocrx_word' id='word_1_294' title='bbox 607 2156 888 2226; x_wconf 79' lang='lat' dir='ltr'><strong>proferunt</strong></span> <span class='ocrx_word' id='word_1_295' title='bbox 926 2179 938 2214; x_wconf 91' lang='lat'><strong>:</strong></span> <span class='ocrx_word' id='word_1_296' title='bbox 978 2159 1041 2212; x_wconf 84' lang='lat' dir='ltr'><strong>In</strong></span> <span class='ocrx_word' id='word_1_297' title='bbox 1092 2161 1347 2228; x_wconf 81' lang='lat' dir='ltr'><strong>principio</strong></span> <span class='ocrx_word' id='word_1_298' title='bbox 1387 2161 1511 2229; x_wconf 64' lang='lat' dir='ltr'><strong>fecit</strong></span> <span class='ocrx_word' id='word_1_299' title='bbox 1566 2160 1703 2214; x_wconf 82' lang='lat' dir='ltr'><strong>Deus</strong></span> <span class='ocrx_word' id='word_1_300' title='bbox 1751 2163 1936 2214; x_wconf 74' lang='lat' dir='ltr'><strong>cazlum</strong></span> <span class='ocrx_word' id='word_1_301' title='bbox 1979 2172 2028 2214; x_wconf 86' lang='lat' dir='ltr'><strong>et</strong></span> 
     </span>
    </p>
   </div>
   <div class='ocr_carea' id='block_1_39' title="bbox 448 2248 2029 2320">
    <p class='ocr_par' dir='ltr' id='par_1_39' title="bbox 448 2248 2029 2320">
     <span class='ocr_line' id='line_1_39' title="bbox 448 2248 2029 2320; baseline 0.004 -19"><span class='ocrx_word' id='word_1_302' title='bbox 448 2258 667 2302; x_wconf 75' lang='lat' dir='ltr'><strong>terram.</strong></span> <span class='ocrx_word' id='word_1_303' title='bbox 701 2248 836 2304; x_wconf 88' lang='lat' dir='ltr'><strong>Nam</strong></span> <span class='ocrx_word' id='word_1_304' title='bbox 898 2255 1041 2320; x_wconf 89' lang='lat' dir='ltr'><strong>quod</strong></span> <span class='ocrx_word' id='word_1_305' title='bbox 1093 2253 1344 2306; x_wconf 87' lang='lat' dir='ltr'><strong>Satanacl</strong></span> <span class='ocrx_word' id='word_1_306' title='bbox 1380 2255 1775 2308; x_wconf 76' lang='lat' dir='ltr'><strong>ﬁrmamentum</strong></span> <span class='ocrx_word' id='word_1_307' title='bbox 1839 2254 2029 2309; x_wconf 74' lang='lat' dir='ltr'><strong>fecisse</strong></span> 
     </span>
    </p>
   </div>
   <div class='ocr_carea' id='block_1_40' title="bbox 447 2341 2025 2416">
    <p class='ocr_par' dir='ltr' id='par_1_40' title="bbox 447 2341 2025 2416">
     <span class='ocr_line' id='line_1_40' title="bbox 447 2341 2025 2416; baseline 0.004 -22"><span class='ocrx_word' id='word_1_308' title='bbox 447 2341 655 2408; x_wconf 88' lang='lat' dir='ltr'><strong>dicunt,</strong></span> <span class='ocrx_word' id='word_1_309' title='bbox 686 2353 734 2396; x_wconf 89' lang='lat' dir='ltr'><strong>et</strong></span> <span class='ocrx_word' id='word_1_310' title='bbox 773 2357 940 2412; x_wconf 83' lang='lat' dir='ltr'><strong>aquas</strong></span> <span class='ocrx_word' id='word_1_311' title='bbox 974 2344 1024 2396; x_wconf 90' lang='lat' dir='ltr'><strong>in</strong></span> <span class='ocrx_word' id='word_1_312' title='bbox 1076 2343 1192 2398; x_wconf 89' lang='lat' dir='ltr'><strong>loca</strong></span> <span class='ocrx_word' id='word_1_313' title='bbox 1225 2344 1354 2414; x_wconf 88' lang='lat' dir='ltr'><strong>ipsis</strong></span> <span class='ocrx_word' id='word_1_314' title='bbox 1411 2358 1597 2414; x_wconf 66' lang='lat' dir='ltr'><strong>parata</strong></span> <span class='ocrx_word' id='word_1_315' title='bbox 1648 2361 2025 2416; x_wconf 85' lang='lat' dir='ltr'><strong>congregasse,</strong></span> 
     </span>
    </p>
   </div>
   <div class='ocr_carea' id='block_1_41' title="bbox 447 2438 2027 2509">
    <p class='ocr_par' dir='ltr' id='par_1_41' title="bbox 447 2438 2027 2509">
     <span class='ocr_line' id='line_1_41' title="bbox 447 2438 2027 2509; baseline 0.004 -21"><span class='ocrx_word' id='word_1_316' title='bbox 447 2450 780 2507; x_wconf 79' lang='lat' dir='ltr'><strong>ornasseque</strong></span> <span class='ocrx_word' id='word_1_317' title='bbox 836 2438 1262 2504; x_wconf 81' lang='lat' dir='ltr'><strong>ﬁrmamentum,</strong></span> <span class='ocrx_word' id='word_1_318' title='bbox 1322 2449 1375 2492; x_wconf 89' lang='lat' dir='ltr'><strong>ct</strong></span> <span class='ocrx_word' id='word_1_319' title='bbox 1418 2451 1641 2507; x_wconf 87' lang='lat' dir='ltr'><strong>terram,</strong></span> <span class='ocrx_word' id='word_1_320' title='bbox 1695 2449 1750 2494; x_wconf 92' lang='lat' dir='ltr'><strong>et</strong></span> <span class='ocrx_word' id='word_1_321' title='bbox 1783 2456 1902 2509; x_wconf 70' lang='lat' dir='ltr'><strong>qua:</strong></span> <span class='ocrx_word' id='word_1_322' title='bbox 1941 2455 2027 2494; x_wconf 91' lang='lat' dir='ltr'><strong>se-</strong></span> 
     </span>
    </p>
   </div>
   <div class='ocr_carea' id='block_1_42' title="bbox 447 2529 2030 2599">
    <p class='ocr_par' dir='ltr' id='par_1_42' title="bbox 447 2529 2030 2599">
     <span class='ocr_line' id='line_1_42' title="bbox 447 2529 2030 2599; baseline 0.003 -19"><span class='ocrx_word' id='word_1_323' title='bbox 447 2540 689 2596; x_wconf 85' lang='lat' dir='ltr'><strong>quuntur</strong></span> <span class='ocrx_word' id='word_1_324' title='bbox 709 2529 913 2594; x_wconf 90' lang='lat' dir='ltr'><strong>omnia,</strong></span> <span class='ocrx_word' id='word_1_325' title='bbox 951 2545 1120 2599; x_wconf 83' lang='lat' dir='ltr'><strong>usque</strong></span> <span class='ocrx_word' id='word_1_326' title='bbox 1164 2531 1229 2584; x_wconf 92' lang='lat' dir='ltr'><strong>ad</strong></span> <span class='ocrx_word' id='word_1_327' title='bbox 1281 2531 1514 2586; x_wconf 85' lang='lat' dir='ltr'><strong>hominis</strong></span> <span class='ocrx_word' id='word_1_328' title='bbox 1571 2531 1949 2587; x_wconf 82' lang='lat' dir='ltr'><strong>formationem</strong></span> <span class='ocrx_word' id='word_1_329' title='bbox 1975 2545 2030 2586; x_wconf 94' lang='lat' dir='ltr'><strong>et</strong></span> 
     </span>
    </p>
   </div>
   <div class='ocr_carea' id='block_1_43' title="bbox 448 2618 2029 2693">
    <p class='ocr_par' dir='ltr' id='par_1_43' title="bbox 448 2618 2029 2693">
     <span class='ocr_line' id='line_1_43' title="bbox 448 2618 2029 2693; baseline 0.002 -21"><span class='ocrx_word' id='word_1_330' title='bbox 448 2618 866 2675; x_wconf 72' lang='lat' dir='ltr'><strong>inminutionem</strong></span> <span class='ocrx_word' id='word_1_331' title='bbox 897 2621 951 2674; x_wconf 89' lang='lat' dir='ltr'><strong>in</strong></span> <span class='ocrx_word' id='word_1_332' title='bbox 982 2637 1129 2687; x_wconf 90' lang='lat' dir='ltr'><strong>eum,</strong></span> <span class='ocrx_word' id='word_1_333' title='bbox 1164 2636 1226 2676; x_wconf 82' lang='lat' dir='ltr'><strong>ex</strong></span> <span class='ocrx_word' id='word_1_334' title='bbox 1255 2621 1451 2692; x_wconf 78' lang='lat' dir='ltr'><strong>Moysis</strong></span> <span class='ocrx_word' id='word_1_335' title='bbox 1475 2624 1634 2689; x_wconf 90' lang='lat' dir='ltr'><strong>libro,</strong></span> <span class='ocrx_word' id='word_1_336' title='bbox 1655 2623 1706 2676; x_wconf 91' lang='lat' dir='ltr'><strong>in</strong></span> <span class='ocrx_word' id='word_1_337' title='bbox 1732 2640 1840 2693; x_wconf 92' lang='lat' dir='ltr'><strong>quo</strong></span> <span class='ocrx_word' id='word_1_338' title='bbox 1869 2639 2029 2677; x_wconf 82' lang='lat' dir='ltr'><strong>mun-</strong></span> 
     </span>
    </p>
   </div>
   <div class='ocr_carea' id='block_1_44' title="bbox 447 2713 2026 2784">
    <p class='ocr_par' dir='ltr' id='par_1_44' title="bbox 447 2713 2026 2784">
     <span class='ocr_line' id='line_1_44' title="bbox 447 2713 2026 2784; baseline 0.003 -19"><span class='ocrx_word' id='word_1_339' title='bbox 447 2713 501 2765; x_wconf 90' lang='lat' dir='ltr'><strong>di</strong></span> <span class='ocrx_word' id='word_1_340' title='bbox 531 2714 1219 2781; x_wconf 84' lang='lat' dir='ltr'><strong>procreationemenarrat,</strong></span> <span class='ocrx_word' id='word_1_341' title='bbox 1239 2727 1487 2784; x_wconf 89' lang='lat' dir='ltr'><strong>surrepta</strong></span> <span class='ocrx_word' id='word_1_342' title='bbox 1515 2725 1638 2770; x_wconf 87' lang='lat' dir='ltr'><strong>sunt</strong></span> <span class='ocrx_word' id='word_1_343' title='bbox 1657 2733 1683 2768; x_wconf 93' lang='lat' dir='ltr'><strong>a</strong></span> <span class='ocrx_word' id='word_1_344' title='bbox 1709 2714 2026 2784; x_wconf 79' lang='lat' dir='ltr'><strong>Bogomilis,</strong></span> 
     </span>
    </p>
   </div>
   <div class='ocr_carea' id='block_1_45' title="bbox 447 2801 2028 2876">
    <p class='ocr_par' dir='ltr' id='par_1_45' title="bbox 447 2801 2028 2876">
     <span class='ocr_line' id='line_1_45' title="bbox 447 2801 2028 2876; baseline 0.003 -21"><span class='ocrx_word' id='word_1_345' title='bbox 447 2805 535 2870; x_wconf 90' lang='lat' dir='ltr'><strong>qui</strong></span> <span class='ocrx_word' id='word_1_346' title='bbox 563 2801 1000 2859; x_wconf 85' lang='lat' dir='ltr'><strong>Paulicianorum</strong></span> <span class='ocrx_word' id='word_1_347' title='bbox 1054 2805 1365 2874; x_wconf 84' lang='lat' dir='ltr'><strong>Opinionem</strong></span> <span class='ocrx_word' id='word_1_348' title='bbox 1413 2817 1703 2876; x_wconf 85' lang='lat' dir='ltr'><strong>sequentes</strong></span> <span class='ocrx_word' id='word_1_349' title='bbox 1753 2807 2028 2874; x_wconf 81' lang='lat' dir='ltr'><strong>opiﬁcium</strong></span> 
     </span>
    </p>
   </div>
   <div class='ocr_carea' id='block_1_46' title="bbox 447 2896 2027 2953">
    <p class='ocr_par' dir='ltr' id='par_1_46' title="bbox 447 2896 2027 2953">
     <span class='ocr_line' id='line_1_46' title="bbox 447 2896 2027 2953; baseline 0.001 -4"><span class='ocrx_word' id='word_1_350' title='bbox 447 2910 638 2949; x_wconf 91' lang='lat' dir='ltr'><strong>eorum</strong></span> <span class='ocrx_word' id='word_1_351' title='bbox 671 2896 951 2950; x_wconf 86' lang='lat' dir='ltr'><strong>Satanacli</strong></span> <span class='ocrx_word' id='word_1_352' title='bbox 1011 2898 1338 2953; x_wconf 89' lang='lat' dir='ltr'><strong>tribuerunt.</strong></span> <span class='ocrx_word' id='word_1_353' title='bbox 1392 2897 1472 2951; x_wconf 85' lang='lat' dir='ltr'><strong>illi</strong></span> <span class='ocrx_word' id='word_1_354' title='bbox 1527 2898 1670 2950; x_wconf 91' lang='lat' dir='ltr'><strong>cnim</strong></span> <span class='ocrx_word' id='word_1_355' title='bbox 1706 2913 1809 2951; x_wconf 89' lang='lat' dir='ltr'><strong>non</strong></span> <span class='ocrx_word' id='word_1_356' title='bbox 1853 2897 2027 2952; x_wconf 91' lang='lat' dir='ltr'><strong>solum</strong></span> 
     </span>
    </p>
   </div>
   <div class='ocr_carea' id='block_1_47' title="bbox 447 2986 2030 3056">
    <p class='ocr_par' dir='ltr' id='par_1_47' title="bbox 447 2986 2030 3056">
     <span class='ocr_line' id='line_1_47' title="bbox 447 2986 2030 3056; baseline 0.003 -18"><span class='ocrx_word' id='word_1_357' title='bbox 447 2986 674 3041; x_wconf 84' lang='lat' dir='ltr'><strong>aliarum</strong></span> <span class='ocrx_word' id='word_1_358' title='bbox 698 3003 898 3052; x_wconf 87' lang='lat' dir='ltr'><strong>rerum,</strong></span> <span class='ocrx_word' id='word_1_359' title='bbox 925 2989 1016 3043; x_wconf 89' lang='lat' dir='ltr'><strong>sed</strong></span> <span class='ocrx_word' id='word_1_360' title='bbox 1051 2991 1212 3044; x_wconf 89' lang='lat' dir='ltr'><strong>etiam</strong></span> <span class='ocrx_word' id='word_1_361' title='bbox 1236 2989 1394 3056; x_wconf 88' lang='lat' dir='ltr'><strong>primi</strong></span> <span class='ocrx_word' id='word_1_362' title='bbox 1422 2990 1747 3054; x_wconf 81' lang='lat' dir='ltr'><strong>ltominis,et</strong></span> <span class='ocrx_word' id='word_1_363' title='bbox 1773 2987 1948 3054; x_wconf 81' lang='lat' dir='ltr'><strong>terrae,</strong></span> <span class='ocrx_word' id='word_1_364' title='bbox 1977 2999 2030 3043; x_wconf 88' lang='lat' dir='ltr'><strong>et</strong></span> 
     </span>
    </p>
   </div>
   <div class='ocr_carea' id='block_1_48' title="bbox 445 3081 2030 3150">
    <p class='ocr_par' dir='ltr' id='par_1_48' title="bbox 445 3081 2030 3150">
     <span class='ocr_line' id='line_1_48' title="bbox 445 3081 2030 3150; baseline 0.003 -18"><span class='ocrx_word' id='word_1_365' title='bbox 445 3081 685 3132; x_wconf 88' lang='lat' dir='ltr'><strong>omnium</strong></span> <span class='ocrx_word' id='word_1_366' title='bbox 720 3095 842 3149; x_wconf 71' lang='lat' dir='ltr'><strong>qua:</strong></span> <span class='ocrx_word' id='word_1_367' title='bbox 871 3081 922 3133; x_wconf 92' lang='lat' dir='ltr'><strong>in</strong></span> <span class='ocrx_word' id='word_1_368' title='bbox 961 3081 1160 3136; x_wconf 90' lang='lat' dir='ltr'><strong>mundo</strong></span> <span class='ocrx_word' id='word_1_369' title='bbox 1204 3091 1351 3145; x_wconf 86' lang='lat' dir='ltr'><strong>sunt,</strong></span> <span class='ocrx_word' id='word_1_370' title='bbox 1411 3086 1838 3150; x_wconf 77' lang='lat' dir='ltr'><strong>procreationem</strong></span> <span class='ocrx_word' id='word_1_371' title='bbox 1888 3081 2030 3136; x_wconf 89' lang='lat' dir='ltr'><strong>malo</strong></span> 
     </span>
    </p>
   </div>
   <div class='ocr_carea' id='block_1_49' title="bbox 445 3171 2028 3236">
    <p class='ocr_par' dir='ltr' id='par_1_49' title="bbox 445 3171 2028 3236">
     <span class='ocr_line' id='line_1_49' title="bbox 445 3171 2028 3236; baseline 0.001 -12"><span class='ocrx_word' id='word_1_372' title='bbox 445 3171 744 3225; x_wconf 79' lang='lat' dir='ltr'><strong>ascribunt.</strong></span> <span class='ocrx_word' id='word_1_373' title='bbox 792 3173 984 3236; x_wconf 64' lang='lat' dir='ltr'><strong>Quaere</strong></span> <span class='ocrx_word' id='word_1_374' title='bbox 1040 3175 1090 3226; x_wconf 89' lang='lat' dir='ltr'><strong>iu</strong></span> <span class='ocrx_word' id='word_1_375' title='bbox 1162 3173 1319 3227; x_wconf 86' lang='lat' dir='ltr'><strong>titulo</strong></span> <span class='ocrx_word' id='word_1_376' title='bbox 1372 3173 1634 3226; x_wconf 75' lang='lat' dir='ltr'><strong>Adversus</strong></span> <span class='ocrx_word' id='word_1_377' title='bbox 1692 3173 2028 3226; x_wconf 78' lang='lat' dir='ltr'><strong>l’aulicianos</strong></span> 
     </span>
    </p>
   </div>
   <div class='ocr_carea' id='block_1_50' title="bbox 447 3261 2024 3332">
    <p class='ocr_par' dir='ltr' id='par_1_50' title="bbox 447 3261 2024 3332">
     <span class='ocr_line' id='line_1_50' title="bbox 447 3261 2024 3332; baseline -0.001 -16"><span class='ocrx_word' id='word_1_378' title='bbox 447 3261 626 3330; x_wconf 85' lang='lat' dir='ltr'><strong>capita</strong></span> <span class='ocrx_word' id='word_1_379' title='bbox 656 3278 772 3329; x_wconf 67' lang='lat' dir='ltr'><strong>qua:</strong></span> <span class='ocrx_word' id='word_1_380' title='bbox 805 3263 1060 3332; x_wconf 78' lang='lat' dir='ltr'><strong>inscripta</strong></span> <span class='ocrx_word' id='word_1_381' title='bbox 1093 3273 1218 3317; x_wconf 90' lang='lat' dir='ltr'><strong>sunt</strong></span> <span class='ocrx_word' id='word_1_382' title='bbox 1250 3280 1265 3316; x_wconf 88' lang='lat'><strong>:</strong></span> <span class='ocrx_word' id='word_1_383' title='bbox 1310 3265 1429 3316; x_wconf 84' lang='lat' dir='ltr'><strong>Non</strong></span> <span class='ocrx_word' id='word_1_384' title='bbox 1460 3281 1570 3318; x_wconf 81' lang='lat' dir='ltr'><strong>esse</strong></span> <span class='ocrx_word' id='word_1_385' title='bbox 1609 3265 1713 3317; x_wconf 84' lang='lat' dir='ltr'><strong>duo</strong></span> <span class='ocrx_word' id='word_1_386' title='bbox 1737 3265 2024 3331; x_wconf 82' lang='lat' dir='ltr'><strong>principia,</strong></span> 
     </span>
    </p>
   </div>
   <div class='ocr_carea' id='block_1_51' title="bbox 446 3346 2027 3424">
    <p class='ocr_par' dir='ltr' id='par_1_51' title="bbox 446 3346 2027 3424">
     <span class='ocr_line' id='line_1_51' title="bbox 446 3346 2027 3424; baseline 0 -16"><span class='ocrx_word' id='word_1_387' title='bbox 446 3355 541 3408; x_wconf 75' lang='lat' dir='ltr'><strong>sed</strong></span> <span class='ocrx_word' id='word_1_388' title='bbox 571 3346 732 3407; x_wconf 78' lang='lat' dir='ltr'><strong>unum</strong></span> <span class='ocrx_word' id='word_1_389' title='bbox 760 3365 1025 3418; x_wconf 72' lang='lat' dir='ltr'><strong>auctorem</strong></span> <span class='ocrx_word' id='word_1_390' title='bbox 1056 3354 1193 3418; x_wconf 75' lang='lat' dir='ltr'><strong>cmli,</strong></span> <span class='ocrx_word' id='word_1_391' title='bbox 1231 3364 1277 3408; x_wconf 86' lang='lat' dir='ltr'><strong>et</strong></span> <span class='ocrx_word' id='word_1_392' title='bbox 1307 3365 1480 3418; x_wconf 72' lang='lat' dir='ltr'><strong>terrae,</strong></span> <span class='ocrx_word' id='word_1_393' title='bbox 1519 3364 1568 3408; x_wconf 83' lang='lat' dir='ltr'><strong>et</strong></span> <span class='ocrx_word' id='word_1_394' title='bbox 1597 3371 1777 3408; x_wconf 86' lang='lat' dir='ltr'><strong>eorum</strong></span> <span class='ocrx_word' id='word_1_395' title='bbox 1825 3371 1942 3424; x_wconf 67' lang='lat' dir='ltr'><strong>quae</strong></span> <span class='ocrx_word' id='word_1_396' title='bbox 1973 3355 2027 3408; x_wconf 85' lang='lat' dir='ltr'><strong>in</strong></span> 
     </span>
    </p>
   </div>
   <div class='ocr_carea' id='block_1_52' title="bbox 446 3443 2025 3516">
    <p class='ocr_par' dir='ltr' id='par_1_52' title="bbox 446 3443 2025 3516">
     <span class='ocr_line' id='line_1_52' title="bbox 446 3443 2025 3516; baseline 0 -18"><span class='ocrx_word' id='word_1_397' title='bbox 446 3447 616 3516; x_wconf 77' lang='lat' dir='ltr'><strong>medio</strong></span> <span class='ocrx_word' id='word_1_398' title='bbox 659 3456 802 3511; x_wconf 76' lang='lat' dir='ltr'><strong>sunt,</strong></span> <span class='ocrx_word' id='word_1_399' title='bbox 855 3455 907 3498; x_wconf 89' lang='lat' dir='ltr'><strong>et</strong></span> <span class='ocrx_word' id='word_1_400' title='bbox 959 3447 1010 3498; x_wconf 89' lang='lat' dir='ltr'><strong>in</strong></span> <span class='ocrx_word' id='word_1_401' title='bbox 1076 3444 1180 3500; x_wconf 82' lang='lat' dir='ltr'><strong>illis</strong></span> <span class='ocrx_word' id='word_1_402' title='bbox 1243 3444 1488 3498; x_wconf 86' lang='lat' dir='ltr'><strong>invenies</strong></span> <span class='ocrx_word' id='word_1_403' title='bbox 1531 3443 1710 3497; x_wconf 76' lang='lat' dir='ltr'><strong>varias</strong></span> <span class='ocrx_word' id='word_1_404' title='bbox 1765 3447 2025 3509; x_wconf 79' lang='lat' dir='ltr'><strong>rationes,</strong></span> 
     </span>
    </p>
   </div>
   <div class='ocr_carea' id='block_1_53' title="bbox 444 3532 2028 3604">
    <p class='ocr_par' dir='ltr' id='par_1_53' title="bbox 444 3532 2028 3604">
     <span class='ocr_line' id='line_1_53' title="bbox 444 3532 2028 3604; baseline -0.002 -15"><span class='ocrx_word' id='word_1_405' title='bbox 444 3537 640 3603; x_wconf 85' lang='lat' dir='ltr'><strong>quibus</strong></span> <span class='ocrx_word' id='word_1_406' title='bbox 692 3537 805 3589; x_wconf 78' lang='lat' dir='ltr'><strong>lnec</strong></span> <span class='ocrx_word' id='word_1_407' title='bbox 865 3533 1258 3604; x_wconf 74' lang='lat' dir='ltr'><strong>Bogomilorum</strong></span> <span class='ocrx_word' id='word_1_408' title='bbox 1318 3534 1500 3602; x_wconf 83' lang='lat' dir='ltr'><strong>opinio</strong></span> <span class='ocrx_word' id='word_1_409' title='bbox 1539 3532 1809 3586; x_wconf 79' lang='lat' dir='ltr'><strong>confutari</strong></span> <span class='ocrx_word' id='word_1_410' title='bbox 1870 3534 2028 3586; x_wconf 79' lang='lat' dir='ltr'><strong>facile</strong></span> 
     </span>
    </p>
   </div>
   <div class='ocr_carea' id='block_1_54' title="bbox 445 3627 2028 3698">
    <p class='ocr_par' dir='ltr' id='par_1_54' title="bbox 445 3627 2028 3698">
     <span class='ocr_line' id='line_1_54' title="bbox 445 3627 2028 3698; baseline -0.001 -16"><span class='ocrx_word' id='word_1_411' title='bbox 445 3639 629 3698; x_wconf 83' lang='lat' dir='ltr'><strong>queat.</strong></span> <span class='ocrx_word' id='word_1_412' title='bbox 662 3629 734 3682; x_wconf 91' lang='lat' dir='ltr'><strong>lbi</strong></span> <span class='ocrx_word' id='word_1_413' title='bbox 785 3643 996 3682; x_wconf 90' lang='lat' dir='ltr'><strong>rursum</strong></span> <span class='ocrx_word' id='word_1_414' title='bbox 1032 3639 1217 3696; x_wconf 90' lang='lat' dir='ltr'><strong>aperte</strong></span> <span class='ocrx_word' id='word_1_415' title='bbox 1247 3627 1619 3695; x_wconf 86' lang='lat' dir='ltr'><strong>deprehendes</strong></span> <span class='ocrx_word' id='word_1_416' title='bbox 1672 3627 1724 3680; x_wconf 92' lang='lat' dir='ltr'><strong>in</strong></span> <span class='ocrx_word' id='word_1_417' title='bbox 1775 3627 2028 3696; x_wconf 85' lang='lat' dir='ltr'><strong>capitulis</strong></span> 
     </span>
    </p>
   </div>
   <div class='ocr_carea' id='block_1_55' title="bbox 445 3719 2028 3790">
    <p class='ocr_par' dir='ltr' id='par_1_55' title="bbox 445 3719 2028 3790">
     <span class='ocr_line' id='line_1_55' title="bbox 445 3719 2028 3790; baseline -0.004 -12"><span class='ocrx_word' id='word_1_418' title='bbox 445 3722 922 3790; x_wconf 84' lang='lat' dir='ltr'><strong>subsequentibus,</strong></span> <span class='ocrx_word' id='word_1_419' title='bbox 948 3736 1064 3788; x_wconf 68' lang='lat' dir='ltr'><strong>qua:</strong></span> <span class='ocrx_word' id='word_1_420' title='bbox 1089 3720 1341 3775; x_wconf 87' lang='lat' dir='ltr'><strong>similiter</strong></span> <span class='ocrx_word' id='word_1_421' title='bbox 1363 3720 1628 3790; x_wconf 85' lang='lat' dir='ltr'><strong>inscripta</strong></span> <span class='ocrx_word' id='word_1_422' title='bbox 1653 3730 1783 3774; x_wconf 88' lang='lat' dir='ltr'><strong>sunt</strong></span> <span class='ocrx_word' id='word_1_423' title='bbox 1817 3740 1828 3775; x_wconf 93' lang='lat'><strong>:</strong></span> <span class='ocrx_word' id='word_1_424' title='bbox 1854 3719 2028 3774; x_wconf 81' lang='lat' dir='ltr'><strong>Unum</strong></span> 
     </span>
    </p>
   </div>
   <div class='ocr_carea' id='block_1_56' title="bbox 445 3795 2032 3883">
    <p class='ocr_par' dir='ltr' id='par_1_56' title="bbox 445 3795 2032 3883">
     <span class='ocr_line' id='line_1_56' title="bbox 445 3795 2032 3883; baseline -0.004 -14"><span class='ocrx_word' id='word_1_425' title='bbox 445 3831 558 3875; x_wconf 73' lang='lat' dir='ltr'><strong>esse</strong></span> <span class='ocrx_word' id='word_1_426' title='bbox 617 3817 847 3883; x_wconf 80' lang='lat' dir='ltr'><strong>corporis</strong></span> <span class='ocrx_word' id='word_1_427' title='bbox 878 3795 930 3866; x_wconf 77' lang='grc' dir='ltr'>ε)</span> <span class='ocrx_word' id='word_1_428' title='bbox 965 3814 1160 3867; x_wconf 75' lang='lat' dir='ltr'><strong>anima:</strong></span> <span class='ocrx_word' id='word_1_429' title='bbox 1203 3823 1484 3866; x_wconf 77' lang='lat' dir='ltr'><strong>auctorem.</strong></span> <span class='ocrx_word' id='word_1_430' title='bbox 1517 3812 1648 3866; x_wconf 83' lang='lat' dir='ltr'><strong>Nam</strong></span> <span class='ocrx_word' id='word_1_431' title='bbox 1686 3813 1922 3868; x_wconf 71' lang='lat' dir='ltr'><strong>fabulam</strong></span> <span class='ocrx_word' id='word_1_432' title='bbox 1966 3816 2032 3863; x_wconf 87' lang='lat' dir='ltr'><strong>de</strong></span> 
     </span>
    </p>
   </div>
   <div class='ocr_carea' id='block_1_57' title="bbox 445 3904 2029 3979">
    <p class='ocr_par' dir='ltr' id='par_1_57' title="bbox 445 3904 2029 3979">
     <span class='ocr_line' id='line_1_57' title="bbox 445 3904 2029 3979; baseline -0.004 -13"><span class='ocrx_word' id='word_1_433' title='bbox 445 3919 698 3979; x_wconf 82' lang='lat' dir='ltr'><strong>serpente</strong></span> <span class='ocrx_word' id='word_1_434' title='bbox 749 3910 816 3961; x_wconf 86' lang='lat' dir='ltr'><strong>ab</strong></span> <span class='ocrx_word' id='word_1_435' title='bbox 867 3907 997 3976; x_wconf 82' lang='lat' dir='ltr'><strong>ipsis</strong></span> <span class='ocrx_word' id='word_1_436' title='bbox 1043 3904 1352 3970; x_wconf 82' lang='lat' dir='ltr'><strong>conﬁctam,</strong></span> <span class='ocrx_word' id='word_1_437' title='bbox 1404 3917 1458 3960; x_wconf 89' lang='lat' dir='ltr'><strong>ut</strong></span> <span class='ocrx_word' id='word_1_438' title='bbox 1492 3906 1603 3960; x_wconf 92' lang='lat' dir='ltr'><strong>risu</strong></span> <span class='ocrx_word' id='word_1_439' title='bbox 1644 3907 1818 3976; x_wconf 90' lang='lat' dir='ltr'><strong>potius</strong></span> <span class='ocrx_word' id='word_1_440' title='bbox 1869 3921 2029 3974; x_wconf 86' lang='lat' dir='ltr'><strong>quam</strong></span> 
     </span>
    </p>
   </div>
   <div class='ocr_carea' id='block_1_58' title="bbox 449 3997 2032 4069">
    <p class='ocr_par' dir='ltr' id='par_1_58' title="bbox 449 3997 2032 4069">
     <span class='ocr_line' id='line_1_58' title="bbox 449 3997 2032 4069; baseline -0.005 -11"><span class='ocrx_word' id='word_1_441' title='bbox 449 4003 822 4068; x_wconf 82' lang='lat' dir='ltr'><strong>confutatione</strong></span> <span class='ocrx_word' id='word_1_442' title='bbox 847 4001 1063 4068; x_wconf 81' lang='lat' dir='ltr'><strong>dignam</strong></span> <span class='ocrx_word' id='word_1_443' title='bbox 1087 4000 1422 4054; x_wconf 84' lang='lat' dir='ltr'><strong>omittemus.</strong></span> <span class='ocrx_word' id='word_1_444' title='bbox 1469 3997 1637 4064; x_wconf 84' lang='lat' dir='ltr'><strong>Quem</strong></span> <span class='ocrx_word' id='word_1_445' title='bbox 1674 4015 1835 4068; x_wconf 84' lang='lat' dir='ltr'><strong>porro</strong></span> <span class='ocrx_word' id='word_1_446' title='bbox 1890 4000 2032 4069; x_wconf 79' lang='lat' dir='ltr'><strong>lega-</strong></span> 
     </span>
    </p>
   </div>
   <div class='ocr_carea' id='block_1_59' title="bbox 450 4091 2031 4161">
    <p class='ocr_par' dir='ltr' id='par_1_59' title="bbox 450 4091 2031 4161">
     <span class='ocr_line' id='line_1_59' title="bbox 450 4091 2031 4161; baseline -0.004 -12"><span class='ocrx_word' id='word_1_447' title='bbox 450 4107 562 4149; x_wconf 90' lang='lat' dir='ltr'><strong>tum</strong></span> <span class='ocrx_word' id='word_1_448' title='bbox 596 4094 742 4148; x_wconf 91' lang='lat' dir='ltr'><strong>misit</strong></span> <span class='ocrx_word' id='word_1_449' title='bbox 771 4094 836 4147; x_wconf 89' lang='lat' dir='ltr'><strong>ad</strong></span> <span class='ocrx_word' id='word_1_450' title='bbox 873 4093 1082 4147; x_wconf 87' lang='lat' dir='ltr'><strong>Patrem</strong></span> <span class='ocrx_word' id='word_1_451' title='bbox 1112 4101 1160 4146; x_wconf 89' lang='lat' dir='ltr'><strong>et</strong></span> <span class='ocrx_word' id='word_1_452' title='bbox 1212 4091 1378 4145; x_wconf 90' lang='lat' dir='ltr'><strong>Deum</strong></span> <span class='ocrx_word' id='word_1_453' title='bbox 1418 4108 1578 4161; x_wconf 87' lang='lat' dir='ltr'><strong>quem</strong></span> <span class='ocrx_word' id='word_1_454' title='bbox 1615 4091 1832 4144; x_wconf 84' lang='lat' dir='ltr'><strong>insidiis</strong></span> <span class='ocrx_word' id='word_1_455' title='bbox 1860 4096 2031 4160; x_wconf 88' lang='lat' dir='ltr'><strong>petie-</strong></span> 
     </span>
    </p>
   </div>
   <div class='ocr_carea' id='block_1_60' title="bbox 452 4182 2023 4254">
    <p class='ocr_par' dir='ltr' id='par_1_60' title="bbox 452 4182 2023 4254">
     <span class='ocr_line' id='line_1_60' title="bbox 452 4182 2023 4254; baseline -0.001 -17"><span class='ocrx_word' id='word_1_456' title='bbox 452 4197 558 4251; x_wconf 67' lang='lat' dir='ltr'><strong>rit,</strong></span> <span class='ocrx_word' id='word_1_457' title='bbox 613 4187 860 4254; x_wconf 82' lang='lat' dir='ltr'><strong>i—psejam</strong></span> <span class='ocrx_word' id='word_1_458' title='bbox 898 4186 1066 4238; x_wconf 88' lang='lat' dir='ltr'><strong>hostis</strong></span> <span class='ocrx_word' id='word_1_459' title='bbox 1107 4185 1446 4238; x_wconf 80' lang='lat' dir='ltr'><strong>declaratus?</strong></span> <span class='ocrx_word' id='word_1_460' title='bbox 1477 4182 1644 4236; x_wconf 69' lang='lat' dir='ltr'><strong>Nemo</strong></span> <span class='ocrx_word' id='word_1_461' title='bbox 1669 4184 1812 4236; x_wconf 88' lang='lat' dir='ltr'><strong>enim</strong></span> <span class='ocrx_word' id='word_1_462' title='bbox 1836 4198 2023 4236; x_wconf 85' lang='lat' dir='ltr'><strong>eorum</strong></span> 
     </span>
    </p>
   </div>
   <div class='ocr_carea' id='block_1_61' title="bbox 453 4273 2028 4346">
    <p class='ocr_par' dir='ltr' id='par_1_61' title="bbox 453 4273 2028 4346">
     <span class='ocr_line' id='line_1_61' title="bbox 453 4273 2028 4346; baseline -0.003 -16"><span class='ocrx_word' id='word_1_463' title='bbox 453 4279 546 4346; x_wconf 80' lang='lat' dir='ltr'><strong>qui</strong></span> <span class='ocrx_word' id='word_1_464' title='bbox 574 4279 731 4330; x_wconf 86' lang='lat' dir='ltr'><strong>simul</strong></span> <span class='ocrx_word' id='word_1_465' title='bbox 761 4275 1072 4329; x_wconf 77' lang='lat' dir='ltr'><strong>defecerant</strong></span> <span class='ocrx_word' id='word_1_466' title='bbox 1101 4289 1164 4327; x_wconf 92' lang='lat' dir='ltr'><strong>eo</strong></span> <span class='ocrx_word' id='word_1_467' title='bbox 1197 4288 1418 4326; x_wconf 84' lang='lat' dir='ltr'><strong>munere</strong></span> <span class='ocrx_word' id='word_1_468' title='bbox 1446 4273 1592 4340; x_wconf 79' lang='lat' dir='ltr'><strong>fungi</strong></span> <span class='ocrx_word' id='word_1_469' title='bbox 1628 4287 1794 4327; x_wconf 82' lang='lat' dir='ltr'><strong>ausus</strong></span> <span class='ocrx_word' id='word_1_470' title='bbox 1861 4282 2028 4327; x_wconf 85' lang='lat' dir='ltr'><strong>esset.</strong></span> 
     </span>
    </p>
   </div>
   <div class='ocr_carea' id='block_1_62' title="bbox 459 4365 2030 4438">
    <p class='ocr_par' dir='ltr' id='par_1_62' title="bbox 459 4365 2030 4438">
     <span class='ocr_line' id='line_1_62' title="bbox 459 4365 2030 4438; baseline -0.002 -15"><span class='ocrx_word' id='word_1_471' title='bbox 459 4371 520 4424; x_wconf 61' lang='lat' dir='ltr'><strong>lit</strong></span> <span class='ocrx_word' id='word_1_472' title='bbox 578 4383 735 4438; x_wconf 86' lang='lat' dir='ltr'><strong>nemo</strong></span> <span class='ocrx_word' id='word_1_473' title='bbox 796 4382 1012 4421; x_wconf 88' lang='lat' dir='ltr'><strong>rursum</strong></span> <span class='ocrx_word' id='word_1_474' title='bbox 1075 4366 1390 4436; x_wconf 78' lang='lat' dir='ltr'><strong>angelorum</strong></span> <span class='ocrx_word' id='word_1_475' title='bbox 1451 4366 1559 4418; x_wconf 88' lang='lat' dir='ltr'><strong>Deo</strong></span> <span class='ocrx_word' id='word_1_476' title='bbox 1605 4365 2030 4420; x_wconf 87' lang='lat' dir='ltr'><strong>ministrantium</strong></span> 
     </span>
    </p>
   </div>
   <div class='ocr_carea' id='block_1_63' title="bbox 456 4443 2034 4531">
    <p class='ocr_par' dir='ltr' id='par_1_63' title="bbox 456 4443 2034 4531">
     <span class='ocr_line' id='line_1_63' title="bbox 456 4443 2034 4531; baseline -0.001 -14"><span class='ocrx_word' id='word_1_477' title='bbox 456 4443 575 4517; x_wconf 79' lang='lat' dir='ltr'><strong>eam</strong></span> <span class='ocrx_word' id='word_1_478' title='bbox 637 4459 971 4531; x_wconf 70' lang='lat' dir='ltr'><strong>provinciam</strong></span> <span class='ocrx_word' id='word_1_479' title='bbox 1013 4461 1266 4529; x_wconf 87' lang='lat' dir='ltr'><strong>cepisset,</strong></span> <span class='ocrx_word' id='word_1_480' title='bbox 1315 4468 1374 4513; x_wconf 92' lang='lat' dir='ltr'><strong>ut</strong></span> <span class='ocrx_word' id='word_1_481' title='bbox 1435 4459 1483 4512; x_wconf 83' lang='lat' dir='ltr'><strong>ei</strong></span> <span class='ocrx_word' id='word_1_482' title='bbox 1534 4459 1742 4514; x_wconf 86' lang='lat' dir='ltr'><strong>hostem</strong></span> <span class='ocrx_word' id='word_1_483' title='bbox 1778 4460 1945 4530; x_wconf 89' lang='lat' dir='ltr'><strong>ipsius</strong></span> <span class='ocrx_word' id='word_1_484' title='bbox 1978 4471 2034 4516; x_wconf 91' lang='lat' dir='ltr'><strong>et</strong></span> 
     </span>
    </p>
   </div>
   <div class='ocr_carea' id='block_1_64' title="bbox 2131 1964 3712 2050">
    <p class='ocr_par' dir='ltr' id='par_1_64' title="bbox 2131 1964 3712 2050">
     <span class='ocr_line' id='line_1_64' title="bbox 2131 1964 3712 2050; baseline -0.01 -19"><span class='ocrx_word' id='word_1_485' title='bbox 2131 1978 2276 2050; x_wconf 71' lang='grc' dir='ltr'>εἶχεν</span> <span class='ocrx_word' id='word_1_486' title='bbox 2306 1979 2386 2032; x_wconf 77' lang='grc' dir='ltr'>ἔτι</span> <span class='ocrx_word' id='word_1_487' title='bbox 2411 1981 2510 2050; x_wconf 81' lang='grc' dir='ltr'>τὴν</span> <span class='ocrx_word' id='word_1_488' title='bbox 2548 1979 2640 2031; x_wconf 76' lang='grc' dir='ltr'>τοῦ</span> <span class='ocrx_word' id='word_1_489' title='bbox 2676 1975 2812 2029; x_wconf 79' lang='grc' dir='ltr'>Θεοῦ</span> <span class='ocrx_word' id='word_1_490' title='bbox 2847 1975 3087 2044; x_wconf 85' lang='grc' dir='ltr'>μορφὴν,</span> <span class='ocrx_word' id='word_1_491' title='bbox 3120 1971 3217 2024; x_wconf 72' lang='grc' dir='ltr'>καὶ</span> <span class='ocrx_word' id='word_1_492' title='bbox 3246 1968 3461 2037; x_wconf 76' lang='grc' dir='ltr'>στολὴν,</span> <span class='ocrx_word' id='word_1_493' title='bbox 3490 1965 3584 2018; x_wconf 69' lang='grc' dir='ltr'><strong>καὶ</strong></span> <span class='ocrx_word' id='word_1_494' title='bbox 3611 1964 3712 2034; x_wconf 79' lang='grc' dir='ltr'>τὴν</span> 
     </span>
    </p>
   </div>
   <div class='ocr_carea' id='block_1_65' title="bbox 2129 2057 3714 2142">
    <p class='ocr_par' dir='ltr' id='par_1_65' title="bbox 2129 2057 3714 2142">
     <span class='ocr_line' id='line_1_65' title="bbox 2129 2057 3714 2142; baseline -0.011 -17"><span class='ocrx_word' id='word_1_495' title='bbox 2129 2072 2530 2142; x_wconf 78' lang='grc' dir='ltr'><strong>δημιουργικὴν</strong></span> <span class='ocrx_word' id='word_1_496' title='bbox 2561 2068 2726 2122; x_wconf 82' lang='grc' dir='ltr'>αὑτοῦ</span> <span class='ocrx_word' id='word_1_497' title='bbox 2759 2069 3027 2136; x_wconf 72' lang='grc' dir='ltr'>δύναμινς</span> <span class='ocrx_word' id='word_1_498' title='bbox 3060 2065 3206 2117; x_wconf 88' lang='grc' dir='ltr'>Ἔδει</span> <span class='ocrx_word' id='word_1_499' title='bbox 3243 2062 3351 2131; x_wconf 81' lang='grc' dir='ltr'><strong>γὰρ</strong></span> <span class='ocrx_word' id='word_1_500' title='bbox 3380 2060 3544 2113; x_wconf 75' lang='grc' dir='ltr'>αὐτὸν</span> <span class='ocrx_word' id='word_1_501' title='bbox 3577 2057 3714 2127; x_wconf 77' lang='grc' dir='ltr'>πρόο</span> 
     </span>
    </p>
   </div>
   <div class='ocr_carea' id='block_1_66' title="bbox 2129 2151 3716 2234">
    <p class='ocr_par' dir='ltr' id='par_1_66' title="bbox 2129 2151 3716 2234">
     <span class='ocr_line' id='line_1_66' title="bbox 2129 2151 3716 2234; baseline -0.01 -19"><span class='ocrx_word' id='word_1_502' title='bbox 2129 2181 2286 2234; x_wconf 82' lang='grc' dir='ltr'>τερον</span> <span class='ocrx_word' id='word_1_503' title='bbox 2312 2163 2665 2234; x_wconf 79' lang='grc' dir='ltr'>γυμνωθῆναι</span> <span class='ocrx_word' id='word_1_504' title='bbox 2690 2161 2918 2222; x_wconf 78' lang='grc' dir='ltr'>τούτων,</span> <span class='ocrx_word' id='word_1_505' title='bbox 2948 2155 3066 2210; x_wconf 74' lang='grc' dir='ltr'>εἶτα</span> <span class='ocrx_word' id='word_1_506' title='bbox 3089 2154 3517 2226; x_wconf 76' lang='grc' dir='ltr'>καταρῤιφῆναι.</span> <span class='ocrx_word' id='word_1_507' title='bbox 3555 2151 3716 2203; x_wconf 82' lang='grc' dir='ltr'><strong>Ἀπι-</strong></span> 
     </span>
    </p>
   </div>
   <div class='ocr_carea' id='block_1_67' title="bbox 2131 2239 3712 2328">
    <p class='ocr_par' dir='ltr' id='par_1_67' title="bbox 2131 2239 3712 2328">
     <span class='ocr_line' id='line_1_67' title="bbox 2131 2239 3712 2328; baseline -0.011 -19"><span class='ocrx_word' id='word_1_508' title='bbox 2131 2255 2294 2328; x_wconf 27' lang='grc' dir='ltr'>θιάνου</span> <span class='ocrx_word' id='word_1_509' title='bbox 2329 2257 2387 2310; x_wconf 85' lang='grc' dir='ltr'>δὲ</span> <span class='ocrx_word' id='word_1_510' title='bbox 2439 2256 2532 2310; x_wconf 85' lang='grc' dir='ltr'><strong>τοῦ</strong></span> <span class='ocrx_word' id='word_1_511' title='bbox 2571 2255 2772 2324; x_wconf 79' lang='grc' dir='ltr'><strong>μέρους</strong></span> <span class='ocrx_word' id='word_1_512' title='bbox 2821 2253 3010 2305; x_wconf 83' lang='grc' dir='ltr'>τούτου</span> <span class='ocrx_word' id='word_1_513' title='bbox 3050 2247 3330 2318; x_wconf 82' lang='grc' dir='ltr'>φανέντος,</span> <span class='ocrx_word' id='word_1_514' title='bbox 3361 2243 3457 2297; x_wconf 74' lang='grc' dir='ltr'>καὶ</span> <span class='ocrx_word' id='word_1_515' title='bbox 3500 2239 3712 2310; x_wconf 79' lang='grc' dir='ltr'>γυμνοῦ</span> 
     </span>
    </p>
   </div>
   <div class='ocr_carea' id='block_1_68' title="bbox 2131 2331 3714 2420">
    <p class='ocr_par' dir='ltr' id='par_1_68' title="bbox 2131 2331 3714 2420">
     <span class='ocr_line' id='line_1_68' title="bbox 2131 2331 3714 2420; baseline -0.016 -11"><span class='ocrx_word' id='word_1_516' title='bbox 2131 2355 2312 2418; x_wconf 81' lang='grc' dir='ltr'>πάσης</span> <span class='ocrx_word' id='word_1_517' title='bbox 2347 2349 2626 2420; x_wconf 86' lang='grc' dir='ltr'>ἀληθείας,</span> <span class='ocrx_word' id='word_1_518' title='bbox 2658 2343 2974 2405; x_wconf 84' lang='grc' dir='ltr'>ἀκολούθως</span> <span class='ocrx_word' id='word_1_519' title='bbox 3005 2342 3099 2394; x_wconf 72' lang='grc' dir='ltr'>καὶ</span> <span class='ocrx_word' id='word_1_520' title='bbox 3127 2339 3196 2392; x_wconf 84' lang='grc' dir='ltr'><strong>τὰ</strong></span> <span class='ocrx_word' id='word_1_521' title='bbox 3229 2334 3505 2390; x_wconf 82' lang='grc' dir='ltr'>ἀκόλουθα</span> <span class='ocrx_word' id='word_1_522' title='bbox 3534 2331 3714 2400; x_wconf 83' lang='grc' dir='ltr'>τούτῳ</span> 
     </span>
    </p>
   </div>
   <div class='ocr_carea' id='block_1_69' title="bbox 2129 2423 3716 2519">
    <p class='ocr_par' dir='ltr' id='par_1_69' title="bbox 2129 2423 3716 2519">
     <span class='ocr_line' id='line_1_69' title="bbox 2129 2423 3716 2519; baseline -0.017 -18"><span class='ocrx_word' id='word_1_523' title='bbox 2129 2447 2302 2519; x_wconf 76' lang='grc' dir='ltr'>ψευδῆ</span> <span class='ocrx_word' id='word_1_524' title='bbox 2333 2444 2640 2514; x_wconf 82' lang='grc' dir='ltr'>φαίνονται.</span> <span class='ocrx_word' id='word_1_525' title='bbox 2667 2440 2762 2492; x_wconf 70' lang='grc' dir='ltr'>καὶ</span> <span class='ocrx_word' id='word_1_526' title='bbox 2790 2436 3094 2490; x_wconf 87' lang='grc' dir='ltr'>ἀσύστατα.</span> <span class='ocrx_word' id='word_1_527' title='bbox 3123 2429 3440 2507; x_wconf 83' lang='grc' dir='ltr'>Σκοπητέον</span> <span class='ocrx_word' id='word_1_528' title='bbox 3474 2427 3552 2489; x_wconf 78' lang='grc' dir='ltr'>δὲ,</span> <span class='ocrx_word' id='word_1_529' title='bbox 3592 2423 3716 2519; x_wconf 64' lang='grc' dir='ltr'>πως</span> 
     </span>
    </p>
   </div>
   <div class='ocr_carea' id='block_1_70' title="bbox 2131 2514 3716 2608">
    <p class='ocr_par' dir='ltr' id='par_1_70' title="bbox 2131 2514 3716 2608">
     <span class='ocr_line' id='line_1_70' title="bbox 2131 2514 3716 2608; baseline -0.016 -16"><span class='ocrx_word' id='word_1_530' title='bbox 2131 2514 2196 2594; x_wconf 63' lang='grc' dir='ltr'>ἐκ</span> <span class='ocrx_word' id='word_1_531' title='bbox 2224 2541 2320 2608; x_wconf 80' lang='grc' dir='ltr'>τῆς</span> <span class='ocrx_word' id='word_1_532' title='bbox 2362 2534 2735 2602; x_wconf 86' lang='grc' dir='ltr'>ἀθετουμένης</span> <span class='ocrx_word' id='word_1_533' title='bbox 2768 2530 2954 2590; x_wconf 79' lang='grc' dir='ltr'>αὐτοῖς</span> <span class='ocrx_word' id='word_1_534' title='bbox 2991 2523 3273 2595; x_wconf 79' lang='grc' dir='ltr'>μωσαῖκῆς</span> <span class='ocrx_word' id='word_1_535' title='bbox 3309 2519 3496 2590; x_wconf 74' lang='grc' dir='ltr'>βίϐλου</span> <span class='ocrx_word' id='word_1_536' title='bbox 3528 2514 3716 2584; x_wconf 82' lang='grc' dir='ltr'>παρά-</span> 
     </span>
    </p>
   </div>
   <div class='ocr_carea' id='block_1_71' title="bbox 2129 2609 3716 2704">
    <p class='ocr_par' dir='ltr' id='par_1_71' title="bbox 2129 2609 3716 2704">
     <span class='ocr_line' id='line_1_71' title="bbox 2129 2609 3716 2704; baseline -0.018 -16"><span class='ocrx_word' id='word_1_537' title='bbox 2129 2651 2287 2704; x_wconf 87' lang='grc' dir='ltr'>γουσι</span> <span class='ocrx_word' id='word_1_538' title='bbox 2339 2627 2668 2700; x_wconf 78' lang='grc' dir='ltr'>μαρτυρίαν,</span> <span class='ocrx_word' id='word_1_539' title='bbox 2700 2626 2782 2678; x_wconf 83' lang='grc' dir='ltr'><strong>ότι</strong></span> <span class='ocrx_word' id='word_1_540' title='bbox 2821 2623 2878 2676; x_wconf 74' lang='grc' dir='ltr'>ἐν</span> <span class='ocrx_word' id='word_1_541' title='bbox 2923 2622 3070 2690; x_wconf 77' lang='grc' dir='ltr'>ἀρχῇ</span> <span class='ocrx_word' id='word_1_542' title='bbox 3122 2618 3381 2684; x_wconf 73' lang='grc' dir='ltr'>ἐποίησεν</span> <span class='ocrx_word' id='word_1_543' title='bbox 3404 2615 3431 2666; x_wconf 94' lang='lat'><strong>6</strong></span> <span class='ocrx_word' id='word_1_544' title='bbox 3463 2611 3595 2672; x_wconf 79' lang='grc' dir='ltr'>Θεὸς</span> <span class='ocrx_word' id='word_1_545' title='bbox 3613 2609 3716 2704; x_wconf 62' lang='grc' dir='ltr'><strong>τὸν</strong></span> 
     </span>
    </p>
   </div>
   <div class='ocr_carea' id='block_1_72' title="bbox 2131 2702 3718 2797">
    <p class='ocr_par' dir='ltr' id='par_1_72' title="bbox 2131 2702 3718 2797">
     <span class='ocr_line' id='line_1_72' title="bbox 2131 2702 3718 2797; baseline -0.017 -18"><span class='ocrx_word' id='word_1_546' title='bbox 2131 2702 2363 2797; x_wconf 73' lang='grc' dir='ltr'>οὐρανὸν</span> <span class='ocrx_word' id='word_1_547' title='bbox 2394 2721 2490 2775; x_wconf 69' lang='grc' dir='ltr'>καὶ</span> <span class='ocrx_word' id='word_1_548' title='bbox 2526 2719 2626 2788; x_wconf 84' lang='grc' dir='ltr'>τὴν</span> <span class='ocrx_word' id='word_1_549' title='bbox 2657 2717 2783 2786; x_wconf 82' lang='grc' dir='ltr'>γῆν.</span> <span class='ocrx_word' id='word_1_550' title='bbox 2835 2713 2910 2767; x_wconf 84' lang='grc' dir='ltr'>Τὸ</span> <span class='ocrx_word' id='word_1_551' title='bbox 2939 2712 2997 2766; x_wconf 77' lang='grc' dir='ltr'>δὲ</span> <span class='ocrx_word' id='word_1_552' title='bbox 3027 2708 3402 2780; x_wconf 78' lang='grc' dir='ltr'>δογματίζειν,</span> <span class='ocrx_word' id='word_1_553' title='bbox 3439 2705 3521 2757; x_wconf 79' lang='grc' dir='ltr'>ὅτι</span> <span class='ocrx_word' id='word_1_554' title='bbox 3611 2702 3718 2753; x_wconf 87' lang='grc' dir='ltr'><strong>Σα-</strong></span> 
     </span>
    </p>
   </div>
   <div class='ocr_carea' id='block_1_73' title="bbox 2131 2795 3718 2886">
    <p class='ocr_par' dir='ltr' id='par_1_73' title="bbox 2131 2795 3718 2886">
     <span class='ocr_line' id='line_1_73' title="bbox 2131 2795 3718 2886; baseline -0.016 -17"><span class='ocrx_word' id='word_1_555' title='bbox 2131 2795 2336 2886; x_wconf 78' lang='grc' dir='ltr'>ταναὴλ</span> <span class='ocrx_word' id='word_1_556' title='bbox 2361 2813 2765 2884; x_wconf 76' lang='grc' dir='ltr'>ἐδημιούργησε</span> <span class='ocrx_word' id='word_1_557' title='bbox 2783 2807 2844 2861; x_wconf 80' lang='lat'><strong>16</strong></span> <span class='ocrx_word' id='word_1_558' title='bbox 2871 2805 3183 2876; x_wconf 82' lang='grc' dir='ltr'>στερέωμα,</span> <span class='ocrx_word' id='word_1_559' title='bbox 3213 2801 3309 2854; x_wconf 80' lang='grc' dir='ltr'>καὶ</span> <span class='ocrx_word' id='word_1_560' title='bbox 3331 2800 3415 2852; x_wconf 79' lang='grc' dir='ltr'>ὅτι</span> <span class='ocrx_word' id='word_1_561' title='bbox 3438 2795 3718 2864; x_wconf 82' lang='grc' dir='ltr'>συνήγαγε</span> 
     </span>
    </p>
   </div>
   <div class='ocr_carea' id='block_1_74' title="bbox 2130 2894 3718 2969">
    <p class='ocr_par' dir='ltr' id='par_1_74' title="bbox 2130 2894 3718 2969">
     <span class='ocr_line' id='line_1_74' title="bbox 2130 2894 3718 2969; baseline -0.017 -4"><span class='ocrx_word' id='word_1_562' title='bbox 2130 2913 2199 2965; x_wconf 83' lang='grc' dir='ltr'><strong>τὰ</strong></span> <span class='ocrx_word' id='word_1_563' title='bbox 2228 2909 2396 2963; x_wconf 73' lang='grc' dir='ltr'>ὕδατα</span> <span class='ocrx_word' id='word_1_564' title='bbox 2425 2909 2504 2969; x_wconf 82' lang='grc' dir='ltr'><strong>είς</strong></span> <span class='ocrx_word' id='word_1_565' title='bbox 2537 2909 2636 2967; x_wconf 82' lang='grc' dir='ltr'>τὰς</span> <span class='ocrx_word' id='word_1_566' title='bbox 2672 2896 3217 2956; x_wconf 83' lang='grc' dir='ltr'>κατασκευασθείσας</span> <span class='ocrx_word' id='word_1_567' title='bbox 3247 2894 3432 2952; x_wconf 83' lang='grc' dir='ltr'>αὐτοῖς</span> <span class='ocrx_word' id='word_1_568' title='bbox 3465 2905 3718 2954; x_wconf 74' lang='grc' dir='ltr'>συναγωο</span> 
     </span>
    </p>
   </div>
   <div class='ocr_carea' id='block_1_75' title="bbox 2130 2981 3716 3072">
    <p class='ocr_par' dir='ltr' id='par_1_75' title="bbox 2130 2981 3716 3072">
     <span class='ocr_line' id='line_1_75' title="bbox 2130 2981 3716 3072; baseline -0.018 -14"><span class='ocrx_word' id='word_1_569' title='bbox 2130 3006 2254 3072; x_wconf 89' lang='grc' dir='ltr'><strong>γάς,</strong></span> <span class='ocrx_word' id='word_1_570' title='bbox 2282 3005 2378 3057; x_wconf 71' lang='grc' dir='ltr'>καὶ</span> <span class='ocrx_word' id='word_1_571' title='bbox 2406 2997 2898 3072; x_wconf 83' lang='grc' dir='ltr'>ὃτικατεκόσμησε</span> <span class='ocrx_word' id='word_1_572' title='bbox 2924 2992 2986 3044; x_wconf 86' lang='grc' dir='ltr'>τὸ</span> <span class='ocrx_word' id='word_1_573' title='bbox 3021 2989 3312 3057; x_wconf 81' lang='grc' dir='ltr'>στερέωμα</span> <span class='ocrx_word' id='word_1_574' title='bbox 3338 2985 3432 3039; x_wconf 71' lang='grc' dir='ltr'>καὶ</span> <span class='ocrx_word' id='word_1_575' title='bbox 3458 2983 3554 3053; x_wconf 83' lang='grc' dir='ltr'>τὴν</span> <span class='ocrx_word' id='word_1_576' title='bbox 3589 2981 3716 3049; x_wconf 80' lang='grc' dir='ltr'>γῆν,</span> 
     </span>
    </p>
   </div>
   <div class='ocr_carea' id='block_1_76' title="bbox 2133 3073 3719 3161">
    <p class='ocr_par' dir='ltr' id='par_1_76' title="bbox 2133 3073 3719 3161">
     <span class='ocr_line' id='line_1_76' title="bbox 2133 3073 3719 3161; baseline -0.017 -11"><span class='ocrx_word' id='word_1_577' title='bbox 2133 3097 2227 3150; x_wconf 70' lang='grc' dir='ltr'><strong>καὶ</strong></span> <span class='ocrx_word' id='word_1_578' title='bbox 2259 3095 2326 3146; x_wconf 83' lang='grc' dir='ltr'>τὰ</span> <span class='ocrx_word' id='word_1_579' title='bbox 2357 3091 2556 3161; x_wconf 75' lang='grc' dir='ltr'>ἑφεξῆς</span> <span class='ocrx_word' id='word_1_580' title='bbox 2583 3091 2799 3143; x_wconf 75' lang='grc' dir='ltr'>ἅπαντα</span> <span class='ocrx_word' id='word_1_581' title='bbox 2834 3085 2994 3154; x_wconf 79' lang='grc' dir='ltr'>μέχρι</span> <span class='ocrx_word' id='word_1_582' title='bbox 3025 3081 3121 3134; x_wconf 79' lang='grc' dir='ltr'>τοῦ</span> <span class='ocrx_word' id='word_1_583' title='bbox 3154 3082 3232 3142; x_wconf 87' lang='grc' dir='ltr'><strong>είς</strong></span> <span class='ocrx_word' id='word_1_584' title='bbox 3260 3077 3352 3130; x_wconf 80' lang='grc' dir='ltr'>τὸν</span> <span class='ocrx_word' id='word_1_585' title='bbox 3389 3073 3719 3144; x_wconf 73' lang='grc' dir='ltr'>πρωτόπλαο</span> 
     </span>
    </p>
   </div>
   <div class='ocr_carea' id='block_1_77' title="bbox 2057 3169 3719 3262">
    <p class='ocr_par' dir='ltr' id='par_1_77' title="bbox 2057 3169 3719 3262">
     <span class='ocr_line' id='line_1_77' title="bbox 2057 3169 3719 3262; baseline -0.016 -20"><span class='ocrx_word' id='word_1_586' title='bbox 2057 3207 2099 3262; x_wconf 81' lang='lat' dir='ltr'>c</span> <span class='ocrx_word' id='word_1_587' title='bbox 2136 3203 2262 3241; x_wconf 88' lang='grc' dir='ltr'>στον</span> <span class='ocrx_word' id='word_1_588' title='bbox 2306 3184 2724 3254; x_wconf 80' lang='grc' dir='ltr'>ὲμφυσήματος,</span> <span class='ocrx_word' id='word_1_589' title='bbox 2771 3180 2835 3232; x_wconf 85' lang='grc' dir='ltr'>ὲκ</span> <span class='ocrx_word' id='word_1_590' title='bbox 2885 3177 2984 3245; x_wconf 78' lang='grc' dir='ltr'>τῆς</span> <span class='ocrx_word' id='word_1_591' title='bbox 3036 3169 3471 3262; x_wconf 10' lang='grc' dir='ltr'>μωσαῖκῆςνμέν</span> <span class='ocrx_word' id='word_1_592' title='bbox 3516 3182 3719 3262; x_wconf 74' lang='grc' dir='ltr'>κοσμο-</span> 
     </span>
    </p>
   </div>
   <div class='ocr_carea' id='block_1_78' title="bbox 2134 3257 3719 3347">
    <p class='ocr_par' dir='ltr' id='par_1_78' title="bbox 2134 3257 3719 3347">
     <span class='ocr_line' id='line_1_78' title="bbox 2134 3257 3719 3347; baseline -0.016 -16"><span class='ocrx_word' id='word_1_593' title='bbox 2134 3278 2351 3347; x_wconf 85' lang='grc' dir='ltr'>γενείας</span> <span class='ocrx_word' id='word_1_594' title='bbox 2389 3273 2768 3345; x_wconf 74' lang='grc' dir='ltr'>ὲσυλήθησαν,</span> <span class='ocrx_word' id='word_1_595' title='bbox 2805 3268 2881 3338; x_wconf 79' lang='grc' dir='ltr'>τῷ</span> <span class='ocrx_word' id='word_1_596' title='bbox 2920 3263 3209 3333; x_wconf 80' lang='grc' dir='ltr'>Σαταναὴλ</span> <span class='ocrx_word' id='word_1_597' title='bbox 3243 3262 3300 3314; x_wconf 83' lang='grc' dir='ltr'>δὲ</span> <span class='ocrx_word' id='word_1_598' title='bbox 3336 3260 3589 3312; x_wconf 83' lang='grc' dir='ltr'>ἀνέθεντο</span> <span class='ocrx_word' id='word_1_599' title='bbox 3619 3257 3719 3324; x_wconf 83' lang='grc' dir='ltr'>τὴν</span> 
     </span>
    </p>
   </div>
   <div class='ocr_carea' id='block_1_79' title="bbox 2136 3349 3718 3438">
    <p class='ocr_par' dir='ltr' id='par_1_79' title="bbox 2136 3349 3718 3438">
     <span class='ocr_line' id='line_1_79' title="bbox 2136 3349 3718 3438; baseline -0.016 -14"><span class='ocrx_word' id='word_1_600' title='bbox 2136 3371 2340 3425; x_wconf 81' lang='grc' dir='ltr'>τούτων</span> <span class='ocrx_word' id='word_1_601' title='bbox 2385 3365 2745 3438; x_wconf 82' lang='grc' dir='ltr'>δημιουργίαν</span> <span class='ocrx_word' id='word_1_602' title='bbox 2778 3363 2828 3415; x_wconf 78' lang='lat' dir='ltr'><strong>oi</strong></span> <span class='ocrx_word' id='word_1_603' title='bbox 2879 3358 3167 3427; x_wconf 78' lang='grc' dir='ltr'>Βογόμιλοι</span> <span class='ocrx_word' id='word_1_604' title='bbox 3201 3355 3279 3426; x_wconf 81' lang='grc' dir='ltr'>τῷ</span> <span class='ocrx_word' id='word_1_605' title='bbox 3325 3353 3557 3419; x_wconf 73' lang='grc' dir='ltr'>δόγματι</span> <span class='ocrx_word' id='word_1_606' title='bbox 3606 3349 3718 3400; x_wconf 82' lang='grc' dir='ltr'>τῶν</span> 
     </span>
    </p>
   </div>
   <div class='ocr_carea' id='block_1_80' title="bbox 2135 3440 3719 3519">
    <p class='ocr_par' dir='ltr' id='par_1_80' title="bbox 2135 3440 3719 3519">
     <span class='ocr_line' id='line_1_80' title="bbox 2135 3440 3719 3519; baseline -0.018 0"><span class='ocrx_word' id='word_1_607' title='bbox 2135 3464 2514 3519; x_wconf 77' lang='grc' dir='ltr'>Παυλικιάνων</span> <span class='ocrx_word' id='word_1_608' title='bbox 2539 3455 2977 3515; x_wconf 73' lang='grc' dir='ltr'>ἀκολουθοῦντες.</span> <span class='ocrx_word' id='word_1_609' title='bbox 3014 3452 3246 3506; x_wconf 84' lang='grc' dir='ltr'>Ἐκεῖνοι</span> <span class='ocrx_word' id='word_1_610' title='bbox 3261 3448 3369 3518; x_wconf 77' lang='grc' dir='ltr'>γὰρ</span> <span class='ocrx_word' id='word_1_611' title='bbox 3389 3446 3467 3515; x_wconf 80' lang='grc' dir='ltr'>τῷ</span> <span class='ocrx_word' id='word_1_612' title='bbox 3492 3440 3719 3512; x_wconf 84' lang='grc' dir='ltr'>πονηρῷ</span> 
     </span>
    </p>
   </div>
   <div class='ocr_carea' id='block_1_81' title="bbox 2134 3533 3720 3628">
    <p class='ocr_par' dir='ltr' id='par_1_81' title="bbox 2134 3533 3720 3628">
     <span class='ocr_line' id='line_1_81' title="bbox 2134 3533 3720 3628; baseline -0.016 -17"><span class='ocrx_word' id='word_1_613' title='bbox 2134 3560 2194 3611; x_wconf 82' lang='grc' dir='ltr'>οὐ</span> <span class='ocrx_word' id='word_1_614' title='bbox 2227 3557 2385 3628; x_wconf 89' lang='grc' dir='ltr'>μόνον</span> <span class='ocrx_word' id='word_1_615' title='bbox 2403 3557 2498 3623; x_wconf 78' lang='grc' dir='ltr'>τὴν</span> <span class='ocrx_word' id='word_1_616' title='bbox 2523 3568 2733 3605; x_wconf 86' lang='grc' dir='ltr'>τουτων</span> <span class='ocrx_word' id='word_1_617' title='bbox 2759 3544 3128 3618; x_wconf 83' lang='grc' dir='ltr'>δημιουργίαν</span> <span class='ocrx_word' id='word_1_618' title='bbox 3158 3539 3552 3608; x_wconf 84' lang='grc' dir='ltr'>ἀπονέμουσιν,</span> <span class='ocrx_word' id='word_1_619' title='bbox 3581 3533 3720 3628; x_wconf 79' lang='grc' dir='ltr'><strong>ἀλλά</strong></span> 
     </span>
    </p>
   </div>
   <div class='ocr_carea' id='block_1_82' title="bbox 2142 3625 3719 3719">
    <p class='ocr_par' dir='ltr' id='par_1_82' title="bbox 2142 3625 3719 3719">
     <span class='ocr_line' id='line_1_82' title="bbox 2142 3625 3719 3719; baseline -0.018 -14"><span class='ocrx_word' id='word_1_620' title='bbox 2142 3625 2237 3705; x_wconf 57' lang='grc' dir='ltr'><strong>καί</strong></span> <span class='ocrx_word' id='word_1_621' title='bbox 2257 3649 2354 3719; x_wconf 83' lang='grc' dir='ltr'>τὴν</span> <span class='ocrx_word' id='word_1_622' title='bbox 2387 3646 2481 3700; x_wconf 87' lang='lat'><strong>106</strong></span> <span class='ocrx_word' id='word_1_623' title='bbox 2511 3643 2728 3714; x_wconf 80' lang='grc' dir='ltr'>πρώτου</span> <span class='ocrx_word' id='word_1_624' title='bbox 2757 3639 2989 3708; x_wconf 76' lang='grc' dir='ltr'>οὐρανοῦ</span> <span class='ocrx_word' id='word_1_625' title='bbox 3017 3637 3110 3688; x_wconf 71' lang='grc' dir='ltr'><strong>καὶ</strong></span> <span class='ocrx_word' id='word_1_626' title='bbox 3138 3633 3236 3702; x_wconf 82' lang='grc' dir='ltr'>τῆς</span> <span class='ocrx_word' id='word_1_627' title='bbox 3253 3633 3378 3700; x_wconf 79' lang='grc' dir='ltr'>γῆς,</span> <span class='ocrx_word' id='word_1_628' title='bbox 3403 3630 3497 3682; x_wconf 67' lang='grc' dir='ltr'>καὶ</span> <span class='ocrx_word' id='word_1_629' title='bbox 3521 3625 3719 3719; x_wconf 57' lang='grc' dir='ltr'>ἀπλῶξ</span> 
     </span>
    </p>
   </div>
   <div class='ocr_carea' id='block_1_83' title="bbox 2135 3715 3720 3803">
    <p class='ocr_par' dir='ltr' id='par_1_83' title="bbox 2135 3715 3720 3803">
     <span class='ocr_line' id='line_1_83' title="bbox 2135 3715 3720 3803; baseline -0.017 -9"><span class='ocrx_word' id='word_1_630' title='bbox 2135 3715 2330 3803; x_wconf 72' lang='grc' dir='ltr'>εἰπεῖν,</span> <span class='ocrx_word' id='word_1_631' title='bbox 2360 3737 2614 3791; x_wconf 72' lang='grc' dir='ltr'>ἁπάντων</span> <span class='ocrx_word' id='word_1_632' title='bbox 2639 3733 2748 3786; x_wconf 82' lang='grc' dir='ltr'><strong>τῶν</strong></span> <span class='ocrx_word' id='word_1_633' title='bbox 2775 3729 3108 3797; x_wconf 79' lang='grc' dir='ltr'>ὲγκοσμίων.</span> <span class='ocrx_word' id='word_1_634' title='bbox 3138 3723 3248 3776; x_wconf 68' lang='lat' dir='ltr'><strong>Kal</strong></span> <span class='ocrx_word' id='word_1_635' title='bbox 3275 3723 3513 3789; x_wconf 76' lang='grc' dir='ltr'>ζήτησον</span> <span class='ocrx_word' id='word_1_636' title='bbox 3541 3721 3599 3771; x_wconf 79' lang='grc' dir='ltr'>ὲν</span> <span class='ocrx_word' id='word_1_637' title='bbox 3639 3715 3720 3803; x_wconf 65' lang='grc' dir='ltr'>τιῖ)</span> 
     </span>
    </p>
   </div>
   <div class='ocr_carea' id='block_1_84' title="bbox 2136 3801 3720 3885">
    <p class='ocr_par' dir='ltr' id='par_1_84' title="bbox 2136 3801 3720 3885">
     <span class='ocr_line' id='line_1_84' title="bbox 2136 3801 3720 3885; baseline -0.018 0"><span class='ocrx_word' id='word_1_638' title='bbox 2136 3832 2287 3885; x_wconf 83' lang='grc' dir='ltr'>κατὰ</span> <span class='ocrx_word' id='word_1_639' title='bbox 2319 3801 2460 3882; x_wconf 66' lang='grc' dir='ltr'><strong>τῶν</strong></span> <span class='ocrx_word' id='word_1_640' title='bbox 2508 3821 2932 3879; x_wconf 71' lang='grc' dir='ltr'>ιΙαυλικιὰνων</span> <span class='ocrx_word' id='word_1_641' title='bbox 2989 3815 3152 3884; x_wconf 83' lang='grc' dir='ltr'>τίτλῳ</span> <span class='ocrx_word' id='word_1_642' title='bbox 3179 3814 3246 3866; x_wconf 89' lang='grc' dir='ltr'><strong>τά</strong></span> <span class='ocrx_word' id='word_1_643' title='bbox 3292 3809 3594 3877; x_wconf 74' lang='grc' dir='ltr'>κεφάλαια,</span> <span class='ocrx_word' id='word_1_644' title='bbox 3636 3801 3720 3866; x_wconf 81' lang='grc' dir='ltr'><strong>οἷς</strong></span> 
     </span>
    </p>
   </div>
   <div class='ocr_carea' id='block_1_85' title="bbox 2137 3898 3722 3989">
    <p class='ocr_par' dir='ltr' id='par_1_85' title="bbox 2137 3898 3722 3989">
     <span class='ocr_line' id='line_1_85' title="bbox 2137 3898 3722 3989; baseline -0.017 -14"><span class='ocrx_word' id='word_1_645' title='bbox 2137 3919 2695 3989; x_wconf 77' lang='grc' dir='ltr'>ἐπιγέγραπται,”οτι</span> <span class='ocrx_word' id='word_1_646' title='bbox 2718 3915 2789 3967; x_wconf 79' lang='grc' dir='ltr'>οὐ</span> <span class='ocrx_word' id='word_1_647' title='bbox 2809 3911 2916 3965; x_wconf 84' lang='grc' dir='ltr'>δύο</span> <span class='ocrx_word' id='word_1_648' title='bbox 2945 3907 3144 3976; x_wconf 74' lang='grc' dir='ltr'>ἀρχαὶ,</span> <span class='ocrx_word' id='word_1_649' title='bbox 3177 3903 3314 3960; x_wconf 71' lang='grc' dir='ltr'><strong>ἀλλ’</strong></span> <span class='ocrx_word' id='word_1_650' title='bbox 3331 3898 3418 3967; x_wconf 75' lang='grc' dir='ltr'>εἷς</span> <span class='ocrx_word' id='word_1_651' title='bbox 3439 3901 3722 3967; x_wconf 74' lang='grc' dir='ltr'>δημιουρ·</span> 
     </span>
    </p>
   </div>
   <div class='ocr_carea' id='block_1_86' title="bbox 2137 3994 3722 4082">
    <p class='ocr_par' dir='ltr' id='par_1_86' title="bbox 2137 3994 3722 4082">
     <span class='ocr_line' id='line_1_86' title="bbox 2137 3994 3722 4082; baseline -0.016 -15"><span class='ocrx_word' id='word_1_652' title='bbox 2137 4015 2240 4082; x_wconf 77' lang='grc' dir='ltr'><strong>τὸς</strong></span> <span class='ocrx_word' id='word_1_653' title='bbox 2261 4010 2545 4079; x_wconf 73' lang='grc' dir='ltr'>οὐρανοῦ,</span> <span class='ocrx_word' id='word_1_654' title='bbox 2566 4005 2812 4074; x_wconf 73' lang='grc' dir='ltr'>καὶτῆς,</span> <span class='ocrx_word' id='word_1_655' title='bbox 2832 4000 3060 4056; x_wconf 79' lang='grc' dir='ltr'>καὶτῶν</span> <span class='ocrx_word' id='word_1_656' title='bbox 3074 3999 3339 4067; x_wconf 79' lang='grc' dir='ltr'>ἐνμέσῳ,</span> <span class='ocrx_word' id='word_1_657' title='bbox 3355 3996 3448 4049; x_wconf 76' lang='grc' dir='ltr'>καὶ</span> <span class='ocrx_word' id='word_1_658' title='bbox 3464 3994 3722 4062; x_wconf 77' lang='grc' dir='ltr'>εὑρήσεις</span> 
     </span>
    </p>
   </div>
   <div class='ocr_carea' id='block_1_87' title="bbox 2138 4085 3722 4166">
    <p class='ocr_par' dir='ltr' id='par_1_87' title="bbox 2138 4085 3722 4166">
     <span class='ocr_line' id='line_1_87' title="bbox 2138 4085 3722 4166; baseline -0.015 -7"><span class='ocrx_word' id='word_1_659' title='bbox 2138 4109 2196 4159; x_wconf 81' lang='grc' dir='ltr'>ὲν</span> <span class='ocrx_word' id='word_1_660' title='bbox 2224 4105 2452 4163; x_wconf 75' lang='grc' dir='ltr'>ἐκείνοις</span> <span class='ocrx_word' id='word_1_661' title='bbox 2475 4101 2572 4160; x_wconf 80' lang='grc' dir='ltr'>τὰς</span> <span class='ocrx_word' id='word_1_662' title='bbox 2605 4097 2952 4166; x_wconf 83' lang='grc' dir='ltr'>προσφόρους</span> <span class='ocrx_word' id='word_1_663' title='bbox 2979 4089 3444 4160; x_wconf 79' lang='grc' dir='ltr'>ἀνατροπὰς,ὃσαι</span> <span class='ocrx_word' id='word_1_664' title='bbox 3471 4085 3549 4139; x_wconf 84' lang='grc' dir='ltr'>τῶ</span> <span class='ocrx_word' id='word_1_665' title='bbox 3577 4100 3722 4152; x_wconf 82' lang='grc' dir='ltr'>παρ-</span> 
     </span>
    </p>
   </div>
   <div class='ocr_carea' id='block_1_88' title="bbox 2139 4179 3721 4263">
    <p class='ocr_par' dir='ltr' id='par_1_88' title="bbox 2139 4179 3721 4263">
     <span class='ocr_line' id='line_1_88' title="bbox 2139 4179 3721 4263; baseline -0.015 -11"><span class='ocrx_word' id='word_1_666' title='bbox 2139 4199 2256 4253; x_wconf 87' lang='grc' dir='ltr'>όντι</span> <span class='ocrx_word' id='word_1_667' title='bbox 2317 4195 2428 4249; x_wconf 83' lang='grc' dir='ltr'><strong>τῶν</strong></span> <span class='ocrx_word' id='word_1_668' title='bbox 2459 4191 2775 4260; x_wconf 70' lang='grc' dir='ltr'>Βογομίλων</span> <span class='ocrx_word' id='word_1_669' title='bbox 2800 4189 3034 4256; x_wconf 85' lang='grc' dir='ltr'>δόγματι</span> <span class='ocrx_word' id='word_1_670' title='bbox 3065 4182 3568 4255; x_wconf 81' lang='grc' dir='ltr'>προσαρμόζουσιν.</span> <span class='ocrx_word' id='word_1_671' title='bbox 3597 4179 3721 4263; x_wconf 74' lang='grc' dir='ltr'>’Ότι</span> 
     </span>
    </p>
   </div>
   <div class='ocr_carea' id='block_1_89' title="bbox 2137 4270 3722 4354">
    <p class='ocr_par' dir='ltr' id='par_1_89' title="bbox 2137 4270 3722 4354">
     <span class='ocr_line' id='line_1_89' title="bbox 2137 4270 3722 4354; baseline -0.015 -9"><span class='ocrx_word' id='word_1_672' title='bbox 2137 4292 2194 4345; x_wconf 81' lang='grc' dir='ltr'>δὲ</span> <span class='ocrx_word' id='word_1_673' title='bbox 2219 4289 2336 4344; x_wconf 77' lang='grc' dir='ltr'>οὐδὲ</span> <span class='ocrx_word' id='word_1_674' title='bbox 2362 4288 2420 4340; x_wconf 89' lang='grc' dir='ltr'>τὸ</span> <span class='ocrx_word' id='word_1_675' title='bbox 2447 4286 2606 4354; x_wconf 83' lang='grc' dir='ltr'>σῶμα</span> <span class='ocrx_word' id='word_1_676' title='bbox 2638 4281 2730 4336; x_wconf 88' lang='lat'><strong>106</strong></span> <span class='ocrx_word' id='word_1_677' title='bbox 2756 4279 3185 4350; x_wconf 84' lang='grc' dir='ltr'>πρωτοπλάστου</span> <span class='ocrx_word' id='word_1_678' title='bbox 3208 4275 3602 4346; x_wconf 75' lang='grc' dir='ltr'>δημιούργημα</span> <span class='ocrx_word' id='word_1_679' title='bbox 3624 4270 3722 4324; x_wconf 83' lang='grc' dir='ltr'>τοῦ</span> 
     </span>
    </p>
   </div>
   <div class='ocr_carea' id='block_1_90' title="bbox 2140 4368 3724 4452">
    <p class='ocr_par' dir='ltr' id='par_1_90' title="bbox 2140 4368 3724 4452">
     <span class='ocr_line' id='line_1_90' title="bbox 2140 4368 3724 4452; baseline -0.013 -14"><span class='ocrx_word' id='word_1_680' title='bbox 2140 4381 2425 4452; x_wconf 87' lang='grc' dir='ltr'>Σαταναήλ</span> <span class='ocrx_word' id='word_1_681' title='bbox 2460 4381 2626 4441; x_wconf 77' lang='grc' dir='ltr'>ἐστιν,</span> <span class='ocrx_word' id='word_1_682' title='bbox 2663 4377 2782 4429; x_wconf 77' lang='grc' dir='ltr'>ἐκεῖ</span> <span class='ocrx_word' id='word_1_683' title='bbox 2812 4373 2972 4426; x_wconf 80' lang='grc' dir='ltr'>πάλιν</span> <span class='ocrx_word' id='word_1_684' title='bbox 3009 4371 3192 4439; x_wconf 76' lang='grc' dir='ltr'>σαφῶς</span> <span class='ocrx_word' id='word_1_685' title='bbox 3228 4371 3483 4439; x_wconf 77' lang='grc' dir='ltr'>εὑρήσεις</span> <span class='ocrx_word' id='word_1_686' title='bbox 3521 4371 3576 4418; x_wconf 80' lang='grc' dir='ltr'>ἐν</span> <span class='ocrx_word' id='word_1_687' title='bbox 3606 4368 3724 4429; x_wconf 84' lang='grc' dir='ltr'>τοῖς</span> 
     </span>
    </p>
   </div>
   <div class='ocr_carea' id='block_1_91' title="bbox 2139 4455 3722 4545">
    <p class='ocr_par' dir='ltr' id='par_1_91' title="bbox 2139 4455 3722 4545">
     <span class='ocr_line' id='line_1_91' title="bbox 2139 4455 3722 4545; baseline -0.011 -16"><span class='ocrx_word' id='word_1_688' title='bbox 2139 4477 2338 4545; x_wconf 78' lang='grc' dir='ltr'><strong>ἑφεξῆς</strong></span> <span class='ocrx_word' id='word_1_689' title='bbox 2356 4473 2693 4542; x_wconf 82' lang='grc' dir='ltr'>κεφαλαίοις,</span> <span class='ocrx_word' id='word_1_690' title='bbox 2717 4467 2796 4532; x_wconf 81' lang='grc' dir='ltr'>οἷς</span> <span class='ocrx_word' id='word_1_691' title='bbox 2820 4467 3022 4537; x_wconf 76' lang='grc' dir='ltr'>ὁμοίως</span> <span class='ocrx_word' id='word_1_692' title='bbox 3046 4464 3607 4534; x_wconf 78' lang='grc' dir='ltr'>ὲπιγέγραπται.”οτι.</span> <span class='ocrx_word' id='word_1_693' title='bbox 3630 4455 3722 4522; x_wconf 76' lang='grc' dir='ltr'>εἷς</span> 
     </span>
    </p>
   </div>
   <div class='ocr_carea' id='block_1_92' title="bbox 456 4550 2028 4637">
    <p class='ocr_par' dir='ltr' id='par_1_92' title="bbox 456 4550 2028 4621">
     <span class='ocr_line' id='line_1_92' title="bbox 456 4550 2028 4621; baseline -0.003 -7"><span class='ocrx_word' id='word_1_694' title='bbox 456 4574 612 4614; x_wconf 85' lang='lat' dir='ltr'><strong>suum</strong></span> <span class='ocrx_word' id='word_1_695' title='bbox 648 4550 1048 4610; x_wconf 85' lang='lat' dir='ltr'><strong>reconciliaret.</strong></span> <span class='ocrx_word' id='word_1_696' title='bbox 1083 4553 1161 4608; x_wconf 86' lang='lat' dir='ltr'><strong>Ad</strong></span> <span class='ocrx_word' id='word_1_697' title='bbox 1204 4553 1318 4609; x_wconf 72' lang='lat' dir='ltr'><strong>bmc</strong></span> <span class='ocrx_word' id='word_1_698' title='bbox 1366 4553 1637 4621; x_wconf 89' lang='lat' dir='ltr'><strong>quomodo</strong></span> <span class='ocrx_word' id='word_1_699' title='bbox 1675 4554 1847 4608; x_wconf 88' lang='lat' dir='ltr'><strong>bonus</strong></span> <span class='ocrx_word' id='word_1_700' title='bbox 1890 4554 2028 4610; x_wconf 88' lang='lat' dir='ltr'><strong>Deus</strong></span> 
     </span>
    </p>
   </div>
   <div class='ocr_carea' id='block_1_93' title="bbox 2130 4550 3722 4637">
    <p class='ocr_par' dir='ltr' id='par_1_93' title="bbox 2138 4553 3722 4637">
     <span class='ocr_line' id='line_1_93' title="bbox 2138 4553 3722 4637; baseline -0.011 -13"><span class='ocrx_word' id='word_1_701' title='bbox 2138 4567 2500 4637; x_wconf 78' lang='grc' dir='ltr'>δημιουργός</span> <span class='ocrx_word' id='word_1_702' title='bbox 2519 4565 2626 4618; x_wconf 82' lang='grc' dir='ltr'>τοῦ</span> <span class='ocrx_word' id='word_1_703' title='bbox 2649 4563 2947 4630; x_wconf 81' lang='grc' dir='ltr'>σώματος,</span> <span class='ocrx_word' id='word_1_704' title='bbox 2972 4556 3194 4625; x_wconf 77' lang='grc' dir='ltr'>καὶτῆς</span> <span class='ocrx_word' id='word_1_705' title='bbox 3215 4554 3446 4626; x_wconf 70' lang='grc' dir='ltr'>ψυχῆς,</span> <span class='ocrx_word' id='word_1_706' title='bbox 3471 4556 3590 4624; x_wconf 75' lang='grc' dir='ltr'>ἢτοι</span> <span class='ocrx_word' id='word_1_707' title='bbox 3622 4553 3722 4606; x_wconf 83' lang='grc' dir='ltr'>τοῦ</span> 
     </span>
    </p>
   </div>
   <div class='ocr_carea' id='block_1_94' title="bbox 457 4643 2036 4714">
    <p class='ocr_par' dir='ltr' id='par_1_94' title="bbox 457 4643 2036 4714">
     <span class='ocr_line' id='line_1_94' title="bbox 457 4643 2036 4714; baseline -0.005 -8"><span class='ocrx_word' id='word_1_708' title='bbox 457 4651 678 4706; x_wconf 87' lang='lat' dir='ltr'><strong>inimico</strong></span> <span class='ocrx_word' id='word_1_709' title='bbox 706 4647 1072 4703; x_wconf 81' lang='lat' dir='ltr'><strong>consensisset</strong></span> <span class='ocrx_word' id='word_1_710' title='bbox 1109 4643 1426 4714; x_wconf 87' lang='lat' dir='ltr'><strong>postulanti,</strong></span> <span class='ocrx_word' id='word_1_711' title='bbox 1462 4654 1519 4700; x_wconf 92' lang='lat' dir='ltr'><strong>ut</strong></span> <span class='ocrx_word' id='word_1_712' title='bbox 1563 4645 1798 4698; x_wconf 88' lang='lat' dir='ltr'><strong>animam</strong></span> <span class='ocrx_word' id='word_1_713' title='bbox 1833 4647 1884 4699; x_wconf 90' lang='lat' dir='ltr'><strong>in</strong></span> <span class='ocrx_word' id='word_1_714' title='bbox 1913 4661 2036 4700; x_wconf 90' lang='lat' dir='ltr'><strong>cor-</strong></span> 
     </span>
    </p>
   </div>
   <div class='ocr_carea' id='block_1_95' title="bbox 458 4738 2036 4812">
    <p class='ocr_par' dir='ltr' id='par_1_95' title="bbox 458 4738 2036 4812">
     <span class='ocr_line' id='line_1_95' title="bbox 458 4738 2036 4812; baseline -0.003 -17"><span class='ocrx_word' id='word_1_715' title='bbox 458 4761 559 4812; x_wconf 89' lang='lat' dir='ltr'><strong>pus</strong></span> <span class='ocrx_word' id='word_1_716' title='bbox 588 4757 614 4793; x_wconf 85' lang='lat' dir='ltr'><strong>a</strong></span> <span class='ocrx_word' id='word_1_717' title='bbox 646 4757 704 4795; x_wconf 91' lang='lat' dir='ltr'><strong>se</strong></span> <span class='ocrx_word' id='word_1_718' title='bbox 737 4741 1029 4793; x_wconf 70' lang='lat' dir='ltr'><strong>forn&#39;iatum</strong></span> <span class='ocrx_word' id='word_1_719' title='bbox 1062 4739 1391 4801; x_wconf 65' lang='lat' dir='ltr'><strong>demitteret,</strong></span> <span class='ocrx_word' id='word_1_720' title='bbox 1427 4747 1485 4790; x_wconf 91' lang='lat' dir='ltr'><strong>ut</strong></span> <span class='ocrx_word' id='word_1_721' title='bbox 1529 4738 1688 4791; x_wconf 88' lang='lat' dir='ltr'><strong>homo</strong></span> <span class='ocrx_word' id='word_1_722' title='bbox 1730 4738 2036 4791; x_wconf 85' lang='lat' dir='ltr'><strong>communis</strong></span> 
     </span>
    </p>
   </div>
   <div class='ocr_carea' id='block_1_96' title="bbox 459 4825 2036 4899">
    <p class='ocr_par' dir='ltr' id='par_1_96' title="bbox 459 4825 2036 4899">
     <span class='ocr_line' id='line_1_96' title="bbox 459 4825 2036 4899; baseline -0.006 -9"><span class='ocrx_word' id='word_1_723' title='bbox 459 4825 633 4890; x_wconf 71' lang='lat' dir='ltr'><strong>iuret?</strong></span> <span class='ocrx_word' id='word_1_724' title='bbox 663 4832 792 4899; x_wconf 71' lang='lat' dir='ltr'><strong>Qum</strong></span> <span class='ocrx_word' id='word_1_725' title='bbox 822 4833 966 4886; x_wconf 90' lang='lat' dir='ltr'><strong>enim</strong></span> <span class='ocrx_word' id='word_1_726' title='bbox 992 4830 1303 4885; x_wconf 87' lang='lat' dir='ltr'><strong>communio</strong></span> <span class='ocrx_word' id='word_1_727' title='bbox 1334 4831 1434 4882; x_wconf 81' lang='lat' dir='ltr'><strong>luci</strong></span> <span class='ocrx_word' id='word_1_728' title='bbox 1483 4845 1602 4883; x_wconf 89' lang='lat' dir='ltr'><strong>cum</strong></span> <span class='ocrx_word' id='word_1_729' title='bbox 1636 4829 1906 4884; x_wconf 82' lang='lat' dir='ltr'><strong>tenebris?</strong></span> <span class='ocrx_word' id='word_1_730' title='bbox 1946 4839 2036 4881; x_wconf 89' lang='lat' dir='ltr'><strong>aut</strong></span> 
     </span>
    </p>
   </div>
   <div class='ocr_carea' id='block_1_97' title="bbox 456 4918 2037 4994">
    <p class='ocr_par' dir='ltr' id='par_1_97' title="bbox 456 4918 2037 4994">
     <span class='ocr_line' id='line_1_97' title="bbox 456 4918 2037 4994; baseline -0.004 -16"><span class='ocrx_word' id='word_1_731' title='bbox 456 4927 546 4994; x_wconf 86' lang='lat' dir='ltr'><strong>qui</strong></span> <span class='ocrx_word' id='word_1_732' title='bbox 581 4940 876 4979; x_wconf 86' lang='lat' dir='ltr'><strong>consensus</strong></span> <span class='ocrx_word' id='word_1_733' title='bbox 930 4925 1038 4977; x_wconf 85' lang='lat' dir='ltr'><strong>Deo</strong></span> <span class='ocrx_word' id='word_1_734' title='bbox 1097 4937 1220 4976; x_wconf 85' lang='lat' dir='ltr'><strong>cum</strong></span> <span class='ocrx_word' id='word_1_735' title='bbox 1276 4921 1441 4976; x_wconf 88' lang='lat' dir='ltr'><strong>Belial</strong></span> <span class='ocrx_word' id='word_1_736' title='bbox 1476 4921 1539 4974; x_wconf 63' lang='grc' dir='ltr'><strong>’ἵ</strong></span> <span class='ocrx_word' id='word_1_737' title='bbox 1589 4919 1706 4972; x_wconf 84' lang='lat' dir='ltr'><strong>.lam</strong></span> <span class='ocrx_word' id='word_1_738' title='bbox 1765 4918 2037 4988; x_wconf 90' lang='lat' dir='ltr'><strong>quomodo</strong></span> 
     </span>
    </p>
   </div>
   <div class='ocr_carea' id='block_1_98' title="bbox 457 5009 2030 5082">
    <p class='ocr_par' dir='ltr' id='par_1_98' title="bbox 457 5009 2030 5082">
     <span class='ocr_line' id='line_1_98' title="bbox 457 5009 2030 5082; baseline -0.006 -10"><span class='ocrx_word' id='word_1_739' title='bbox 457 5015 712 5073; x_wconf 83' lang='lat' dir='ltr'><strong>Satanael</strong></span> <span class='ocrx_word' id='word_1_740' title='bbox 743 5015 984 5080; x_wconf 90' lang='lat' dir='ltr'><strong>corporis</strong></span> <span class='ocrx_word' id='word_1_741' title='bbox 1013 5028 1204 5082; x_wconf 76' lang='lat' dir='ltr'><strong>expers</strong></span> <span class='ocrx_word' id='word_1_742' title='bbox 1237 5014 1445 5065; x_wconf 87' lang='lat' dir='ltr'><strong>ratione</strong></span> <span class='ocrx_word' id='word_1_743' title='bbox 1467 5027 1724 5080; x_wconf 83' lang='lat' dir='ltr'><strong>corporea</strong></span> <span class='ocrx_word' id='word_1_744' title='bbox 1761 5025 1882 5064; x_wconf 88' lang='lat' dir='ltr'><strong>cum</strong></span> <span class='ocrx_word' id='word_1_745' title='bbox 1923 5009 2030 5062; x_wconf 83' lang='lat' dir='ltr'><strong>Eva</strong></span> 
     </span>
    </p>
   </div>
   <div class='ocr_carea' id='block_1_99' title="bbox 454 5089 2032 5178">
    <p class='ocr_par' dir='ltr' id='par_1_99' title="bbox 454 5089 2032 5178">
     <span class='ocr_line' id='line_1_99' title="bbox 454 5089 2032 5178; baseline -0.008 -12"><span class='ocrx_word' id='word_1_746' title='bbox 454 5089 780 5178; x_wconf 63' lang='lat' dir='ltr'><strong>conCubuit?</strong></span> <span class='ocrx_word' id='word_1_747' title='bbox 807 5107 911 5160; x_wconf 81' lang='lat' dir='ltr'><strong>Per</strong></span> <span class='ocrx_word' id='word_1_748' title='bbox 943 5105 1234 5158; x_wconf 76' lang='lat' dir='ltr'><strong>visumue?</strong></span> <span class='ocrx_word' id='word_1_749' title='bbox 1266 5106 1329 5157; x_wconf 86' lang='grc' dir='ltr'>Αι</span> <span class='ocrx_word' id='word_1_750' title='bbox 1361 5105 1402 5157; x_wconf 82' lang='lat' dir='ltr'><strong>si</strong></span> <span class='ocrx_word' id='word_1_751' title='bbox 1431 5109 1535 5172; x_wconf 79' lang='lat' dir='ltr'><strong>per</strong></span> <span class='ocrx_word' id='word_1_752' title='bbox 1563 5106 1762 5166; x_wconf 82' lang='lat' dir='ltr'><strong>visum,</strong></span> <span class='ocrx_word' id='word_1_753' title='bbox 1797 5118 2032 5172; x_wconf 81' lang='lat' dir='ltr'><strong>quomo-</strong></span> 
     </span>
    </p>
   </div>
   <div class='ocr_carea' id='block_1_100' title="bbox 455 5195 2037 5267">
    <p class='ocr_par' dir='ltr' id='par_1_100' title="bbox 455 5195 2037 5267">
     <span class='ocr_line' id='line_1_100' title="bbox 455 5195 2037 5267; baseline -0.006 -8"><span class='ocrx_word' id='word_1_754' title='bbox 455 5205 523 5259; x_wconf 90' lang='lat' dir='ltr'><strong>do</strong></span> <span class='ocrx_word' id='word_1_755' title='bbox 552 5219 616 5257; x_wconf 83' lang='lat' dir='ltr'><strong>ex</strong></span> <span class='ocrx_word' id='word_1_756' title='bbox 649 5202 734 5256; x_wconf 91' lang='lat' dir='ltr'><strong>illa</strong></span> <span class='ocrx_word' id='word_1_757' title='bbox 769 5200 908 5255; x_wconf 81' lang='lat' dir='ltr'><strong>ﬁiios</strong></span> <span class='ocrx_word' id='word_1_758' title='bbox 943 5197 1286 5267; x_wconf 66' lang='lat' dir='ltr'><strong>procreavit?</strong></span> <span class='ocrx_word' id='word_1_759' title='bbox 1320 5199 1426 5251; x_wconf 84' lang='lat' dir='ltr'><strong>Aut</strong></span> <span class='ocrx_word' id='word_1_760' title='bbox 1459 5212 1557 5250; x_wconf 86' lang='lat' dir='ltr'><strong>Cur</strong></span> <span class='ocrx_word' id='word_1_761' title='bbox 1580 5197 1713 5251; x_wconf 82' lang='lat' dir='ltr'><strong>Cain</strong></span> <span class='ocrx_word' id='word_1_762' title='bbox 1753 5195 1895 5249; x_wconf 82' lang='lat' dir='ltr'><strong>tilius</strong></span> <span class='ocrx_word' id='word_1_763' title='bbox 1922 5195 2037 5262; x_wconf 84' lang='lat' dir='ltr'><strong>ejus</strong></span> 
     </span>
    </p>
   </div>
   <div class='ocr_carea' id='block_1_101' title="bbox 456 5286 2035 5364">
    <p class='ocr_par' dir='ltr' id='par_1_101' title="bbox 456 5286 2035 5364">
     <span class='ocr_line' id='line_1_101' title="bbox 456 5286 2035 5364; baseline -0.007 -14"><span class='ocrx_word' id='word_1_764' title='bbox 456 5312 561 5351; x_wconf 93' lang='lat' dir='ltr'><strong>non</strong></span> <span class='ocrx_word' id='word_1_765' title='bbox 587 5297 689 5364; x_wconf 86' lang='lat' dir='ltr'><strong>ipsi</strong></span> <span class='ocrx_word' id='word_1_766' title='bbox 730 5309 826 5364; x_wconf 91' lang='lat' dir='ltr'><strong>par</strong></span> <span class='ocrx_word' id='word_1_767' title='bbox 865 5301 919 5346; x_wconf 89' lang='lat' dir='ltr'><strong>et</strong></span> <span class='ocrx_word' id='word_1_768' title='bbox 953 5291 1142 5346; x_wconf 83' lang='lat' dir='ltr'><strong>similis</strong></span> <span class='ocrx_word' id='word_1_769' title='bbox 1177 5291 1294 5356; x_wconf 82' lang='lat' dir='ltr'><strong>fuit,</strong></span> <span class='ocrx_word' id='word_1_770' title='bbox 1322 5292 1412 5344; x_wconf 76' lang='lat' dir='ltr'><strong>sed</strong></span> <span class='ocrx_word' id='word_1_771' title='bbox 1439 5289 1646 5343; x_wconf 76' lang='lat' dir='ltr'><strong>Adam?</strong></span> <span class='ocrx_word' id='word_1_772' title='bbox 1673 5287 1862 5342; x_wconf 93' lang='lat' dir='ltr'><strong>Omnis</strong></span> <span class='ocrx_word' id='word_1_773' title='bbox 1892 5286 2035 5341; x_wconf 89' lang='lat' dir='ltr'><strong>enim</strong></span> 
     </span>
    </p>
   </div>
   <div class='ocr_carea' id='block_1_102' title="bbox 454 5376 2036 5464">
    <p class='ocr_par' dir='ltr' id='par_1_102' title="bbox 454 5376 2036 5464">
     <span class='ocr_line' id='line_1_102' title="bbox 454 5376 2036 5464; baseline -0.007 -24"><span class='ocrx_word' id='word_1_774' title='bbox 454 5387 639 5464; x_wconf 83' lang='lat' dir='ltr'><strong>proles</strong></span> <span class='ocrx_word' id='word_1_775' title='bbox 701 5384 930 5454; x_wconf 79' lang='lat' dir='ltr'><strong>genitori</strong></span> <span class='ocrx_word' id='word_1_776' title='bbox 992 5396 1184 5436; x_wconf 90' lang='lat' dir='ltr'><strong>natura</strong></span> <span class='ocrx_word' id='word_1_777' title='bbox 1245 5397 1341 5447; x_wconf 90' lang='lat' dir='ltr'><strong>par</strong></span> <span class='ocrx_word' id='word_1_778' title='bbox 1389 5392 1442 5435; x_wconf 88' lang='lat' dir='ltr'><strong>et</strong></span> <span class='ocrx_word' id='word_1_779' title='bbox 1498 5379 1691 5434; x_wconf 89' lang='lat' dir='ltr'><strong>similis</strong></span> <span class='ocrx_word' id='word_1_780' title='bbox 1749 5388 1850 5432; x_wconf 86' lang='lat' dir='ltr'><strong>est.</strong></span> <span class='ocrx_word' id='word_1_781' title='bbox 1901 5376 2036 5430; x_wconf 85' lang='lat' dir='ltr'><strong>Nam</strong></span> 
     </span>
    </p>
   </div>
   <div class='ocr_carea' id='block_1_103' title="bbox 454 5468 2035 5552">
    <p class='ocr_par' dir='ltr' id='par_1_103' title="bbox 454 5468 2035 5552">
     <span class='ocr_line' id='line_1_103' title="bbox 454 5468 2035 5552; baseline -0.006 -21"><span class='ocrx_word' id='word_1_782' title='bbox 454 5479 595 5552; x_wconf 81' lang='lat' dir='ltr'><strong>quod</strong></span> <span class='ocrx_word' id='word_1_783' title='bbox 623 5476 860 5532; x_wconf 83' lang='lat' dir='ltr'><strong>Joannes</strong></span> <span class='ocrx_word' id='word_1_784' title='bbox 890 5473 1172 5543; x_wconf 88' lang='lat' dir='ltr'><strong>apostolus</strong></span> <span class='ocrx_word' id='word_1_785' title='bbox 1205 5474 1362 5536; x_wconf 84' lang='lat' dir='ltr'><strong>dixit,</strong></span> <span class='ocrx_word' id='word_1_786' title='bbox 1409 5473 1542 5525; x_wconf 81' lang='lat' dir='ltr'><strong>Cain</strong></span> <span class='ocrx_word' id='word_1_787' title='bbox 1567 5485 1633 5524; x_wconf 76' lang='lat' dir='ltr'><strong>ex</strong></span> <span class='ocrx_word' id='word_1_788' title='bbox 1668 5470 1814 5523; x_wconf 89' lang='lat' dir='ltr'><strong>malo</strong></span> <span class='ocrx_word' id='word_1_789' title='bbox 1847 5468 2035 5533; x_wconf 80' lang='lat' dir='ltr'><strong>fuisse,</strong></span> 
     </span>
    </p>
   </div>
   <div class='ocr_carea' id='block_1_104' title="bbox 457 5562 2040 5639">
    <p class='ocr_par' dir='ltr' id='par_1_104' title="bbox 457 5562 2040 5639">
     <span class='ocr_line' id='line_1_104' title="bbox 457 5562 2040 5639; baseline -0.005 -14"><span class='ocrx_word' id='word_1_790' title='bbox 457 5585 560 5625; x_wconf 86' lang='lat' dir='ltr'><strong>non</strong></span> <span class='ocrx_word' id='word_1_791' title='bbox 588 5587 654 5625; x_wconf 88' lang='lat' dir='ltr'><strong>eo</strong></span> <span class='ocrx_word' id='word_1_792' title='bbox 686 5580 934 5639; x_wconf 86' lang='lat' dir='ltr'><strong>spectant</strong></span> <span class='ocrx_word' id='word_1_793' title='bbox 979 5569 1091 5621; x_wconf 71' lang='lat' dir='ltr'><strong>haec</strong></span> <span class='ocrx_word' id='word_1_794' title='bbox 1145 5568 1330 5629; x_wconf 83' lang='lat' dir='ltr'><strong>verba,</strong></span> <span class='ocrx_word' id='word_1_795' title='bbox 1366 5566 1505 5634; x_wconf 86' lang='lat' dir='ltr'><strong>quod</strong></span> <span class='ocrx_word' id='word_1_796' title='bbox 1556 5579 1780 5631; x_wconf 87' lang='lat' dir='ltr'><strong>corpore</strong></span> <span class='ocrx_word' id='word_1_797' title='bbox 1845 5562 1913 5617; x_wconf 89' lang='lat' dir='ltr'><strong>ab</strong></span> <span class='ocrx_word' id='word_1_798' title='bbox 1950 5562 2040 5617; x_wconf 91' lang='lat' dir='ltr'><strong>illo</strong></span> 
     </span>
    </p>
   </div>
   <div class='ocr_carea' id='block_1_105' title="bbox 456 5658 2040 5734">
    <p class='ocr_par' dir='ltr' id='par_1_105' title="bbox 456 5658 2040 5734">
     <span class='ocr_line' id='line_1_105' title="bbox 456 5658 2040 5734; baseline -0.001 -22"><span class='ocrx_word' id='word_1_799' title='bbox 456 5661 618 5734; x_wconf 68' lang='lat' dir='ltr'><strong>fuerit</strong></span> <span class='ocrx_word' id='word_1_800' title='bbox 651 5673 990 5730; x_wconf 84' lang='lat' dir='ltr'><strong>procreatus,</strong></span> <span class='ocrx_word' id='word_1_801' title='bbox 1032 5663 1123 5717; x_wconf 83' lang='lat' dir='ltr'><strong>sed</strong></span> <span class='ocrx_word' id='word_1_802' title='bbox 1151 5662 1295 5730; x_wconf 90' lang='lat' dir='ltr'><strong>quod</strong></span> <span class='ocrx_word' id='word_1_803' title='bbox 1325 5661 1391 5712; x_wconf 87' lang='lat' dir='ltr'><strong>ab</strong></span> <span class='ocrx_word' id='word_1_804' title='bbox 1430 5659 1521 5712; x_wconf 90' lang='lat' dir='ltr'><strong>illo</strong></span> <span class='ocrx_word' id='word_1_805' title='bbox 1585 5658 1842 5711; x_wconf 86' lang='lat' dir='ltr'><strong>malitiam</strong></span> <span class='ocrx_word' id='word_1_806' title='bbox 1897 5659 2040 5712; x_wconf 84' lang='lat' dir='ltr'><strong>didi-</strong></span> 
     </span>
    </p>
   </div>
   <div class='ocr_carea' id='block_1_106' title="bbox 455 5753 2033 5826">
    <p class='ocr_par' dir='ltr' id='par_1_106' title="bbox 455 5753 2033 5826">
     <span class='ocr_line' id='line_1_106' title="bbox 455 5753 2033 5826; baseline -0.001 -19"><span class='ocrx_word' id='word_1_807' title='bbox 455 5757 612 5810; x_wconf 83' lang='lat' dir='ltr'><strong>ceri&#39;.</strong></span> <span class='ocrx_word' id='word_1_808' title='bbox 647 5757 800 5826; x_wconf 66' lang='lat' dir='ltr'><strong>Sillpi‘.</strong></span> <span class='ocrx_word' id='word_1_809' title='bbox 822 5757 966 5811; x_wconf 87' lang='lat' dir='ltr'><strong>enim</strong></span> <span class='ocrx_word' id='word_1_810' title='bbox 990 5765 1044 5810; x_wconf 89' lang='lat' dir='ltr'><strong>et</strong></span> <span class='ocrx_word' id='word_1_811' title='bbox 1075 5755 1370 5822; x_wconf 88' lang='lat' dir='ltr'><strong>discipulus</strong></span> <span class='ocrx_word' id='word_1_812' title='bbox 1399 5763 1625 5806; x_wconf 71' lang='lat' dir='ltr'><strong>vocatur</strong></span> <span class='ocrx_word' id='word_1_813' title='bbox 1654 5753 1810 5815; x_wconf 79' lang='lat' dir='ltr'><strong>(ilius,</strong></span> <span class='ocrx_word' id='word_1_814' title='bbox 1833 5759 1888 5806; x_wconf 85' lang='lat' dir='ltr'><strong>et</strong></span> <span class='ocrx_word' id='word_1_815' title='bbox 1919 5765 2033 5805; x_wconf 85' lang='lat' dir='ltr'><strong>ma-</strong></span> 
     </span>
    </p>
   </div>
   <div class='ocr_carea' id='block_1_107' title="bbox 533 5869 910 5934">
    <p class='ocr_par' dir='ltr' id='par_1_107' title="bbox 533 5869 910 5934">
     <span class='ocr_line' id='line_1_107' title="bbox 533 5869 910 5934; baseline -0.005 -11"><span class='ocrx_word' id='word_1_816' title='bbox 533 5869 721 5934; x_wconf 74' lang='lat' dir='ltr'><strong>‘Joau.</strong></span> <span class='ocrx_word' id='word_1_817' title='bbox 743 5886 796 5934; x_wconf 71' lang='grc' dir='ltr'>ι,</span> <span class='ocrx_word' id='word_1_818' title='bbox 823 5869 910 5923; x_wconf 74' lang='grc'><strong>50.</strong></span> 
     </span>
    </p>
   </div>
   <div class='ocr_carea' id='block_1_108' title="bbox 1011 5868 2454 5934">
    <p class='ocr_par' dir='ltr' id='par_1_108' title="bbox 1011 5868 2454 5934">
     <span class='ocr_line' id='line_1_108' title="bbox 1011 5868 2454 5934; baseline -0.002 -10"><span class='ocrx_word' id='word_1_819' title='bbox 1011 5868 1195 5933; x_wconf 64' lang='lat' dir='ltr'><strong>’loan</strong></span> <span class='ocrx_word' id='word_1_820' title='bbox 1249 5868 1465 5933; x_wconf 69' lang='lat' dir='ltr'><strong>xv:,l3.</strong></span> <span class='ocrx_word' id='word_1_821' title='bbox 1546 5868 1874 5924; x_wconf 69' lang='lat' dir='ltr'><strong>’Joni.xiv.</strong></span> <span class='ocrx_word' id='word_1_822' title='bbox 1907 5868 1960 5922; x_wconf 88' lang='lat'><strong>9.</strong></span> <span class='ocrx_word' id='word_1_823' title='bbox 2039 5868 2214 5924; x_wconf 69' lang='lat' dir='ltr'><strong>‘Joan</strong></span> <span class='ocrx_word' id='word_1_824' title='bbox 2276 5885 2328 5934; x_wconf 75' lang='grc' dir='ltr'>χ,</span> <span class='ocrx_word' id='word_1_825' title='bbox 2369 5869 2454 5922; x_wconf 82' lang='grc'><strong>57.</strong></span> 
     </span>
    </p>
   </div>
   <div class='ocr_carea' id='block_1_109' title="bbox 2135 4645 3758 4732">
    <p class='ocr_par' dir='ltr' id='par_1_109' title="bbox 2135 4645 3758 4732">
     <span class='ocr_line' id='line_1_109' title="bbox 2135 4645 3758 4732; baseline -0.01 -18"><span class='ocrx_word' id='word_1_826' title='bbox 2135 4660 2448 4730; x_wconf 81' lang='grc' dir='ltr'>ἀνθρώπου.</span> <span class='ocrx_word' id='word_1_827' title='bbox 2471 4658 2584 4723; x_wconf 80' lang='grc' dir='ltr'><strong>Τὴν</strong></span> <span class='ocrx_word' id='word_1_828' title='bbox 2604 4653 2714 4722; x_wconf 80' lang='grc' dir='ltr'><strong>γὰρ</strong></span> <span class='ocrx_word' id='word_1_829' title='bbox 2743 4651 2885 4706; x_wconf 86' lang='grc' dir='ltr'><strong>κατά</strong></span> <span class='ocrx_word' id='word_1_830' title='bbox 2911 4651 3004 4702; x_wconf 83' lang='grc' dir='ltr'>τὸν</span> <span class='ocrx_word' id='word_1_831' title='bbox 3028 4649 3154 4714; x_wconf 67' lang='grc' dir='ltr'>δςριν</span> <span class='ocrx_word' id='word_1_832' title='bbox 3181 4645 3510 4717; x_wconf 84' lang='grc' dir='ltr'>μυθολογίαν</span> <span class='ocrx_word' id='word_1_833' title='bbox 3538 4645 3758 4732; x_wconf 50' lang='grc' dir='ltr'><strong>αὐτῶν.⁵</strong></span> 
     </span>
    </p>
   </div>
   <div class='ocr_carea' id='block_1_110' title="bbox 2136 4735 3737 4821">
    <p class='ocr_par' dir='ltr' id='par_1_110' title="bbox 2136 4735 3737 4821">
     <span class='ocr_line' id='line_1_110' title="bbox 2136 4735 3737 4821; baseline -0.009 -18"><span class='ocrx_word' id='word_1_834' title='bbox 2136 4753 2483 4821; x_wconf 81' lang='grc' dir='ltr'>παρήσομεν,</span> <span class='ocrx_word' id='word_1_835' title='bbox 2507 4745 2582 4808; x_wconf 83' lang='grc' dir='ltr'>ὼς</span> <span class='ocrx_word' id='word_1_836' title='bbox 2597 4745 2834 4813; x_wconf 86' lang='grc' dir='ltr'>γέλωτος</span> <span class='ocrx_word' id='word_1_837' title='bbox 2859 4742 3061 4810; x_wconf 80' lang='grc' dir='ltr'>μᾶλλον</span> <span class='ocrx_word' id='word_1_838' title='bbox 3083 4739 3116 4808; x_wconf 82' lang='grc' dir='ltr'>ἢ</span> <span class='ocrx_word' id='word_1_839' title='bbox 3142 4738 3519 4810; x_wconf 70' lang='grc' dir='ltr'>ἀντιρρήσεως</span> <span class='ocrx_word' id='word_1_840' title='bbox 3541 4735 3737 4821; x_wconf 36' lang='grc' dir='ltr'>ἀξίανθ</span> 
     </span>
    </p>
   </div>
   <div class='ocr_carea' id='block_1_111' title="bbox 2134 4813 3733 4902">
    <p class='ocr_par' dir='ltr' id='par_1_111' title="bbox 2134 4813 3733 4902">
     <span class='ocr_line' id='line_1_111' title="bbox 2134 4813 3733 4902; baseline -0.009 -11"><span class='ocrx_word' id='word_1_841' title='bbox 2134 4813 2235 4892; x_wconf 62' lang='grc' dir='ltr'>Διά</span> <span class='ocrx_word' id='word_1_842' title='bbox 2258 4813 2398 4899; x_wconf 77' lang='grc' dir='ltr'>τίνος</span> <span class='ocrx_word' id='word_1_843' title='bbox 2426 4835 2482 4887; x_wconf 82' lang='grc' dir='ltr'>δὲ</span> <span class='ocrx_word' id='word_1_844' title='bbox 2509 4836 2731 4902; x_wconf 82' lang='grc' dir='ltr'>μεσίτου</span> <span class='ocrx_word' id='word_1_845' title='bbox 2756 4834 2847 4885; x_wconf 78' lang='grc' dir='ltr'>καὶ</span> <span class='ocrx_word' id='word_1_846' title='bbox 2870 4831 2966 4902; x_wconf 64' lang='grc' dir='ltr'>τὴν</span> <span class='ocrx_word' id='word_1_847' title='bbox 2988 4831 3124 4900; x_wconf 84' lang='grc' dir='ltr'>πρὸς</span> <span class='ocrx_word' id='word_1_848' title='bbox 3147 4830 3238 4882; x_wconf 78' lang='grc' dir='ltr'>τὸν</span> <span class='ocrx_word' id='word_1_849' title='bbox 3261 4813 3733 4880; x_wconf 69' lang='grc' dir='ltr'>ἐπιϐουλευθέντα³</span> 
     </span>
    </p>
   </div>
   <div class='ocr_carea' id='block_1_112' title="bbox 2136 4919 3723 4997">
    <p class='ocr_par' dir='ltr' id='par_1_112' title="bbox 2136 4919 3723 4997">
     <span class='ocr_line' id='line_1_112' title="bbox 2136 4919 3723 4997; baseline -0.009 -15"><span class='ocrx_word' id='word_1_850' title='bbox 2136 4930 2360 4997; x_wconf 82' lang='grc' dir='ltr'>Πατέρα</span> <span class='ocrx_word' id='word_1_851' title='bbox 2379 4929 2472 4979; x_wconf 68' lang='grc' dir='ltr'>καὶ</span> <span class='ocrx_word' id='word_1_852' title='bbox 2494 4925 2628 4978; x_wconf 70' lang='grc' dir='ltr'>Θεὸν</span> <span class='ocrx_word' id='word_1_853' title='bbox 2646 4925 2945 4993; x_wconf 68' lang='grc' dir='ltr'>ἐποιήσατο</span> <span class='ocrx_word' id='word_1_854' title='bbox 2973 4921 3271 4992; x_wconf 77' lang='grc' dir='ltr'>πρεσϐείαν</span> <span class='ocrx_word' id='word_1_855' title='bbox 3289 4922 3316 4973; x_wconf 94' lang='lat'><strong>6</strong></span> <span class='ocrx_word' id='word_1_856' title='bbox 3345 4919 3723 4990; x_wconf 71' lang='grc' dir='ltr'>καταρραγεὶς</span> 
     </span>
    </p>
   </div>
   <div class='ocr_carea' id='block_1_113' title="bbox 2134 5008 3832 5088">
    <p class='ocr_par' dir='ltr' id='par_1_113' title="bbox 2134 5008 3832 5088">
     <span class='ocr_line' id='line_1_113' title="bbox 2134 5008 3832 5088; baseline -0.009 -17"><span class='ocrx_word' id='word_1_857' title='bbox 2134 5019 2326 5088; x_wconf 76' lang='grc' dir='ltr'>ἐχθρός</span> <span class='ocrx_word' id='word_1_858' title='bbox 2353 5034 2368 5083; x_wconf 89' lang='lat'><strong>;</strong></span> <span class='ocrx_word' id='word_1_859' title='bbox 2402 5017 2578 5080; x_wconf 79' lang='grc' dir='ltr'>οὐδεὶς</span> <span class='ocrx_word' id='word_1_860' title='bbox 2611 5017 2709 5085; x_wconf 85' lang='grc' dir='ltr'>μὲν</span> <span class='ocrx_word' id='word_1_861' title='bbox 2733 5017 2840 5086; x_wconf 89' lang='grc' dir='ltr'><strong>γάρ</strong></span> <span class='ocrx_word' id='word_1_862' title='bbox 2864 5016 2926 5067; x_wconf 82' lang='grc' dir='ltr'>ἐκ</span> <span class='ocrx_word' id='word_1_863' title='bbox 2953 5013 3059 5066; x_wconf 85' lang='grc' dir='ltr'><strong>τῶν</strong></span> <span class='ocrx_word' id='word_1_864' title='bbox 3085 5013 3547 5065; x_wconf 83' lang='grc' dir='ltr'>συναποστάντων</span> <span class='ocrx_word' id='word_1_865' title='bbox 3571 5008 3722 5076; x_wconf 74' lang='grc' dir='ltr'>αὐτῷ</span> <span class='ocrx_word' id='word_1_866' title='bbox 3817 5053 3832 5064; x_wconf 88' lang='grc'><strong>,</strong></span> 
     </span>
    </p>
   </div>
   <div class='ocr_carea' id='block_1_114' title="bbox 2131 5100 3722 5179">
    <p class='ocr_par' dir='ltr' id='par_1_114' title="bbox 2131 5100 3722 5179">
     <span class='ocr_line' id='line_1_114' title="bbox 2131 5100 3722 5179; baseline -0.008 -15"><span class='ocrx_word' id='word_1_867' title='bbox 2131 5110 2340 5179; x_wconf 87' lang='grc' dir='ltr'>ταύτην</span> <span class='ocrx_word' id='word_1_868' title='bbox 2383 5109 2757 5179; x_wconf 82' lang='grc' dir='ltr'>ἀνετόλμησεν</span> <span class='ocrx_word' id='word_1_869' title='bbox 2802 5107 3127 5176; x_wconf 81' lang='grc' dir='ltr'>ὑποστῆναι.</span> <span class='ocrx_word' id='word_1_870' title='bbox 3177 5105 3287 5158; x_wconf 76' lang='grc' dir='ltr'><strong>Καὶ</strong></span> <span class='ocrx_word' id='word_1_871' title='bbox 3337 5100 3496 5165; x_wconf 81' lang='grc' dir='ltr'>αὖθις</span> <span class='ocrx_word' id='word_1_872' title='bbox 3541 5100 3722 5164; x_wconf 74' lang='grc' dir='ltr'>οὐδεὶς</span> 
     </span>
    </p>
   </div>
   <div class='ocr_carea' id='block_1_115' title="bbox 2133 5195 3721 5272">
    <p class='ocr_par' dir='ltr' id='par_1_115' title="bbox 2133 5195 3721 5272">
     <span class='ocr_line' id='line_1_115' title="bbox 2133 5195 3721 5272; baseline -0.008 -16"><span class='ocrx_word' id='word_1_873' title='bbox 2133 5204 2241 5256; x_wconf 80' lang='grc' dir='ltr'><strong>τῶν</strong></span> <span class='ocrx_word' id='word_1_874' title='bbox 2287 5203 2434 5271; x_wconf 85' lang='grc' dir='ltr'>παρὰ</span> <span class='ocrx_word' id='word_1_875' title='bbox 2470 5203 2548 5272; x_wconf 81' lang='grc' dir='ltr'>τῷ</span> <span class='ocrx_word' id='word_1_876' title='bbox 2591 5201 2710 5269; x_wconf 84' lang='grc' dir='ltr'><strong>Θεῷ</strong></span> <span class='ocrx_word' id='word_1_877' title='bbox 2755 5198 3151 5270; x_wconf 84' lang='grc' dir='ltr'>λειτουργικῶν</span> <span class='ocrx_word' id='word_1_878' title='bbox 3191 5197 3440 5265; x_wconf 84' lang='grc' dir='ltr'>ἀγγέλων</span> <span class='ocrx_word' id='word_1_879' title='bbox 3486 5195 3721 5263; x_wconf 74' lang='grc' dir='ltr'>ἠθέλησε</span> 
     </span>
    </p>
   </div>
   <div class='ocr_carea' id='block_1_116' title="bbox 2139 5290 3721 5366">
    <p class='ocr_par' dir='ltr' id='par_1_116' title="bbox 2139 5290 3721 5366">
     <span class='ocr_line' id='line_1_116' title="bbox 2139 5290 3721 5366; baseline -0.007 -16"><span class='ocrx_word' id='word_1_880' title='bbox 2139 5299 2459 5366; x_wconf 80' lang='grc' dir='ltr'>μεσιτεῦσαι</span> <span class='ocrx_word' id='word_1_881' title='bbox 2486 5295 2562 5365; x_wconf 77' lang='grc' dir='ltr'>τῷ</span> <span class='ocrx_word' id='word_1_882' title='bbox 2587 5297 2680 5347; x_wconf 79' lang='grc' dir='ltr'>καὶ</span> <span class='ocrx_word' id='word_1_883' title='bbox 2709 5293 2912 5348; x_wconf 75' lang='grc' dir='ltr'>τούτων</span> <span class='ocrx_word' id='word_1_884' title='bbox 2936 5291 3134 5364; x_wconf 72' lang='grc' dir='ltr'><strong>ἐχθρῷ.</strong></span> <span class='ocrx_word' id='word_1_885' title='bbox 3165 5290 3290 5352; x_wconf 86' lang='grc' dir='ltr'><strong>Πῶς</strong></span> <span class='ocrx_word' id='word_1_886' title='bbox 3321 5291 3377 5342; x_wconf 85' lang='grc' dir='ltr'>δὲ</span> <span class='ocrx_word' id='word_1_887' title='bbox 3410 5291 3503 5341; x_wconf 74' lang='grc' dir='ltr'>καὶ</span> <span class='ocrx_word' id='word_1_888' title='bbox 3531 5291 3557 5340; x_wconf 88' lang='lat'><strong>6</strong></span> <span class='ocrx_word' id='word_1_889' title='bbox 3580 5291 3721 5355; x_wconf 81' lang='grc' dir='ltr'>ἀγα-</span> 
     </span>
    </p>
   </div>
   <div class='ocr_carea' id='block_1_117' title="bbox 2137 5379 3722 5456">
    <p class='ocr_par' dir='ltr' id='par_1_117' title="bbox 2137 5379 3722 5456">
     <span class='ocr_line' id='line_1_117' title="bbox 2137 5379 3722 5456; baseline -0.007 -15"><span class='ocrx_word' id='word_1_890' title='bbox 2137 5389 2228 5452; x_wconf 84' lang='grc' dir='ltr'>θὸς</span> <span class='ocrx_word' id='word_1_891' title='bbox 2263 5389 2394 5450; x_wconf 83' lang='grc' dir='ltr'>Θεὸς</span> <span class='ocrx_word' id='word_1_892' title='bbox 2430 5387 2751 5456; x_wconf 80' lang='grc' dir='ltr'>ἐπλήρωσεν</span> <span class='ocrx_word' id='word_1_893' title='bbox 2794 5385 2858 5438; x_wconf 88' lang='grc' dir='ltr'>ἂν</span> <span class='ocrx_word' id='word_1_894' title='bbox 2897 5386 2996 5455; x_wconf 78' lang='grc' dir='ltr'>τὴν</span> <span class='ocrx_word' id='word_1_895' title='bbox 3032 5384 3248 5452; x_wconf 74' lang='grc' dir='ltr'>αἴτησιν</span> <span class='ocrx_word' id='word_1_896' title='bbox 3283 5381 3377 5434; x_wconf 83' lang='grc' dir='ltr'>τοῦ</span> <span class='ocrx_word' id='word_1_897' title='bbox 3415 5379 3722 5450; x_wconf 86' lang='grc' dir='ltr'>δυσμενοῦς</span> 
     </span>
    </p>
   </div>
   <div class='ocr_carea' id='block_1_118' title="bbox 2137 5469 3722 5551">
    <p class='ocr_par' dir='ltr' id='par_1_118' title="bbox 2137 5469 3722 5551">
     <span class='ocr_line' id='line_1_118' title="bbox 2137 5469 3722 5551; baseline -0.006 -19"><span class='ocrx_word' id='word_1_898' title='bbox 2137 5481 2236 5551; x_wconf 78' lang='grc' dir='ltr'><strong>τὴν</strong></span> <span class='ocrx_word' id='word_1_899' title='bbox 2267 5481 2395 5550; x_wconf 84' lang='grc' dir='ltr'>περὶ</span> <span class='ocrx_word' id='word_1_900' title='bbox 2422 5478 2515 5532; x_wconf 81' lang='grc' dir='ltr'><strong>τοῦ</strong></span> <span class='ocrx_word' id='word_1_901' title='bbox 2548 5477 2909 5547; x_wconf 70' lang='grc' dir='ltr'>καταπέμψαι</span> <span class='ocrx_word' id='word_1_902' title='bbox 2939 5477 3074 5548; x_wconf 72' lang='grc' dir='ltr'>πρὸς</span> <span class='ocrx_word' id='word_1_903' title='bbox 3105 5475 3166 5527; x_wconf 77' lang='grc' dir='ltr'>τὸ</span> <span class='ocrx_word' id='word_1_904' title='bbox 3187 5476 3254 5526; x_wconf 76' lang='grc' dir='ltr'><strong>δι’</strong></span> <span class='ocrx_word' id='word_1_905' title='bbox 3280 5472 3449 5526; x_wconf 75' lang='grc' dir='ltr'>αὐτοῦ</span> <span class='ocrx_word' id='word_1_906' title='bbox 3478 5469 3722 5523; x_wconf 82' lang='grc' dir='ltr'>πλασθὲν</span> 
     </span>
    </p>
   </div>
   <div class='ocr_carea' id='block_1_119' title="bbox 2140 5561 3721 5642">
    <p class='ocr_par' dir='ltr' id='par_1_119' title="bbox 2140 5561 3721 5642">
     <span class='ocr_line' id='line_1_119' title="bbox 2140 5561 3721 5642; baseline -0.009 -18"><span class='ocrx_word' id='word_1_907' title='bbox 2140 5572 2299 5642; x_wconf 80' lang='grc' dir='ltr'>σῶμα</span> <span class='ocrx_word' id='word_1_908' title='bbox 2329 5572 2543 5642; x_wconf 78' lang='grc' dir='ltr'>ψυχὴν,</span> <span class='ocrx_word' id='word_1_909' title='bbox 2579 5571 2721 5622; x_wconf 75' lang='grc' dir='ltr'>ὥστε</span> <span class='ocrx_word' id='word_1_910' title='bbox 2754 5565 2893 5622; x_wconf 72' lang='grc' dir='ltr'>εἶναι</span> <span class='ocrx_word' id='word_1_911' title='bbox 2926 5569 3015 5621; x_wconf 78' lang='grc' dir='ltr'>τὸν</span> <span class='ocrx_word' id='word_1_912' title='bbox 3047 5568 3339 5636; x_wconf 82' lang='grc' dir='ltr'>ἄνθρωπον</span> <span class='ocrx_word' id='word_1_913' title='bbox 3375 5563 3553 5618; x_wconf 84' lang='grc' dir='ltr'>κοινόν</span> <span class='ocrx_word' id='word_1_914' title='bbox 3579 5579 3594 5628; x_wconf 90' lang='grc'><strong>;</strong></span> <span class='ocrx_word' id='word_1_915' title='bbox 3625 5561 3721 5622; x_wconf 84' lang='grc' dir='ltr'>Τίς</span> 
     </span>
    </p>
   </div>
   <div class='ocr_carea' id='block_1_120' title="bbox 2137 5653 3723 5732">
    <p class='ocr_par' dir='ltr' id='par_1_120' title="bbox 2137 5653 3723 5732">
     <span class='ocr_line' id='line_1_120' title="bbox 2137 5653 3723 5732; baseline -0.008 -17"><span class='ocrx_word' id='word_1_916' title='bbox 2137 5664 2247 5732; x_wconf 82' lang='grc' dir='ltr'>γὰρ</span> <span class='ocrx_word' id='word_1_917' title='bbox 2265 5663 2518 5716; x_wconf 83' lang='grc' dir='ltr'>κοινωνία</span> <span class='ocrx_word' id='word_1_918' title='bbox 2549 5664 2689 5730; x_wconf 74' lang='grc' dir='ltr'>φωτὶ</span> <span class='ocrx_word' id='word_1_919' title='bbox 2717 5663 2852 5731; x_wconf 81' lang='grc' dir='ltr'>πρὸς</span> <span class='ocrx_word' id='word_1_920' title='bbox 2887 5661 3078 5722; x_wconf 82' lang='grc' dir='ltr'>σκότος</span> <span class='ocrx_word' id='word_1_921' title='bbox 3103 5678 3118 5725; x_wconf 89' lang='grc'>;</span> <span class='ocrx_word' id='word_1_922' title='bbox 3149 5660 3246 5721; x_wconf 85' lang='grc' dir='ltr'>Τίς</span> <span class='ocrx_word' id='word_1_923' title='bbox 3277 5659 3332 5710; x_wconf 83' lang='grc' dir='ltr'>δὲ</span> <span class='ocrx_word' id='word_1_924' title='bbox 3359 5653 3723 5724; x_wconf 71' lang='grc' dir='ltr'>συμφώνησις</span> 
     </span>
    </p>
   </div>
   <div class='ocr_carea' id='block_1_121' title="bbox 2140 5745 3722 5824">
    <p class='ocr_par' dir='ltr' id='par_1_121' title="bbox 2140 5745 3722 5824">
     <span class='ocr_line' id='line_1_121' title="bbox 2140 5745 3722 5824; baseline -0.016 -1"><span class='ocrx_word' id='word_1_925' title='bbox 2140 5752 2261 5822; x_wconf 83' lang='grc' dir='ltr'><strong>Θεῷ</strong></span> <span class='ocrx_word' id='word_1_926' title='bbox 2294 5753 2429 5824; x_wconf 74' lang='grc' dir='ltr'>πρὸς</span> <span class='ocrx_word' id='word_1_927' title='bbox 2460 5754 2695 5822; x_wconf 77' lang='grc' dir='ltr'>Βελίαρ;</span> <span class='ocrx_word' id='word_1_928' title='bbox 2729 5754 2853 5816; x_wconf 58' lang='lat' dir='ltr'><strong>ns;</strong></span> <span class='ocrx_word' id='word_1_929' title='bbox 2881 5753 2924 5804; x_wconf 83' lang='grc' dir='ltr'>δ’</span> <span class='ocrx_word' id='word_1_930' title='bbox 2977 5752 3043 5805; x_wconf 84' lang='grc' dir='ltr'>ἂν</span> <span class='ocrx_word' id='word_1_931' title='bbox 3077 5754 3172 5807; x_wconf 75' lang='grc' dir='ltr'>καὶ</span> <span class='ocrx_word' id='word_1_932' title='bbox 3196 5754 3222 5804; x_wconf 75' lang='grc' dir='ltr'><strong><em>δ</em></strong></span> <span class='ocrx_word' id='word_1_933' title='bbox 3253 5748 3536 5804; x_wconf 60' lang='lat' dir='ltr'><strong>summ</strong></span> <span class='ocrx_word' id='word_1_934' title='bbox 3570 5745 3722 5801; x_wconf 77' lang='grc' dir='ltr'><strong>ἀσώ.</strong></span> 
     </span>
    </p>
   </div>
   <div class='ocr_carea' id='block_1_122' title="bbox 2541 5867 3119 5934">
    <p class='ocr_par' dir='ltr' id='par_1_122' title="bbox 2541 5867 3119 5934">
     <span class='ocr_line' id='line_1_122' title="bbox 2541 5867 3119 5934; baseline 0.002 -12"><span class='ocrx_word' id='word_1_935' title='bbox 2541 5871 2559 5900; x_wconf 80' lang='grc'><strong><em>⁵</em></strong></span> <span class='ocrx_word' id='word_1_936' title='bbox 2597 5867 2635 5922; x_wconf 92' lang='lat' dir='ltr'><strong>ll</strong></span> <span class='ocrx_word' id='word_1_937' title='bbox 2661 5868 2784 5923; x_wconf 68' lang='lat' dir='ltr'><strong>Cor.</strong></span> <span class='ocrx_word' id='word_1_938' title='bbox 2819 5886 2890 5934; x_wconf 83' lang='lat' dir='ltr'><strong>Vl,</strong></span> <span class='ocrx_word' id='word_1_939' title='bbox 2927 5868 3119 5931; x_wconf 69' lang='lat' dir='ltr'><strong>H.125.</strong></span> 
     </span>
    </p>
   </div>
  </div>
