4132 6462
445 370 577 437 1301

1338 382 1716 442 ΡΑΝΟΡῌΛ
1758 383 2216 444 DOGMATICA.
2262 409 2331 421 --
2369 382 2513 442 Tl'I‘.
2561 383 2805 442 XXVII.

3554 374 3702 443 1302

444 502 614 555 ματος
637 483 733 549 ὢν,
765 488 1097 556 σωματικῶς
1118 492 1182 561 τῇ
1218 490 1330 560 Εὕα
1362 478 1779 560 συ’νεγένετο,ἐί
1811 493 1884 563 μή
1915 509 2019 547 που

2130 502 2301 562 glster
2330 503 2502 563 pater.
2541 493 2739 548 Verum
2799 489 3059 562 quoniam
3104 488 3303 544 nullius
3334 503 3519 544 rerum
3575 504 3703 559 pro-

443 576 583 628 xatit
625 578 928 639 φαντασίαν
970 580 1112 631 είποι
1149 596 1271 648 τιςς
1306 582 1365 634 El
1407 582 1465 635 δὲ
1506 585 1647 636 κατὰ
1678 584 2021 653 φαντασίαν,

442 666 563 727 πῶς
592 666 657 719 ἂν
688 667 1107 741 ὲπαιδοποίησεν
1130 672 1187 739 ἐξ
1217 673 1386 743 αὐτῆς
1411 690 1424 739 ;
1455 673 1577 737 Πῶς
1600 674 1655 727 δὲ
1679 676 1705 726 6
1737 676 1874 728 Κάῖν
1906 675 2022 739 υίὸς

444 757 609 808 αὑτοῦ
643 758 883 827 γεγονὼς
926 762 1027 814 οὐκ
1065 764 1213 834 αύτῷ
1238 760 1306 834 ἦν
1354 765 1467 827 ἴσος
1516 766 1608 818 καὶ
1643 766 1849 836 ὅμοιος,
1886 765 2023 818 ἀλλά

443 847 521 917 τῷ
562 849 769 919 ’Δδάμ;
802 851 917 905 Πᾶν
938 852 1048 922 γὰρ
1071 854 1317 925 γέννημα
1350 855 1464 908 ἴσον
1494 857 1589 909 καὶ
1608 858 1794 926 ὅμοιον
1825 857 1901 926 τῷ
1931 873 2021 926 γε-

445 941 739 1010 γεννηκότι
781 943 926 996 κατά
961 943 1061 1015 τὴν
1090 945 1252 1014 φύσιν
1292 947 1459 1001 ἐστίν.
1523 948 1583 1001 '0
1616 948 1673 1000 δὲ
1719 948 2022 1011 ἀπόστολος

456 1031 708 1101 Ἰωάννης
745 1030 898 1087 εἷπεν
927 1036 997 1090 ἐκ
1024 1036 1131 1091 τοῦ
1170 1038 1437 1106 πονηροῦ
1467 1038 1574 1092 τὸν
1611 1037 1783 1101 Κάῖν,
1816 1040 1914 1109 οὺχ
1947 1042 2021 1102 ὡς

446 1120 511 1172 ὲκ
537 1120 631 1172 τοῦ
662 1123 904 1193 πονηροῦ
932 1127 1262 1196 σωματικῶς
1291 1129 1643 1199 γεννηθέντα,
1676 1130 1792 1182 ἀλλ’
1823 1131 1898 1193 ὠς
1921 1132 2021 1200 τὴν

447 1215 649 1266 κακίαν
669 1213 729 1277 ἐξ
750 1215 964 1270 ἐκείνου
991 1219 1369 1290 μεμαθηκότα.
1405 1197 1673 1284 Πολλάκις
1696 1221 1805 1292 γὰρ
1830 1197 2021 1275 τέκνον

421 1306 661 1383 ξλέγεται
700 1310 794 1361 καὶ
815 1312 842 1363 ό
871 1312 1143 1383 μαθητὴς,
1169 1314 1263 1367 καὶ
1290 1314 1474 1385 πατὴρ
1528 1314 1691 1378 αὖθις
1725 1317 1751 1368 6
1770 1314 2018 1368 διδάσκα-

425 1397 558 1463 λος.
614 1400 772 1453 Ἐπεὶ
818 1401 876 1456 δὲ
924 1404 1140 1469 οὐδενὸς
1186 1406 1296 1460 τῶν
1344 1406 1657 1475 έγκοσμίων
1702 1408 2021 1475 κτισμάτων

423 1481 658 1560 ἷὲδείχθη
694 1491 1030 1564 δημιουργὸς
1055 1498 1082 1549 ό
1113 1497 1381 1562 Σατανᾶς,
1412 1498 1486 1561 ὡς
1518 1500 1575 1551 ἐν
1606 1501 1717 1562 τοῖς
1742 1500 1882 1551 κατά
1914 1498 2022 1552 τῶν

420 1580 828 1637 ,Παυλικιάνων
864 1587 1179 1653 κεφαλαίοις
1211 1589 1651 1660 ἀναγέγραπται,
1687 1590 1823 1659 πρὸς
1852 1590 1886 1643 ἀ
1918 1589 2023 1659 πρὸ

448 1674 647 1742 μικροῦ
671 1677 1001 1747 προεπέμψα
1012 1697 1129 1748 μεν,
1153 1680 1367 1743 οὐδενὸς
1390 1682 1498 1752 ἄρα
1523 1682 1631 1734 τῶν
1654 1683 1709 1733 ὲν
1738 1682 1812 1751 τῷ
1833 1682 2023 1751 κόσμῳ

446 1764 764 1834 κτισμάτων
798 1772 1225 1840 κοσμοκράτορα
1261 1773 1353 1825 καὶ
1408 1772 1599 1844 κύριον
1631 1775 1795 1827 αὑτὸν
1830 1777 1855 1825 ὁ
1889 1774 2022 1835 Θεὸς

2126 594 2457 647 creatarum,
2486 598 2603 653 qua:
2637 585 2688 637 in
2725 584 2927 638 mundo
2950 591 3096 647 sunt,
3130 592 3320 635 auctor
3342 589 3425 635 est
3449 580 3701 646 Satanas,

2125 684 2181 729 ut
2215 677 2266 728 in
2309 675 2415 728 illis
2449 675 2717 741 capitibus
2752 676 3013 728 adversus
3060 673 3407 727 Paulicianos
3462 672 3700 740 scriptis,

2126 766 2192 820 ad
2222 780 2340 835 quae
2375 767 2534 835 paulo
2564 775 2689 820 ante
2723 769 2980 820 lectorem
3018 765 3323 835 rejecimus,
3367 764 3707 818 demonstra-

2125 866 2238 911 tum
2272 867 2376 924 cst,
2423 865 2658 919 constat,
2706 872 2828 911 eum
2888 856 3086 917 nullius
3138 857 3222 911 rei
3255 870 3374 925 quae
3405 855 3458 908 in
3506 854 3705 908 mundo

2124 952 2216 1016 sit,
2255 951 2528 1005 dominum
2555 966 2584 1005 a
2613 951 2722 1005 Deo
2750 949 2916 1006 fuisse
2945 950 3327 1005 constitutum.
3393 947 3500 1002 Sed
3560 962 3699 1016 quo—

2121 1040 2268 1093 niam
2312 1040 2632 1095 vocabulum
2690 1041 2817 1105 hoc,
2852 1041 3103 1104 mundus,
3160 1039 3438 1108 multiplex
3486 1045 3591 1102 est,
3651 1046 3709 1091 et

2124 1131 2396 1200 signiﬁcat
2448 1132 2610 1187 etiam
2676 1132 2937 1186 malitiam
3011 1140 3065 1186 et
3105 1132 3432 1199 nequitiam,
3479 1143 3600 1197 quae
3650 1127 3702 1181 in

2124 1224 2325 1277 mundo
2357 1238 2458 1288 est,
2480 1224 2546 1278 de
2577 1239 2681 1294 qua
2708 1224 2966 1279 Dominus
3015 1224 3081 1278 ad
3137 1222 3433 1290 discipulos
3478 1220 3706 1289 loquens

2124 1313 2388 1369 intellexit
2422 1333 2435 1367 :
2468 1314 2531 1370 Si
2558 1332 2623 1369 ea:
2656 1317 2874 1379 mundo,
2903 1316 3173 1385 inquiens,
3223 1314 3429 1376 essetis,
3476 1311 3705 1366 mundus

2124 1405 2261 1475 quod
2287 1423 2439 1458 suum
2470 1415 2544 1460 est
2570 1406 2811 1476 diligeret
2838 1408 2882 1470 ί,
2946 1408 3100 1461 istius
3121 1406 3289 1461 solius
3316 1404 3573 1459 Dominus
3612 1416 3706 1468 ap-

2125 1496 2357 1566 pellatur
2394 1497 2567 1564 r‘ipse
2592 1498 2734 1551 enim
2764 1500 2831 1551 ab
2863 1497 3088 1551 honesto
3136 1498 3394 1550 recedens
3441 1493 3703 1549 malitiam

2123 1589 2357 1659 peperit,
2384 1599 2437 1643 et
2472 1603 2566 1658 per
2600 1590 2768 1658 ipSJm
2803 1590 3058 1658 princeps
3095 1604 3159 1643 ae
3207 1589 3461 1644 dominus
3512 1601 3698 1642 eorum

2126 1681 2500 1746 constituitur,
2525 1681 2614 1751 qui
2646 1682 2710 1736 ab
2750 1682 2839 1735 illa
2871 1684 3102 1751 decepti,
3137 1681 3185 1736 ei
3239 1696 3358 1735 sese
3394 1681 3537 1734 ultro
3579 1679 3708 1733 sub—

2121 1773 2345 1841 jiciunt.

445 1859 803 1930 κατέστηκεν.
876 1863 1018 1916 Ἀλλ’
1064 1865 1187 1916 ἐπεὶ
1242 1866 1659 1935 πολυσήμαντον
1703 1866 1874 1934 ὄνομα
1926 1864 2019 1916 τοῦ
2061 1865 2266 1934 κόσμου
2295 1867 2561 1932 πέφυκεν,
2590 1864 2649 1917 ἒν
2677 1865 2734 1917 δὲ
2785 1865 2893 1918 τῶν
2933 1866 3359 1936 σημαινομένων
3406 1864 3524 1917 ἐστὶ
3553 1863 3704 1934 καὶὴ

446 1950 687 2020 κοσμικὴ
736 1952 905 2005 κακία
980 1956 1074 2005 καὶ
1123 1955 1418 2024 μοχθηρία,
1460 1956 1588 2023 περὶ
1636 1950 1703 2024 ἧς
1753 1957 1781 2008 ό
1822 1954 2022 2023 Κύριος
2056 1954 2210 2021 ἔλεγε
2248 1954 2383 2023 πρὸς
2424 1954 2553 2016 τοὺς
2625 1954 2897 2023 μαθητὰς,
2943 1957 3025 2009 δτι
3065 1957 3133 2010 El
3197 1958 3265 2009 ἐκ
3312 1956 3417 2010 τοῦ
3465 1955 3704 2023 κόσμου

445 2035 572 2106 ἦτε,
605 2046 637 2096 ὀ
667 2045 894 2112 κόσμος
927 2044 1003 2098 ἂν
1030 2046 1096 2098 τὸ
1129 2047 1285 2099 ἴδιον
1306 2046 1523 2116 ἐφίλει,
1559 2046 1762 2115 ταύτης
1795 2045 1851 2097 δὲ
1883 2046 2051 2116 μόνης
2088 2046 2417 2115 ὀνομάζεται
2453 2049 2873 2117 κοσμοκράτωρ,
2906 2049 3064 2111 αύτδς
3118 2049 3215 2115 τὴν
3248 2049 3449 2103 κακίαν
3501 2046 3707 2115 ταύτην

445 2131 860 2206 δημιουργήσας
886 2140 950 2207 τῇ
982 2138 1077 2189 τοῦ
1108 2137 1276 2190 καλοῦ
1311 2142 1478 2209 φυγῇ,
1511 2139 1604 2192 καὶ
1630 2137 1697 2191 δι’
1728 2138 1897 2209 αὐτῆς
1924 2138 2128 2207 ἄρχων,
2153 2140 2249 2191 καὶ
2286 2138 2557 2207 κυριεύων
2612 2140 2719 2191 τῶν
2758 2140 2850 2193 ὑπ’
2879 2140 3049 2210 αὐτῆς
3114 2141 3542 2212 δελεαζομένων,
3609 2142 3700 2197 καὶ

446 2226 901 2296 ὑποταττομένων
926 2229 1186 2291 ἑκουσίως
1216 2228 1386 2298 αὐτῷ.

515 2318 764 2388 η’.Δέγου
774 2335 877 2383 σιν,
894 2319 1098 2372 ὅτιτῶν
1114 2324 1207 2374 ανο
1218 2323 1415 2389 ρώπων
1437 2322 1643 2390 πικρῶς
1654 2341 1717 2375 τυ
1724 2338 1915 2393 ραννου
1925 2322 2015 2392 μὲ-

2192 2318 2246 2372 8.
2277 2317 2487 2382 Dicunt,
2512 2332 2630 2372 cum
2651 2318 2895 2373 homines
2914 2319 3413 2373 acerbodaemonum
3430 2317 3706 2373 dominatu

445 2431 589 2478 νων,
624 2413 720 2466 καὶ
753 2413 979 2480 ἀπηνῶς
1013 2414 1409 2484 ἀπολλυμένων
1431 2459 1442 2474 ,
1481 2417 1642 2485 μόγις
1671 2417 1841 2482 ὀλίγοι
1879 2416 2019 2477 τινὲς

445 2508 544 2575 τῆς
588 2504 685 2558 τοῦ
716 2506 928 2576 Πατρὸς
966 2507 1186 2577 μερίδος
1225 2509 1494 2574 ἐγένοντο,
1529 2509 1623 2562 καὶ
1672 2512 1754 2571 είς
1782 2508 1881 2577 τὴν
1911 2508 2020 2561 τῶν

446 2597 695 2667 ἀγγέλων
750 2597 904 2664 τάξιν
952 2599 1249 2668 ἀνέϐησαν.
1303 2598 1540 2662 Τούτους
1588 2600 1643 2653 δὲ
1701 2597 1841 2653 εἶναι
1895 2601 2022 2663 τοὺς

448 2692 506 2743 ἐν
538 2692 656 2755 ταῖς
688 2690 1064 2758 γενεαλογίαις
1088 2689 1181 2744 τοῦ
1208 2709 1264 2744 τε
1300 2693 1440 2744 κατὰ
1471 2693 1750 2745 Ματθαίον
1779 2694 2025 2759 Εὐαγγε-

447 2783 564 2834 λίου
598 2782 693 2835 καὶ
730 2779 826 2835 τοῦ
860 2782 1003 2837 κατά
1044 2784 1261 2836 Λουκᾶν
1310 2783 1844 2853 μνημονευομένους.
1892 2782 2021 2851 Ὅφέ

450 2889 581 2925 ποτε
632 2872 687 2925 δὲ
718 2872 918 2941 συνῆκε
965 2872 1393 2939 κατασοφισθεὶς
1440 2875 1468 2925 6
1500 2873 1709 2941 Πατὴρ,
1762 2874 1854 2924 καὶ
1908 2871 2022 2924 ἀδι-

450 2964 665 3019 κεῖσθαι
695 2967 878 3032 γνοὺς,
916 2967 997 3018 ὅτι
1028 2966 1089 3018 τὸ
1119 2966 1450 3034 τιμιώτερον
1483 2968 1659 3035 μέρος.
1680 2967 1773 3019 τοῦ
1804 2964 2020 3036 ἀνθρώ-

452 3076 554 3111 που
585 3058 707 3120 δοὺς
729 3097 742 3121 ,
770 3057 839 3110 τὰ
867 3056 1204 3126 καιριώτατα
1242 3058 1566 3119 συντελέσας
1602 3059 1682 3119 είς
1714 3058 1804 3109 τὸν
1836 3059 2021 3124 ἀπαρ-

450 3148 643 3216 τισμδν
692 3147 885 3209 αὐτοῦ,
936 3137 1476 3215 ’πολλοστημόριον
1523 3150 1885 3215 ἀποφαίνεται
1929 3148 2022 3201 τοῦ

451 3245 667 3311 γένους,
708 3243 801 3295 καὶ
851 3241 968 3312 ἅμα
1009 3243 1344 3312 κατελεήσας
1390 3243 1491 3311 τὴν
1534 3242 1732 3312 ψυχὴν,
1790 3242 1850 3294 τὸ
1896 3242 2026 3296 ῐδιον

453 3334 759 3404 ἐμφύσημα
796 3333 1109 3403 πάσχουσαν
1135 3333 1307 3395 οὕτως
1339 3333 1562 3397 ἀθλίως,
1604 3334 1699 3386 καὶ
1724 3335 2027 3387 καταδυνα-

454 3428 789 3497 στευομένην
838 3426 1196 3494 διαναστῆναι
1243 3426 1378 3494 πρὸς
1418 3426 1656 3495 ἄμυναν,
1686 3428 1798 3492 [ml
1831 3430 1904 3480 ’ὲν
1951 3427 2028 3495 τῷ

454 3515 983 3587 πεντακισχιλιοστῷ
1017 3516 1467 3586 πεντακοσιοστῷ
1497 3516 1607 3568 ἔτει
1633 3516 2027 3585 ὲξερεύξασθαι

2122 2420 2521 2478 premerentur,
2555 2410 2953 2479 crudeliterque
2982 2411 3354 2479 perderentur,
3390 2410 3474 2464 vix
3499 2424 3701 2480 paucos

2122 2516 2182 2556 ex
2216 2510 2364 2570 parte
2397 2501 2572 2554 Patris
2601 2500 2901 2568 exstitisse,
2929 2509 2983 2555 et
3007 2503 3058 2555 in
3088 2501 3401 2570 angelorum
3454 2502 3698 2555 ordinem

2124 2593 2550 2657 ascendisse,cos
2570 2592 2847 2656 nimirum,
2876 2594 2967 2661 qui
2997 2595 3047 2648 in
3077 2592 3406 2661 genealogiis
3433 2591 3705 2663 Evangelii

2122 2670 2724 2738 secundumllatthaeum
2743 2694 2794 2739 et
2811 2684 3103 2738 secundum
3122 2683 3319 2739 Lucam
3340 2695 3704 2741 recensentur.

2125 2772 2361 2828 Tandem
2382 2783 2559 2829 autem
2587 2774 2871 2844 aliquando
2891 2774 3104 2829 Patrem
3128 2790 3186 2829 se
3223 2775 3395 2843 decipi
3449 2777 3707 2845 atquein-

2118 2864 2255 2931 juria
2273 2864 2407 2919 allici
2437 2864 2992 2936 animadvertisse,qui
3021 2882 3141 2920 cum
3165 2867 3592 2936 praestantiorem
3613 2867 3713 2921 bo-

2124 2954 2285 3008 minis
2318 2965 2521 3021 partem
2558 2956 2853 3020 tribuisset,
2885 2958 2936 3009 in
2983 2972 3154 3025 eoque
3202 2958 3558 3027 perﬁciendo,
3579 2975 3700 3028 quae

2125 3047 2408 3115 praecipuae
2446 3057 2569 3101 sunt
2592 3058 2770 3116 partes
2818 3048 3154 3115 absolvisset,
3179 3049 3383 3119 majore
3410 3059 3586 3105 tamen
3611 3067 3706 3121 ge-

2126 3139 2276 3190 neris
2300 3138 2573 3191 hominum
2596 3153 2821 3191 numero
2845 3140 3164 3206 privaretur.
3196 3142 3541 3210 animamque
3560 3158 3708 3197 eom-

2129 3230 2434 3293 miseratus,
2478 3243 2638 3297 quam
2678 3231 2791 3296 ipse
2831 3230 3176 3292 insnlllasset.
3211 3247 3333 3301 qua:
3365 3244 3472 3287 tam
3500 3236 3707 3291 misera

2127 3320 2388 3372 servitute
2413 3317 2766 3387 allligerelur,
2806 3319 2871 3372 ad
2928 3321 3189 3375 ultionem
3241 3337 3385 3375 anno
3417 3322 3707 3392 quinquies

2130 3411 2416 3465 millesimo
2470 3412 2907 3480 quingentesimo
2966 3427 3033 3465 ex
3097 3414 3263 3468 corde
3315 3429 3414 3468 suo
3468 3412 3706 3469 Verbum

2129 3513 2429 3566 eructasse,
2449 3502 2498 3556 id
2526 3514 2629 3566 est,
2646 3501 2837 3555 Filium
2853 3502 3108 3557 etDcum.
3130 3503 3401 3571 Scriptum
3417 3514 3500 3559 est
3513 3508 3659 3562 enim
3686 3524 3703 3561 :

452 3610 553 3676 τῆς
586 3609 782 3663 ἑαυτοῦ
829 3610 1056 3680 καρδίας
1096 3610 1287 3676 Λόγον,
1324 3608 1514 3661 τοῦτον
1540 3609 1602 3679 δὴ
1645 3610 1734 3661 τὸν
1764 3609 1893 3661 Υίδν
1935 3612 2027 3662 καὶ

2132 3591 2515 3647 Eructavilcor
2565 3609 2737 3651 meum
2787 3593 3001 3646 Verbum
3046 3595 3237 3647 bonum
3268 3595 3309 3649 ³.
3367 3596 3480 3650 Hoc
3531 3608 3709 3652 autem

453 3655 607 3759 Θέέν.
647 3655 1054 3769 Ἐξηρεύἓατά
1077 3655 1210 3769 γὰρ’,
1241 3655 1425 3768 φήσὶν,
1459 3700 1497 3767 ἡ
1528 3655 1742 3768 κείρδία
1769 3718 1886 3769 μου
1920 3702 2027 3754 Λό-

2134 3684 2367 3739 Verbum
2424 3693 2479 3738 et
2540 3684 2734 3738 Filium
2794 3684 3106 3738 Michaelem
3161 3686 3540 3755 archangelum
3589 3702 3711 3742 esse

453 3812 564 3862 τον
596 3794 847 3864 ἀγαθόν.
882 3792 1087 3847 Τοῦτον
1127 3792 1183 3845 δὲ
1211 3793 1304 3846 τὸν
1333 3792 1503 3860 Λόγον
1536 3794 1630 3845 καὶ
1664 3792 1793 3845 Υίδν
1827 3793 2031 3863 ἰσχυρί-

454 3885 637 3949 ζονται
680 3882 820 3938 εἶναι
842 3885 934 3938 τὸν
972 3882 1312 3955 ἀρχάγγελον
1335 3884 1575 3954 Μιχαήλ.
1599 3883 1873 3938 Καλεῖται
1899 3885 2030 3953 γὰρ,

455 3978 610 4047 φησὶ,
645 3977 710 4030 τὸ
745 3978 931 4046 ὄνομα
962 3975 1149 4030 αὐτοῦ
1178 3981 1448 4045 μεγάλης
1476 3975 1720 4045 βουλῆς
1752 3978 2026 4046 ἅγγελος.

453 4069 513 4122 Ἀ
526 4067 824 4140 ρχάγγελον
862 4070 961 4138 μὲν
985 4069 1320 4141 καλούμενον
1344 4071 1420 4132 ὡς
1462 4070 1734 4138 θειότερον
1761 4071 1898 4123 ὅλων
1926 4071 2033 4124 τῶν

455 4162 726 4230 ἀγγέλων,
770 4162 979 4231 Ἰησοῦν
1010 4162 1086 4227 δὲ,
1123 4163 1198 4225 ὡς
1230 4164 1410 4216 πᾶσαν
1441 4161 1596 4213 νόσον
1631 4160 1726 4214 καὶ
1759 4161 2032 4231 μαλακίαν

455 4254 688 4324 ἰώμενον
711 4296 725 4320 ,
758 4255 994 4325 Χριστὸν
1026 4256 1102 4321 δὲ,
1129 4256 1205 4318 ὡς
1244 4254 1536 4325 χρισθέντα
1570 4254 1635 4322 τῇ
1673 4253 1857 4322 σαρκί.
1896 4252 2034 4305 Κατ-

456 4347 632 4399 ελοεῖν
680 4347 735 4400 δὲ
764 4347 997 4408 ἄνωθεν,
1031 4350 1122 4399 καὶ
1146 4348 1438 4416 εἰσρυῆναι
1464 4346 1554 4398 διὰ
1570 4344 1664 4397 τοῦ
1697 4346 1873 4412 δεξιοῦ
1897 4346 2033 4408 ὠτὸς

455 4438 553 4505 τῆς
588 4438 869 4508 Παρθένου
907 4438 999 4490 καὶ
1035 4437 1360 4505 περιθέσθαι
1393 4437 1573 4503 σάρκα
1601 4436 1679 4504 τῷ
1715 4439 2033 4505 φαινομένῳ

461 4530 559 4598 μὲν
607 4530 801 4600 ὑλικὴν
849 4530 944 4581 καὶ
993 4529 1182 4597 ὁμοίαν
1220 4519 1512 4598 ἀνθρώπου
1565 4526 1840 4596 σώματος,
1880 4532 1947 4598 τῇ
1991 4530 2034 4582 δ’

459 4624 690 4695 ἀληθείᾳ
719 4625 879 4679 ἀΰ).ον
906 4624 1000 4677 καὶ
1021 4621 1322 4692 θεοπρεπῆ,
1356 4623 1452 4676 καὶ
1475 4619 1711 4685 ἐξελθεῖν
1736 4617 1892 4685 αὖθις
1914 4623 2036 4675 ὅθεν

458 4714 697 4784 εἰσῆλθε,
753 4715 854 4787 τῆς
914 4714 1192 4785 Παρθένου
1254 4714 1390 4785 μήτε
1447 4714 1544 4783 τὴν
1600 4713 1808 4766 εἴσοδον
1868 4715 2034 4768 αὑτοῦ

460 4806 714 4873 γνούσης,
754 4809 890 4877 μήτε
922 4806 1019 4877 τὴν
1055 4806 1250 4873 ἔξοδον,
1284 4805 1397 4858 ἀλλ’
1423 4805 1609 4869 ἁπλῶς
1642 4807 1912 4877 εὑρούσης
1943 4809 2039 4859 αύ-

460 4899 550 4949 τὸν
586 4900 643 4949 ἐν
686 4899 762 4968 τῷ
801 4900 1052 4968 σπηλαίῳ
1086 4898 1340 4968 κείμενον
1377 4897 1901 4969 ἐσπαργανωμένον,
1943 4901 2037 4952 καὶ

2133 3775 2461 3831 contendunt
2502 3792 2517 3828 :
2591 3773 2873 3829 Vocabitur
2918 3777 3078 3841 enim,
3138 3776 3331 3845 inquit,
3370 3793 3557 3832 nomen
3591 3780 3708 3849 ejus

2132 3869 2308 3937 magni
2331 3867 2535 3921 consilii
2559 3868 2773 3937 angelus
2800 3869 2840 3920 ³.
2893 3867 3292 3935 Archangelum
3332 3872 3509 3924 vocari
3561 3872 3706 3939 quod

2132 3960 2337 4030 angelis
2388 3960 2641 4014 omnibus
2698 3960 3003 4023 antecellat,
3064 3960 3249 4015 Jesum
3309 3972 3512 4026 autem,
3561 3961 3710 4032 quod

2133 4068 2347 4107 omnem
2381 4053 2626 4106 morbum
2674 4066 2998 4121 omnemque
3024 4053 3267 4107 dolorem
3330 4064 3505 4117 curet,
3548 4052 3709 4108 Chri-

2134 4151 2275 4197 stum
2306 4154 2453 4205 vero,
2486 4141 2626 4209 quod
2653 4152 2844 4194 unctus
2866 4128 2945 4195 sit‘
2992 4156 3156 4195 carne
3177 4181 3192 4205 ,
3249 4141 3600 4197 descendisse
3646 4148 3713 4198 de

2137 4236 2308 4300 coelis,
2349 4245 2403 4289 et
2430 4249 2524 4303 per
2571 4250 2753 4289 aurem
2805 4233 3037 4306 Virginis
3071 4237 3347 4291 dexteram
3405 4235 3702 4301 induxisse,

2138 4342 2353 4382 carnem
2392 4326 2656 4390 induisse,
2681 4342 2800 4396 quae
2827 4336 3044 4395 aspectu
3072 4329 3288 4397 quidem
3343 4327 3589 4383 videatur
3636 4344 3702 4384 ex

2140 4416 2361 4471 materia
2392 4425 2662 4481 constare,
2697 4424 2751 4469 et
2775 4418 2994 4470 Immani
3038 4417 3283 4486 corporis
3303 4432 3426 4473 esse
3484 4419 3717 4486 similis,

2137 4523 2258 4561 cum
2321 4516 2498 4560 tamen
2523 4521 2708 4560 revera
2740 4509 2976 4562 materiae
3027 4509 3097 4562 sit
3147 4523 3342 4577 expers
3387 4525 3450 4565 ac
3500 4511 3703 4566 divina.

2138 4600 2370 4653 Rursum
2402 4606 2580 4651 autem
2601 4612 2877 4665 egressum
2907 4613 3026 4653 esse
3052 4614 3148 4666 per
3176 4599 3321 4654 illam
3348 4611 3578 4669 partem,
3611 4616 3708 4670 per

2137 4704 2297 4758 quam
2324 4687 2628 4753 introierat,
2656 4685 2878 4758 Virgine
2912 4703 3012 4743 nec
3064 4689 3345 4753 introitum
3400 4690 3571 4760 ipsius
3614 4706 3715 4748 nec

2140 4782 2339 4836 exitum
2365 4780 2669 4833 sentiente:
2699 4778 3016 4846 simpliciter
3042 4780 3186 4834 enim
3214 4794 3351 4835 eum
3371 4781 3437 4837 in
3457 4780 3711 4850 spelunca

2136 4876 2402 4944 iacentem
2464 4881 2521 4927 et
2578 4870 2768 4941 pannis
2822 4870 3115 4926 involutum
3167 4871 3455 4940 reperisse,
3509 4888 3575 4929 ac
3609 4875 3717 4930 dis-

461 4992 675 5045 τελέσαι
711 4992 809 5063 τὴν
844 4992 1107 5062 ένσαρκον
1146 4992 1485 5061 οἰκονομίαν,
1527 4995 1621 5045 καὶ
1663 4992 1909 5060 ποιῆσαι,
1943 4994 2027 5044 καὶ

2144 4965 2513 5037 pensationem
2543 4962 2759 5031 quidem
2796 4963 2847 5016 in
2874 4978 3036 5018 carne
3067 4964 3341 5033 peregisse
3388 4964 3711 5035 fecisseque.

461 5084 668 5149 διδάξαι
695 5085 763 5137 τὰ
793 5086 850 5137 έν
882 5087 994 5147 τοῖς
1028 5085 1384 5153 Εὐαγγελίοις
1414 5086 1829 5154 ἀναταττόμενα
1851 5126 1865 5150 ,
1894 5084 2035 5155 πλὴν

466 5178 522 5228 ὲν
585 5176 860 5247 φαντασία
920 5178 1030 5238 τοῖς
1086 5176 1615 5247 ἀνθρωποπρεπέσιν
1674 5176 2040 5244 ὑποκείμενον

467 5268 688 5321 πάθεσι.
710 5265 1109 5339 Σταυρωθέντα
1129 5268 1185 5322 δὲ
1212 5269 1305 5321 καὶ
1327 5268 1639 5320 ἀποθανεῖν.
1674 5269 1779 5320 Καὶ
1807 5268 2042 5337 ἀναστῆ-

466 5376 553 5411 ναι
596 5358 824 5424 δόξαντα
872 5361 1032 5413 λῦσαι
1085 5360 1183 5427 τὴν
1231 5360 1457 5429 σκηνὴν,
1506 5361 1602 5412 καὶ
1642 5359 1933 5427 γυμνῶσαι
1978 5359 2040 5410 τὸ

468 5449 672 5517 δρᾶμα,
718 5450 812 5502 xal.
846 5450 1183 5517 ἀποθέμενον
1220 5450 1281 5502 τὸ
1316 5450 1660 5518 προσωπεῖον
1695 5450 1915 5516 συσχεῖν
1949 5449 2040 5501 τὸν

470 5541 784 5610 ἀποστάτην
805 5582 819 5605 ,
854 5544 949 5595 καὶ
983 5545 1149 5613 παχεῖ
1181 5544 1276 5596 καὶ
1311 5543 1468 5612 βαρεῖ
1501 5541 1667 5608 κλοιῷ
1701 5540 2000 5610 καταδῆσαι
2024 5583 2038 5605 ,

471 5635 566 5688 καὶ
599 5635 877 5702 ἐγκλεῖσαι
906 5635 984 5705 τῷ
1014 5637 1292 5708 ταρτάρῳ,
1340 5637 1688 5706 περιελόντα,
1725 5635 1817 5689 καὶ
1855 5636 1917 5689 ὲκ
1946 5635 2040 5687 τοῦ

547 5834 775 5888 ‘Matth,
823 5850 911 5902 xv,
954 5834 1032 5889 l9.

1111 5838 1129 5865 ²
1165 5838 1305 5891 PSul.
1342 5855 1480 5903 XLIV,
1507 5840 1559 5893 Ξ.
1640 5839 1658 5870 ³
1687 5838 1784 5891 lsa.
1813 5855 1883 5902 lx,
1912 5840 1960 5896 (ἶ.

2143 5068 2196 5114 et
2224 5057 2471 5111 docuisse
2494 5069 2555 5108 ea
2586 5069 2705 5124 qua:
2733 5053 2787 5108 in
2807 5054 3112 5122 Evangeliis
3135 5055 3508 5120 continentur,
3535 5058 3713 5124 Specie

2140 5160 2315 5205 tamen
2348 5157 2403 5202 et
2429 5147 2681 5216 opinione
2704 5147 2965 5201 duntaxat
2994 5142 3161 5200 fuisse
3188 5147 3438 5201 humanis
3469 5148 3713 5202 aﬂectio-

2141 5243 2297 5297 nibus
2363 5240 2680 5305 obnoxium,
2737 5248 2791 5294 et
2837 5253 2961 5293 cum
3020 5239 3295 5292 videretur
3343 5239 3607 5308 cruciﬁgi,
3661 5251 3717 5293 et

2141 5333 2296 5398 mori,
2323 5342 2375 5386 et
2451 5347 2752 5401 resurgere,
2812 5345 3030 5387 scenam
3075 5331 3323 5394 solvisse,
3369 5340 3424 5385 et
3473 5330 3706 5386 fabulam

2140 5428 2482 5495 patefecisse,
2509 5426 2856 5495 depositaque
2888 5438 3114 5491 persona
3174 5421 3487 5477 confudisse
3533 5423 3715 5478 deser-

2143 5530 2333 5585 torem,
2359 5527 2411 5573 et
2443 5534 2625 5573 crassa
2674 5516 2931 5585 gravique
2960 5523 3149 5569 catena
3180 5515 3421 5569 vinctum
3474 5514 3527 5569 in
3571 5513 3710 5570 Tar-

2143 5622 2255 5667 taro
2288 5612 2590 5676 inclusisse,
2618 5608 2988 5675 ademisseque
3019 5605 3165 5661 illius
3194 5605 3395 5660 nomini
3427 5608 3709 5678 syllabam.
