4132 6404
491 355 625 419 1307

1732 343 2119 409 EUTHYMII
2159 340 2528 403 ZlGABENI

3645 337 3667 403 1
3678 340 3787 405 308

485 484 539 530 et
571 486 666 527 eos
689 469 946 528 eduxisse
972 468 1244 541 portentis
1271 478 1326 525 et
1353 466 1546 542 signis,
1582 480 1704 539 quae
1741 466 1945 520 virtute
1972 461 2071 516 Sa-

2195 460 2306 515 ιαδν
2331 458 2442 513 τῶν
2480 455 2779 522 Ἰουδαίων,
2809 455 2903 511 καὶ
2924 454 3223 526 ἐξαγαγεῖν
3245 454 3447 520 αύτούς
3474 455 3786 527 ποιήσαντα

459 562 723 620 ‘tanaelis
755 561 1048 630 elﬁciebat,
1087 571 1141 618 et
1170 571 1413 617 montem
1454 559 1613 615 Sinai
1666 553 2076 617 conscendisse,

460 654 665 727 legem
695 673 724 711 a
759 655 1051 711 Satanaele
1091 654 1365 719 traditam,
1394 654 1698 724 accepisse,
1765 664 1862 720 per
1903 647 2081 702 illam—

430 818 435 823 ,
490 766 597 820 que
626 746 1039 803 innumerabilia
1072 746 1349 801 hominum
1385 744 1553 799 millia
1619 741 1941 813 perdidisse.
1988 737 2083 790 At-

459 832 597 911 fqtte
630 840 855 908 hujusce
882 838 956 893 rei
992 847 1183 893 testem
1207 850 1330 892 esse
1382 834 1630 898 Paulum,
1665 834 1781 904 qui,
1819 829 2084 899 Concupi-

490 932 780 996 scenliam,
822 929 1030 1001 inquit,
1084 928 1401 991 nesciebam,
1457 929 1559 981 nisi
1593 942 1687 997 per
1712 925 1879 994 legem
1908 923 1975 985 ¹;
2030 928 2084 973 et

488 1038 708 1077 rursum
738 1039 752 1076 :
781 1021 1100 1076 Adueniente
1126 1030 1305 1076 autem
1332 1023 1586 1073 mandato
1617 1026 1895 1085 peccatum
1950 1011 2084 1066 revi-

488 1117 567 1170 xit
596 1116 640 1169 ¹.
704 1113 929 1178 Verum,
953 1129 985 1169 ο
1008 1111 1218 1168 fraudis
1247 1111 1509 1176 artifices,
1561 1124 1661 1164 cur
1696 1107 1772 1173 id,
1801 1105 1943 1175 quod
1994 1117 2083 1157 se-

490 1210 696 1276 quitur,
720 1208 1018 1270 omisistis,
1066 1219 1302 1274 nempe:
1362 1202 1472 1257 Lex
1502 1211 1715 1268 sancta,
1768 1198 2083 1253 mamlatum

489 1311 756 1361 sanctum,
782 1307 830 1352 et
873 1298 1079 1367 justum
1110 1306 1158 1351 et
1194 1300 1384 1351 bonum
1419 1296 1477 1349 3.?
1529 1294 1681 1361 Quod
1719 1293 1763 1346 si
1813 1292 1898 1345 lex
1939 1292 2084 1360 Apo-

490 1391 613 1447 stoli
650 1390 963 1444 testimonio
996 1398 1080 1445 est
1116 1397 1329 1453 saneta,
1358 1399 1415 1442 et
1459 1386 1772 1455 mandatum
1833 1390 2082 1438 sanctum

490 1487 793 1548 etbonum,
832 1498 939 1537 non
973 1494 1056 1537 est
1079 1481 1302 1551 impuri,
1358 1490 1414 1533 et
1474 1477 1688 1548 injusti,
1747 1485 1799 1531 et
1853 1472 2085 1541 improbi

492 1573 825 1628 Satanaelis.
856 1572 1008 1625 Mala:
1036 1573 1180 1626 enim
1205 1570 1418 1625 arboris
1454 1568 1649 1627 malus
1706 1575 1787 1621 est
1835 1564 2083 1627 fructus;

490 1664 883 1737 borins_autem
919 1662 1132 1717 fructus
1157 1671 1247 1715 est
1307 1661 1519 1714 arboris
1578 1660 1752 1724 bonae,
1815 1657 2085 1725 quemad-

492 1754 711 1807 modum
739 1760 793 1805 et
817 1751 1080 1807 Dominus
1113 1752 1188 1804 ait
1219 1749 1262 1804 ’⁸.
1323 1748 1432 1804 Sed
1466 1758 1523 1803 ut
1551 1749 1753 1803 clarius
1781 1748 1948 1802 etiam
1996 1748 2084 1802 illa

490 1843 738 1914 Apostoli
759 1846 923 1899 verba
958 1842 1358 1912 intelligantur,
1390 1840 1686 1896 notandum
1717 1851 1800 1895 est
1825 1856 1947 1895 eum
1976 1858 2085 1895 non

491 1936 717 2003 dixisse,
745 1936 917 2007 legem
945 1951 1067 1992 esse
1096 1937 1304 2006 peccati
1324 1934 1680 2005 eﬂ'ectricem,
1705 1936 1799 1993 sed
1829 1938 2087 2002 indicem,

492 2030 696 2098 quippe
722 2044 842 2099 quae
864 2030 1039 2099 ipsum
1071 2031 1334 2096 ostendit,
1366 2039 1420 2083 et
1460 2030 1705 2099 praecipit
1731 2038 1788 2084 ut
1820 2031 2053 2085 evitetur
2074 2068 2090 2091 ,

496 2132 756 2190 tauquam
790 2121 1045 2177 interitus
1091 2137 1276 2176 causa.
1317 2120 1453 2176 Cum
1531 2121 1675 2175 enim
1743 2121 1827 2202 lex
1892 2121 2092 2188 scripta

495 2218 734 2269 nondum
772 2222 919 2269 esset
948 2212 1079 2290 lata,
1111 2228 1232 2283 quae
1293 2224 1574 2282 peccatum
1617 2213 1917 2282 -proltibet,
1967 2212 2095 2266 licet

497 2306 964 2371 committeretur,
1029 2321 1138 2361 non
1192 2315 1373 2361 tamen
1411 2305 1552 2361 adeo
1604 2300 1974 2375 perniciosum
2039 2317 2094 2362 et

512 2399 829 2469 fugiendum
849 2399 1312 2469 cognoscebatur.
1345 2397 1626 2463 Quomodo
1650 2409 1835 2453 autem
1861 2400 2092 2454 venien-

497 2503 553 2548 te
578 2494 834 2549 mandato
890 2501 1172 2564 peccatum
1242 2493 1525 2559 revixerit,
1571 2492 1720 2547 audi.
1783 2492 2093 2563 Antequam

496 2587 585 2642 lex
663 2584 1125 2658 promulgaretur,
1162 2584 1488 2640 imbecillum
1551 2594 1669 2639 erat
1715 2596 1770 2640 et
1836 2593 2095 2655 tanquam

497 2686 776 2731 mortuum
813 2686 1121 2744 peceatum,
1152 2690 1253 2731 nec
1285 2684 1496 2729 tantum
1542 2678 1898 2746 peccantibus
1960 2692 2095 2747 snp-

497 2768 720 2836 plicium
750 2767 947 2822 afferre
971 2778 1203 2838 poterat,
1240 2776 1504 2837 quantum
1560 2780 1681 2838 post
1743 2768 1877 2839 legis
1939 2768 2099 2824 aﬂ‘ert

498 2854 1013 2924 promulgationem,
1038 2864 1092 2910 et
1120 2855 1323 2909 idcirco
1357 2870 1462 2910 non
1488 2858 1777 2913 admodum
1811 2873 2098 2929 oppugna-

502 2947 617 3015 bat.
649 2946 1011 3016 Posteaquam
1055 2959 1238 3003 autem
1279 2950 1363 3003 lex
1431 2949 1746 3003 hominibus
1800 2952 1923 3005 data
1988 2963 2094 3016 est,

498 3053 620 3107 quae
674 3038 885 3108 peccati
944 3038 1259 3093 deltcllatrix
1320 3050 1405 3094 est
1466 3049 1519 3093 et
1569 3043 1907 3105 adversaria,
1972 3052 2098 3098 tunc

2183 553 2388 623 τέρατα
2419 552 2516 604 καὶ
2548 553 2755 620 σημεῖα
2785 550 2876 604 διὰ
2902 550 3003 618 τῆς
3035 549 3321 618 ἐνεργείας
3346 548 3443 603 τοῦ
3472 550 3785 622 Σαταναήλ,

2183 645 2279 700 καὶ
2310 644 2558 699 ἀνελθεῖν
2592 645 2674 708 είς
2701 642 2764 697 τὸ
2789 642 2919 715 ὅρος
2954 643 3015 697 τὸ
3043 644 3198 706 Σινᾶ,
3230 642 3328 697 καὶ
3351 642 3543 697 λαϐεῖν
3568 644 3663 697 τὸν
3692 644 3785 697 νόο

2187 750 2289 803 μον
2328 731 2691 804 ύφηγηθέντα
2722 733 2878 801 παρὰ
2905 731 3002 785 τοῦ
3042 731 3353 802 Σαταναὴλ,
3386 731 3483 785 καὶ
3516 731 3785 785 ἀπολέσαι

2183 825 2253 879 δι’
2301 824 2468 878 αὑτοῦ
2524 824 2797 895 μυριάδας
2846 822 3285 893 ἀναριθμήτους,
3333 822 3430 876 καὶ
3479 826 3786 894 μαρτυρεῖν

2185 917 2315 990 περὶ
2343 918 2537 971 τούτου
2567 917 2660 971 τδν
2695 914 3023 969 Ἀπόστολον
3053 915 3304 982 λέγοντα,
3338 913 3464 983 Τὴν
3489 915 3791 983 ἁμαρτίαν

2185 1011 2298 1064 οὐκ
2330 1007 2527 1079 ἔγνων
2545 1011 2597 1063 εί
2613 1005 2699 1077 μὴ
2723 1006 2824 1060 διὰ
2852 1007 3064 1076 νόμου.
3097 1006 3209 1058 Καὶ
3238 1004 3790 1071 αὖθις,Ἕλθούση‹·

2184 1101 2255 1156 δὲ
2272 1101 2383 1171 τῆς
2414 1099 2675 1170 ἐντολῆς
2702 1101 2741 1170 ἡ
2771 1099 3029 1169 ἁμαρτία
3054 1095 3371 1167 ἀνέζησεν·
3403 1097 3569 1159 Ἀλλ’.
3619 1093 3665 1152 ὦ
3696 1115 3790 1151 σου

2187 1196 2380 1264 φισταὶ
2406 1193 2512 1264 τῆς
2558 1193 2781 1257 κακίας,
2829 1192 2886 1244 τί
2933 1190 2994 1244 τὸ
3024 1189 3155 1256 ἑξῆς
3186 1191 3481 1262 κακοήθως
3535 1191 3787 1259 ὑπεκρα-

2185 1290 2423 1359 τήσατε;
2456 1284 2775 1355 Γέγραπται
2806 1282 2917 1352 γὰρ
2948 1282 3134 1348 εὐθὺς,
3167 1281 3249 1335 ὃτι
3284 1281 3347 1334 '0
3380 1282 3566 1351 νόμος
3593 1281 3783 1351 ἅγιος,

2187 1377 2284 1430 καὶ
2320 1377 2358 1444 ἠ
2393 1374 2612 1443 ἐντολὴ
2646 1374 2805 1443 ἁγία,
2842 1372 2943 1427 καί
2972 1372 3197 1435 δικαία,
3231 1371 3330 1426 καί
3361 1371 3579 1442 ἀγαθή.
3638 1371 3700 1423 El
3724 1371 3785 1423 δὲ

2188 1470 2330 1524 κατὰ
2396 1470 2500 1540 τὴν
2564 1466 2660 1522 τοῦ
2727 1466 3056 1521 Ἀποστόλου
3124 1466 3437 1536 μαρτυρίαν
3514 1467 3543 1519 6
3618 1465 3786 1534 νόμος

2190 1563 2366 1631 ἅγιος,
2392 1561 2486 1615 καὶ
2515 1562 2549 1631 ή
2588 1560 2780 1631 ἐντολὴ
2826 1559 2984 1629 ἁγία,
3038 1558 3135 1613 καὶ
3167 1557 3380 1624 δικαία,
3427 1558 3524 1611 καὶ
3582 1556 3794 1625 ἀγαθὴ,

2188 1657 2288 1709 οὐκ
2324 1654 2430 1726 ἄρα
2472 1652 2564 1707 τοῦ
2619 1654 2897 1722 ἀνάγνου,
2958 1652 3055 1707 καὶ
3122 1652 3348 1714 ἀδίκου.
3401 1650 3500 1705 καὶ
3546 1652 3796 1718 πονηροῦ

2190 1747 2478 1816 Σαταναὴλ
2526 1742 2636 1801 εἷεν
2689 1747 2756 1802 ἂν
2806 1746 2984 1802 ταῦτα
3039 1744 3360 1814 νομοθεσίαι
3421 1744 3517 1797 καὶ
3560 1743 3799 1811 ὲπιτάγ-

2196 1862 2360 1917 ματα.
2417 1841 2637 1913 Σαπροῦ
2702 1841 2800 1911 μὲν
2857 1840 2967 1911 γὰρ
3035 1838 3251 1908 δένδρου
3339 1836 3551 1907 σαπρὸς
3631 1834 3790 1889 ἔσται

2193 1938 2443 2010 καρπὸς,
2505 1937 2534 1989 6
2576 1934 2635 1988 δὲ
2680 1932 2842 1995 καλὸς
2898 1932 3118 1993 πάντως
3158 1927 3361 1993 καλοῦ,
3434 1926 3618 1989 καθὼς
3684 1925 3783 1981 καὶ

2192 2035 2221 2087 6
2276 2032 2479 2103 Κύριος
2542 2028 2889 2098 ἀπεφήνατο.
2925 2024 3046 2078 Ἵνα
3084 2023 3143 2077 δὲ
3203 2022 3296 2076 καὶ
3361 2021 3432 2077 τὰ
3475 2018 3793 2091 δηλωθέντα

2193 2124 2286 2179 τοῦ
2331 2121 2662 2178 ’Λποστόλου
2696 2115 3065 2189 σαφηνισθείη
3099 2115 3242 2187 ῥητὰ
3264 2154 3277 2180 ,
3303 2112 3643 2185 προσεκτέον
3664 2154 3680 2179 ,
3712 2113 3797 2166 ὅτι

2195 2220 2257 2273 ού
2293 2216 2582 2288 ποιητικὸν
2617 2215 2717 2283 τῆς
2751 2208 3033 2283 ἁμαρτίας
3066 2207 3260 2278 εἴρηκε
3293 2208 3387 2260 τὸν
3421 2206 3587 2275 νόμον
3607 2247 3624 2272 ,
3656 2204 3799 2259 ἀλλὰ

2196 2310 2502 2381 γνωστικδν
2551 2307 2745 2376 αὐτῆς,
2796 2304 2873 2366 ὡς
2929 2301 3364 2356 ὕποδεικνύοντα
3420 2296 3649 2366 ταύτην,
3702 2297 3801 2350 καὶ

2198 2398 2613 2470 προστάττοντα
2650 2393 2877 2463 φεύγειν
2907 2389 3102 2459 αὐτὴν,
3125 2390 3200 2452 ὡς
3228 2386 3582 2458 φθοροποιὸν.
3613 2383 3801 2455 Μήπω

2198 2490 2309 2559 γὰρ
2338 2486 2590 2549 δοθέντος
2619 2484 2714 2537 τοῦ
2741 2480 2991 2553 γραπτοῦ
3020 2479 3213 2535 τούτου
3237 2480 3407 2549 νόμου
3435 2476 3529 2531 τοῦ
3559 2475 3667 2530 κω)
3680 2475 3801 2559 ύον-

2198 2555 2289 2644 τος
2318 2579 2513 2648 αὐτὴν,
2550 2577 2599 2630 εἰ
2634 2575 2731 2629 καὶ
2769 2575 3081 2646 ἐνηργεῖτο,
3118 2571 3237 2627 ἀλλ’
3267 2571 3365 2640 οὐχ
3399 2567 3546 2623 οὕτω
3580 2555 3798 2635 λυμαν-

2197 2674 2327 2744 τικὴ
2355 2673 2452 2725 καὶ
2475 2669 2683 2739 φευκτὴ
2705 2670 2821 2731 τοῖς
2844 2666 3153 2739 ἀνθρώποις
3180 2663 3531 2734 ὲγνωρίζετο.
3557 2662 3685 2725 Πῶς
3712 2660 3792 2728 δὲ,

2200 2764 2463 2835 ἐλθούσης
2491 2763 2589 2831 τῆς
2613 2759 2858 2827 ἐντολῆς,
2879 2760 2914 2830 ἡ
2938 2758 3190 2830 ἁμαρτία
3214 2754 3506 2827 ἀνέζησεν,
3534 2752 3792 2807 ἄκουσον.

2201 2860 2326 2912 Ὀτι
2360 2856 2468 2927 πρὸ
2505 2857 2603 2927 μὲν
2629 2854 2733 2924 τῆς
2765 2853 3000 2924 νομικῆς
3032 2852 3261 2920 ἐντολῆς
3292 2852 3531 2924 ἀσθενής
3556 2848 3627 2925 ἦν
3648 2893 3664 2918 ,
3697 2851 3801 2906 καὶ

2199 2947 2310 3005 οἷον
2342 2949 2535 3021 νεκρὰ,
2557 2948 2631 3019 μή
2662 2948 2939 3016 δυναμένη
2968 2943 3243 3015 τοσαύτην
3274 2944 3575 3015 καταδίκην
3602 2941 3803 3016 προξε-

2201 3047 2313 3099 νεῖν
2377 3045 2490 3106 τοίς
2547 3042 2958 3113 ἁμαρτάνουσιν
3010 3040 3145 3107 ὅσην
3197 3037 3457 3109 προξενεῖ
3514 3036 3654 3106 μετὰ
3703 3036 3803 3089 τὸν

498 3132 677 3202 ipsum
709 3141 989 3200 peccatum
1014 3133 1311 3187 excitatum
1355 3142 1440 3188 est
1464 3145 1519 3188 et
1558 3134 1964 3203 quodammodo
2013 3153 2089 3191 rei

2202 3138 2389 3206 νόμον,
2432 3134 2530 3188 καὶ
2555 3134 2644 3188 διὰ
2687 3132 2852 3186 τοῦτο
2900 3133 2978 3202 μὴ
3031 3132 3175 3185 πάνυ
3225 3129 3546 3202 πολεμοῦσα
3572 3147 3585 3160 ⁸
3613 3133 3705 3185 ὅτε
3729 3130 3792 3186 δὲ

498 3222 653 3287 vixit,
692 3221 745 3276 id
775 3231 861 3275 est
912 3236 1138 3290 magnas
1179 3223 1325 3277 vires
1350 3224 1604 3291 sumpsit,
1632 3235 1798 3293 atque
1853 3226 2092 3280 crudeli-

502 3318 586 3364 ter
617 3310 793 3364 saeviit
824 3309 877 3362 in
914 3324 1009 3365 eos
1035 3310 1127 3379 qui
1157 3309 1332 3381 legem
1375 3321 1757 3380 susceperant.
1791 3313 1947 3378 Quod
1991 3330 2093 3368 au-

501 3411 611 3458 tem
637 3401 854 3474 Moyses
883 3420 910 3456 a
944 3402 1237 3458 Salattaele
1264 3403 1518 3473 deceptus
1550 3420 1654 3458 non
1680 3404 1862 3475 fuerit,
1912 3408 2006 3463 sed
2026 3384 2096 3464 ab

499 3507 567 3550 eo
603 3495 696 3564 qui
724 3509 851 3548 vere
874 3506 957 3549 est
983 3494 1145 3557 Deus,
1179 3494 1383 3549 missus
1421 3494 1515 3562 sit,
1560 3504 1615 3549 et
1641 3496 1814 3566 legem
1865 3513 2096 3570 accepe-

502 3586 595 3651 rit,
631 3585 912 3657 multaque
957 3587 1237 3641 hominum
1274 3586 1443 3640 millia
1476 3602 1586 3642 non
1613 3589 1933 3656 perdiderit,
1994 3592 2092 3648 sed

500 3679 838 3748 gubernarit,
874 3678 1239 3749 intelligesex
1271 3678 1449 3745 titulo,
1490 3696 1650 3751 quem
1715 3691 1899 3737 contra
1949 3682 2099 3738 Pau-

501 3773 727 3827 licianos
780 3771 1124 3842 scripsimus,
1181 3774 1640 3841 quemadmodum
1705 3774 1759 3829 in
1817 3777 2098 3846 superiore

503 3867 684 3941 capite
714 3865 1139 3921 declaravimus.

2206 3232 2234 3283 6
2260 3230 2428 3300 νόμος
2458 3227 2616 3296 ἐδέθη
2643 3229 2757 3288 τοῖς
2786 3223 3125 3296 ἀνθρώποις,
3153 3227 3182 3278 6
3209 3225 3308 3295 τῆς
3337 3224 3615 3295 ἁμαρτίας
3637 3225 3800 3278 ἀναιο

2209 3322 2421 3393 ρετικδς
2469 3320 2563 3374 καὶ
2605 3317 2886 3385 πολέμιος,
2915 3315 3038 3370 τότε
3091 3316 3334 3387 μάλιστα
3382 3316 3674 3387 διηγέρθη,
3704 3316 3803 3369 καὶ

2204 3410 2319 3470 οἷον
2345 3400 2615 3481 ἀνέζησεν
2650 3411 2812 3481 αὕτη,
2842 3408 3097 3463 τουτέστι
3135 3409 3367 3480 σφοδρὸν
3402 3409 3660 3472 ἔπνευσε,
3703 3408 3803 3462 καὶ
3869 3416 3880 3429 ’

2208 3506 2437 3580 μανικὸν
2477 3504 2743 3576 ὲλύττησε
2791 3503 2935 3557 κατὰ
2966 3502 3075 3556 τῶν
3110 3501 3533 3571 ὑποδεξαμένων
3583 3499 3684 3565 τὰς
3713 3516 3809 3554 νου

2208 3599 2373 3672 μικὰς
2404 3597 2648 3659 ἐντολάς.
2668 3597 2792 3650 Ὅτι
2819 3596 2875 3650 δὲ
2894 3597 2920 3650 6
2949 3595 3196 3661 Μωῦσῆς
3222 3596 3324 3649 οὐκ
3341 3595 3621 3664 ἐπλανήθη
3649 3592 3806 3665 παρὰ

2203 3691 2300 3746 τοῦ
2328 3687 2635 3760 Σαταναὴλ,
2669 3688 2786 3742 ἀλλ’
2811 3691 2838 3742 6
2869 3687 2947 3742 ὢν
2972 3688 3107 3751 Θεὸς
3141 3686 3465 3741 ἀπέστειλεν
3496 3685 3680 3749 αὐτὸν,
3704 3683 3804 3739 καὶ

2203 3782 2371 3846 αὐτὸς
2394 3779 2541 3851 αὐτῷ
2564 3779 2768 3834 δέδωκε
2796 3779 2887 3832 τὸν
2915 3780 3102 3845 νόμον,
3136 3779 3232 3833 καὶ
3252 3778 3353 3833 οὐκ
3381 3776 3650 3842 ἀπώλεσε,
3680 3775 3801 3830 ἀλλ’

2206 3874 2464 3945 ὡδήγησε
2519 3872 2588 3925 δι’
2630 3871 2798 3926 αὐτοῦ
2833 3871 2932 3935 τὰς
2967 3871 3170 3934 πολλὰς
3226 3869 3444 3933 ὲκείνας
3502 3869 3800 3942 μυριάδας,

2206 3965 2462 4036 εὑρήσεις
2475 3965 2532 4017 ἐν
2547 3963 2625 4033 τῷ
2645 3962 2797 4017 κατὰ
2824 3963 2943 4016 τῶν
2970 3963 3395 4017 Παυλικιάνων
3409 3961 3594 4034 τίτλῳ,
3619 3959 3803 4025 καθὼς

2206 4056 2358 4127 ἐντῷ
2375 4056 2481 4129 πρὸ
2504 4055 2692 4109 τούτου
2719 4055 3000 4124 κεφαλαίῳ
3026 4055 3371 4123 διελάϐομεν.

576 4136 667 4192 Η.
696 4135 804 4190 Eos
834 4135 980 4192 solos
1001 4136 1191 4192 dicunt
1223 4153 1344 4193 esse
1364 4151 1605 4203 sam-tos,
1649 4144 1740 4209 qui
1777 4145 1919 4212 apud
1962 4143 2099 4200 Mat—

506 4230 709 4285 thaeum
739 4238 793 4283 et
811 4228 1035 4293 Lucam,
1061 4239 1118 4282 ut
1158 4230 1416 4293 diximus,
1442 4232 1835 4303 ittgcncalogiis
1861 4249 2089 4291 comme-

2210 4239 2478 4310 Ματθαίῳ
2511 4240 2608 4292 καὶ
2634 4238 2711 4310 τῷ
2741 4239 2929 4310 Λουκᾷ
2962 4239 3483 4311 γενεαλογηθέντας,
3511 4238 3586 4303 ὡς
3616 4237 3810 4309 προεί-

507 4329 813 4385 morantur,
829 4328 882 4373 et
893 4320 1166 4374 sexdecim
1187 4322 1496 4389 prophetas,
1511 4330 1562 4375 et
1581 4322 1872 4389 apostolos,
1892 4332 1944 4378 et
1958 4340 2089 4380 mar-

2214 4350 2400 4401 ρηται,
2433 4333 2528 4383 καὶ
2558 4332 2683 4394 τοὺς
2714 4330 3007 4397 ἑξκαίδεκα
3040 4333 3351 4403 προφήτας,
3388 4333 3483 4386 καὶ
3515 4332 3640 4395 τοὺς
3669 4333 3809 4384 ἁπο-

509 4426 677 4486 tyres,
708 4414 800 4482 qui
834 4428 899 4467 ne
918 4412 1057 4467 idola
1075 4413 1392 4479 adorarent,
1411 4414 1577 4469 σοι·ἰεὶ
1598 4426 1746 4470 sunt.
1772 4415 2089 4475 Sacerdotes

2210 4424 2454 4488 στόλους,
2476 4424 2574 4477 καὶ
2612 4423 2739 4486 τοὺς
2772 4424 3078 4494 μάρτυρας,
3108 4425 3227 4477 ὅσοι
3256 4423 3343 4478 διὰ
3371 4425 3432 4477 τὸ
3462 4423 3537 4495 μή
3563 4439 3812 4492 προσκυ-

507 4517 688 4561 autem
713 4517 767 4562 et
789 4504 979 4589 Patres
1012 4521 1204 4559 omnes
1236 4516 1494 4576 tanquam
1531 4506 1797 4562 idolorum
1837 4511 2089 4580 cultores,

2205 4522 2367 4588 νῆσαι
2395 4517 2465 4571 τὰ
2481 4516 2676 4571 εἴδωλα
2695 4518 3152 4587 κατεσφάγησαν.
3178 4516 3320 4581 Τοὺς
3340 4517 3605 4587 ίεράρχας
3631 4515 3687 4568 δὲ
3709 4516 3808 4569 καὶ

505 4601 768 4671 quoniam
804 4600 1035 4653 adorant
1099 4601 1385 4667 imagines,
1442 4603 1704 4669 reprolios
1759 4605 2089 4659 existimant

2204 4613 2330 4675 τοὺς
2360 4612 2616 4682 Πατέρας
2646 4610 2783 4681 ὁμοῦ
2818 4611 3030 4674 πάντας
3054 4609 3581 4680 ἀποδοκιμάζουσιν,
3616 4609 3691 4673 ὡς
3722 4610 3806 4662 εί-

505 4706 561 4749 οι
588 4707 780 4747 omnes
814 4706 968 4763 reges
991 4692 1113 4761 pios
1141 4706 1171 4746 e
1201 4701 1349 4745 sorte
1382 4690 1819 4748 Christianorum
1860 4697 2089 4766 rejicien.

2204 4702 2554 4772 δωλολάτρας
2588 4702 2678 4755 διὰ
2708 4703 2807 4773 τὴν
2841 4702 2951 4755 τῶν
2991 4703 3223 4756 εἰκόνων
3257 4702 3655 4773 προσκύνησιν.
3691 4701 3809 4755 Καὶ

509 4789 607 4840 dos
632 4795 849 4853 putant,
905 4785 1053 4840 solos
1112 4794 1294 4838 autem
1353 4782 1649 4851 imaginum
1702 4799 2089 4859 oppugnatores

2203 4799 2331 4861 τοὺς
2369 4797 2466 4867 μὲν
2500 4795 2749 4859 εὐσεϐεῖς
2772 4796 3025 4859 ἅπαντας
3058 4795 3302 4867 βασιλεῖς
3329 4795 3676 4867 ἀλλοτριοῦσι
3708 4795 3805 4848 τοῦ

508 4877 843 4931 orthodoxos
896 4876 1194 4947 ﬁdelesque
1229 4887 1443 4943 vocant,
1488 4878 1872 4949 imprimisque
1900 4879 2089 4948 Copro

2206 4890 2413 4959 κλήρου
2437 4887 2545 4941 τῶν
2563 4888 2937 4959 Χριστιανῶν,
2971 4889 3173 4959 μόνους
3200 4889 3257 4943 δὲ
3288 4888 3553 4942 καλοῦσιν
3581 4886 3801 4958 ὀρθοδό-

512 4984 759 5041 nytnum.
804 4966 1161 5024 Venerandas
1212 4971 1358 5023 enim
1403 4971 1669 5039 imagines
1713 4983 2089 5038 aspernantur,

2204 4983 2328 5047 ξους
2369 4980 2464 5032 καί¹
2502 4981 2731 5045 πιστοὺς
2776 4981 2904 5045 τοὺς
2938 4981 3380 5052 Είκονομάχους,
3419 4982 3513 5034 καὶ
3555 4982 3800 5051 μάλιστα

510 5072 565 5118 ct
582 5061 725 5116 idola
758 5060 998 5130 gentium
1030 5061 1332 5132 appellant,
1354 5071 1756 5132 argentumque
1820 5071 1874 5116 et
1902 5077 2089 5117 aurum

2203 5077 2294 5130 τὸν
2350 5073 2756 5145 Κοπρώνυμον.
2822 5074 3184 5144 Ἀτιμάζουσι
3245 5074 3356 5146 γὰρ
3411 5073 3511 5128 καὶ
3561 5072 3663 5134 τὰς
3715 5087 3805 5123 σε·

512 5165 746 5224 etopera
771 5165 1027 5205 manuum
1064 5153 1367 5217 hominum,
1419 5153 1737 5222 ignorantes
1778 5152 1924 5207 aliud
1981 5167 2089 5209 esse

2203 5166 2469 5236 ϐασμίους
2502 5165 2741 5232 εἰκόνας,
2780 5165 2858 5220 Τὰ
2888 5165 3426 5235 εῖδωλα,λέγοντες,
3459 5160 3579 5218 τῶν
3606 5159 3802 5218 ἐθνῶν

515 5246 832 5316 imaginem.
861 5254 917 5301 et
939 5243 1083 5301 aliud
1111 5245 1354 5316 idolum;
1390 5250 1536 5303 nulla
1600 5253 1749 5305 enim
1815 5258 1911 5305 aut
1962 5248 2089 5307 falsa

2199 5258 2487 5327 ἀργύριον
2538 5256 2641 5309 καὶ
2680 5259 2960 5325 χρυσίον,
2988 5258 3135 5329 ἔργα
3182 5257 3403 5329 χειρῶν
3448 5256 3804 5325 ἀνθρώπων,

515 5355 639 5397 esse
673 5341 939 5396 idolorum
981 5338 1337 5409 exemplaria,
1370 5356 1491 5395 cum
1529 5346 1660 5398 deos
1686 5342 1961 5414 appellent
2007 5360 2089 5401 eo:

2213 5348 2571 5417 ἀγνοοῦντες,
2607 5350 2690 5402 ὅτι
2722 5349 2852 5403 ἄλλο
2881 5351 3101 5405 εἴδωλον
3122 5392 3135 5413 ,
3172 5352 3268 5407 καὶ
3302 5350 3434 5406 ἄλλο
3461 5349 3625 5402 είκών
3651 5364 3665 5377 ·
3704 5347 3807 5400 καὶ

521 5436 612 5505 qui
644 5451 753 5490 non
782 5445 908 5492 sunt
933 5436 1029 5499 dii,
1059 5434 1156 5491 sed
1189 5435 1485 5502 daemones,
1510 5438 1605 5507 qui
1642 5438 1744 5495 sibi
1778 5436 1914 5493 falso
1961 5441 2089 5496 divi«

2212 5448 2295 5500 ὅτι
2325 5444 2438 5505 τοῖς
2470 5441 2570 5513 μὲν
2593 5442 2836 5508 εἰδώλοις
2865 5445 2934 5497 τὰ
2960 5445 3297 5516 πρωτὸτυπα
3324 5444 3680 5498 ἀνυπόστατα
3712 5441 3813 5493 καὶ

522 5528 753 5581 nitatem
783 5537 1061 5597 arrogant.
1096 5529 1164 5581 At
1193 5526 1489 5599 imaginum
1526 5529 1665 5597 apud
1696 5543 1793 5583 nos
1820 5545 1945 5586 vera
1978 5547 2089 5587 surr

2215 5537 2430 5609 ψευδῆ·
2492 5532 2649 5598 θεοὺς
2709 5536 2820 5606 γὰρ
2878 5537 3220 5609 ἐπεφήμιζον
3275 5538 3458 5601 αὐτοῖς
3515 5536 3593 5607 μὴ
3646 5533 3813 5594 ὄντας

522 5619 875 5689 exemplaria,
911 5630 968 5677 et
996 5638 1121 5678 rere
1150 5622 1389 5679 referunt
1444 5625 1492 5678 id
1553 5623 1697 5693 quo].
1747 5625 2087 5694 appellantur

2219 5629 2395 5695 θεοὺς,
2421 5626 2561 5683 ἀλλὰ
2585 5624 2848 5697 δαίμονας
2875 5626 3241 5698 ψευδομένους
3262 5625 3361 5699 τὴν
3392 5625 3622 5696 θεότητα
3653 5641 3664 5654 ·
3695 5622 3815 5676 τῶν

2283 4153 2366 4200 ια’.
2404 4147 2673 4214 Λέγουσιν
2712 4147 2901 4215 ἁγίους
2925 4147 3118 4216 μόνους
3139 4142 3280 4201 εἶναι
3306 4146 3432 4211 τούς
3464 4163 3523 4201 τε
3546 4147 3699 4216 παρᾶ
3722 4144 3804 4212 τῷ

604 5823 621 5854 ⁸
657 5823 817 5882 Rom.
859 5842 956 5893 vn,
987 5824 1037 5880 7.
1139 5827 1157 5857 ³
1191 5825 1388 5884 ibid.9.
1462 5825 1482 5857 ³
1509 5825 1640 5884 ibid.
1669 5825 1751 5880 19..
1826 5827 1846 5858 "
1884 5828 2077 5885 Matth.
2116 5844 2210 5895 vn,
2242 5830 2326 5893 Π,
2358 5832 2446 5889 l8.
