4132 6408
332 389 469 453 Ῑ3ζ9

1218 389 1598 451 PANOPLIA
1634 390 2097 457 DOGMATICA.
2136 421 2203 435 ·-
2241 398 2389 465 ΤΙΤ.
2433 402 2684 465 XXVII.

3463 396 3609 463 1310

324 511 384 563 δὲ
417 507 549 577 παρ’
584 507 715 577 ἡμῖν
747 507 973 560 εἰκόνων
1001 507 1069 561 τὰ
1098 507 1438 575 πρωτότυπα
1465 508 1636 571 ὅντως
1662 508 1794 561 ὄντα
1825 506 1920 559 καὶ

2026 514 2200 583 Atque
2230 516 2371 571 idola
2405 520 2624 588 quidem
2656 517 3050 575 sceleratorum
3101 524 3228 572 sunt
3290 514 3607 577 simulacra,

324 600 687 672 ἀληθεύοντα,
716 599 743 651 ὃ
773 598 1090 653 καλοῦνται.
1128 600 1370 652 Κάκείνα
1409 599 1506 669 μὲν
1540 597 1736 652 εἴδωλα
1774 617 1873 668 μια
1902 632 1916 639 -

330 696 462 765 ρῶν,
488 693 666 745 ταῦτα
684 691 741 744 δὲ
766 691 975 755 εἰκόνες
1001 691 1553 761 άγίων.Πλατύτερον
1570 690 1626 743 δὲ
1653 689 1783 759 περὶ
1807 689 1916 741 τῶν

327 790 501 856 ἁγίων
545 787 773 851 εἰκόνων
818 785 1035 856 εἴρηται
1077 788 1134 838 ἐν
1162 785 1238 857 τῷ
1264 786 1413 839 κατὰ
1442 786 1557 839 τῶν
1578 781 1915 852 Εἱκονομά-

326 903 452 957 χων
484 885 669 954 τίτλῳ.

402 974 487 1047 ιβ’*
539 976 864 1047 Ἐρωτηθεὶς
900 977 1028 1045 παρ’
1074 974 1231 1046 ἡμῶν
1282 977 1308 1025 ὁ
1330 975 1425 1044 τῆς
1450 975 1714 1043 αἱρέσεως
1737 974 1917 1030 αὐτῶν

327 1068 576 1139 ἔξαρχος,
601 1069 725 1132 Πῶς
750 1069 1187 1137 ἁποδοκιμάζετε
1218 1069 1343 1131 τοὺς
1364 1070 1421 1120 ἐν
1445 1068 1624 1134 άγίοις
1651 1069 1915 1140 ίεράρχας

328 1164 425 1215 καὶ
453 1161 580 1223 τοὺς
601 1162 906 1232 μακαρίους
944 1159 1215 1228 ῙΙατέρας,
1248 1153 1323 1214 ὧν
1347 1162 1415 1213 τὰ
1449 1160 1679 1229 λείψανα
1705 1162 1918 1228 θαυμα-

326 1252 656 1323 τουργοῦσι’;
680 1252 871 1322 διάρας
894 1253 961 1305 τὰ
994 1251 1197 1321 βέϐηλα
1226 1252 1378 1322 χείλη
1405 1253 1737 1323 ἐξηρεύξατο
1763 1254 1919 1320 λόγον

329 1348 590 1417 πονηρόν.
617 1342 751 1399 Eine
779 1350 910 1415 γὰρ,
934 1347 1015 1400 ὅτι
1044 1349 1527 1415 συγκεκλήρωνται
1558 1348 1769 1411 τούτοις
1801 1349 1917 1402 δαί·
1952 1390 1961 1396 .

331 1457 513 1509 μονες,
539 1440 587 1492 οἳ
617 1438 924 1502 διδάξαντες
954 1439 1149 1502 αὐτοὺς
1171 1438 1248 1491 ἔτι
1278 1437 1510 1502 ζῶντας.
1553 1440 1602 1491 οἳ
1666 1442 1779 1502 τοῖς
1827 1442 1921 1493 τά-

329 1548 451 1599 φοις
482 1531 660 1583 αὐτῶν
690 1530 1102 1600 παραμένοντες
1156 1531 1613 1600 τερατουργοῦσιν
1652 1533 1730 1592 εἰς
1752 1532 1921 1601 πρόσ·

330 1641 479 1676 ωπον
526 1622 706 1675 αὐτῶν
758 1621 843 1674 ἵνα
892 1625 1019 1683 τοὺς
1068 1622 1328 1691 ἀνοήτους
1387 1621 1799 1690 ἐξαπατήσωσι,
1827 1625 1918 1674 καὶ

325 1717 560 1769 πείσωσι
589 1715 754 1785 τιμᾷν
785 1713 912 1775 τοὺς
940 1713 1209 1780 άνάγνους
1265 1713 1340 1776 ὠς
1391 1713 1607 1780 ἁγίους.
1667 1713 1919 1766 Τοσαῦτα

326 1809 437 1878 γὰρ
466 1807 722 1860 δύνασθαι
755 1806 882 1868 τοὺς
908 1804 1190 1871 δαίμονας,
1239 1806 1339 1858 ὃσα
1385 1803 1449 1874 δὴ
1487 1806 1579 1857 καὶ
1637 1804 1914 1872 βούλονται
1951 1851 1993 1907 Β

330 1898 598 1959 λαὸόντας
622 1896 829 1950 ἄνωθεν
856 1895 1105 1960 ἐξουσίαν
1148 1895 1277 1965 ἄχρι
1321 1898 1557 1964 πέρατος
1602 1894 1710 1947 τῶν
1776 1896 1915 1948 ἑπτὰ

328 1990 563 2044 αίώνων.
604 1987 764 2040 Ἀλλὰ
806 1989 968 2041 πόθεν
985 1985 1141 2040 τοῦτο
1166 1986 1499 2056 μεμαθηκὼς
1522 1986 1686 2055 ἔχεις,
1716 1980 1760 2039 ὦ
1785 1987 1916 2056 λῆρε

329 2081 426 2135 καὶ
475 2080 803 2150 παράφορε;
865 2079 975 2133 Ποῦ
1019 2079 1075 2131 δὲ
1124 2082 1220 2131 καὶ⁸
1248 2079 1434 2147 θήσεις
1460 2078 1520 2130 τὸ
1560 2057 1916 2145 εὖαγγελικὸν

327 2176 505 2227 ἐκεῖνο
544 2172 604 2225 τὸ
631 2171 772 2225 κατὰ
821 2172 911 2223 τὸν
960 2172 1151 2240 καιρὸν
1208 2170 1298 2224 τοῦ
1334 2170 1665 2222 Δεσποτικοῦ
1713 2170 1919 2233 πάθους

330 2267 496 2336 ῥηθὲν
526 2267 586 2318 τὸ
612 2264 791 2329 λέγον,
824 2264 954 2318 Νῦν
985 2264 1188 2334 ἅρχων
1237 2262 1345 2318 τοῦ
1400 2264 1638 2332 κόσμου
1699 2262 1917 2315 τούτου

324 2354 768 2424 ἐκϐληθήσεται
794 2355 909 2419 ἔξω
932 2371 951 2420 ;
980 2353 1041 2405 Εἰ
1071 2353 1128 2405 δὲ
1161 2354 1187 2406 ὁ
1207 2353 1409 2421 ἅρχων,
1434 2351 1614 2421 πολλῷ
1641 2352 1840 2419 μᾶλλον
1868 2349 1919 2401 οἱ

331 2448 625 2518 ἀρχόμενοι
648 2445 924 2514 δαίμονες.
952 2444 1077 2507 Πῶς
1105 2443 1161 2497 δέ
1198 2445 1430 2506 καὶτοῖς
1481 2442 1761 2512 λειψάνοις
1810 2442 1919 2494 τῶν

332 2539 621 2611 μακαρίων
669 2537 929 2608 Πατέρων
978 2536 1463 2605 συγκεκλήρωνται
1506 2537 1555 2588 οἱ
1595 2535 1918 2605 φρίσσοντες

326 2633 466 2684 αὐτὰ
504 2630 806 2700 δαίμονες;
845 2628 1116 2691 Πολλάκις
1152 2628 1259 2699 γὰρ
1294 2629 1405 2683 τῶν
1454 2626 1919 2697 δαιμονιζομένων

325 2723 658 2790 ἐγγιζόντων
717 2726 829 2785 τοῖς
894 2722 1091 2791 τάφοις
1139 2720 1351 2786 αὐτῶν,
1400 2720 1823 2791 δραπετεύουσιν
1868 2723 1918 2773 οί

324 2816 619 2885 δαίμονες,
659 2817 913 2885 καθάπερ
959 2816 1063 2868 ὑπὸ
1115 2815 1286 2883 πυρὸς
1333 2814 1430 2883 τῆς
1469 2815 1753 2883 δυνάμεως
1809 2814 1918 2868 τῶν

327 2909 599 2979 λειψάνων
634 2908 1022 2978 μαστιζὸμενοί
1044 2925 1102 2959 τε
1130 2908 1224 2959 καὶ
1254 2906 1627 2975 ἐλαυνόμενοι.
1680 2908 1742 2960 ΕΞ
1771 2906 1826 2959 δέ
1850 2905 1920 2959 τὰ

326 3002 558 3071 λείψανα
581 3001 787 3054 τούτων
820 3002 1213 3070 δραπετεύουσι
1243 3003 1368 3061 τοὺς
1400 2999 1664 3067 δαίμονας
1689 3040 1703 3061 ,
1738 2998 1917 3066 πολλῷ

328 3095 530 3164 μᾶλλον
558 3097 754 3147 ἐκεῖνοι
778 3094 981 3158 ζῶντες
1008 3092 1227 3145 ἐδίωκον
1254 3092 1471 3154 αὐτοὺς,
1494 3092 1586 3144 καὶ
1608 3091 1729 3144 οὐδὲ
1759 3108 1918 3153 προσ-

2018 607 2279 679 imagines
2308 626 2435 665 vero
2463 620 2778 665 sanctorum
2804 610 3030 681 efﬁgies.
3061 606 3169 661 Sed
3197 607 3263 660 de
3282 616 3608 660 sanctorum

2021 704 2345 769 imaginibus
2381 703 2435 756 itt
2465 703 2624 757 titulo
2660 702 2929 756 Adversus
2993 699 3287 768 imaginum
3337 711 3612 766 oppugna-

2021 805 2157 850 tores
2188 796 2351 850 latius
2383 796 2812 866 disputavimus.

2094 980 2182 1034 12.
2204 979 2460 1048 Princeps
2479 977 2710 1032 istorum
2743 970 2988 1034 haeresis,
3012 983 3133 1023 cum
3168 982 3232 1021 ex
3263 980 3327 1019 eo
3342 976 3620 1034 quazrere-

2025 1083 2112 1126 tur
2125 1087 2224 1125 cur
2241 1065 2796 1139 sanctos|sacerdotes
2816 1064 3114 1127 beatosque
3130 1059 3320 1113 Patres
3334 1055 3612 1125 rejiciant,

2022 1179 2251 1233 quorum
2283 1161 2539 1230 reliquias
2570 1163 2918 1215 venerantur,
2951 1151 3113 1205 labiis
3163 1146 3407 1218 profanis
3460 1152 3615 1215 pate-

2023 1255 2181 1309 factis
2204 1256 2426 1308 verbum
2454 1251 2654 1305 malum
2705 1247 2977 1304 eructavit
3010 1264 3023 1299 :
3060 1242 3356 1310 Quoniam,
3414 1239 3614 1307 inquit,

2023 1361 2148 1401 cum
2180 1345 2288 1399 illis
2323 1351 2449 1397 sunt
2481 1344 2775 1405 daemones,
2802 1340 2895 1408 qui
2924 1351 3018 1391 eos
3051 1337 3177 1390 dum
3202 1334 3476 1391 viverent.
3509 1329 3605 1383 do-

2024 1449 2273 1502 cuerunt,
2307 1445 2361 1491 et
2389 1436 2457 1490 ad
2489 1450 2675 1490 eorum
2726 1432 2961 1487 tumulos
3026 1429 3331 1483 assidentes
3358 1431 3613 1495 portenta

2027 1534 2232 1588 faciunt
2267 1531 2366 1585 sub
2393 1544 2586 1585 eorum
2618 1539 2871 1596 persona,
2924 1531 2981 1576 ut
3034 1522 3255 1589 ignaros
3316 1513 3612 1582 decipiant,

2024 1627 2395 1695 suadeantque
2417 1629 2476 1676 ut
2510 1623 2750 1689 impuros
2779 1626 3035 1686 tanquam
3079 1621 3303 1665 sanctos
3358 1606 3609 1688 adorent.

2024 1719 2262 1774 Tantum
2291 1716 2434 1771 enim
2455 1714 2729 1767 daemones
2756 1722 2936 1778 posse,
2960 1713 3224 1774 quantum
3255 1680 3463 1762 volunt,
3488 1708 3610 1747 cum

2024 1828 2143 1869 eam
2180 1827 2210 1864 e
2240 1804 2456 1864 sublimi
2485 1810 2807 1872 potestatem
2828 1799 2894 1852 ad
2932 1804 3141 1865 septem
3169 1804 3341 1858 usque
3387 1785 3611 1841 saeculu-

2023 1920 2142 1960 rum
2182 1903 2340 1955 finem
2372 1894 2705 1965 acceperint.
2748 1891 2853 1945 Sed
2914 1891 3055 1943 unde
3116 1897 3171 1938 tu
3200 1886 3313 1937 btec
3353 1876 3613 1941 didicisti,

2020 2006 2249 2069 nugator
2280 1993 2551 2058 stulteque
2581 1984 2786 2040 senex?
2821 1986 2923 2035 Aut
2955 1978 3045 2033 ubi
3075 1972 3450 2044 evangelicum
3479 1967 3608 2021 illud

2020 2090 2163 2160 quod
2202 2086 2467 2139 Dominus
2512 2080 2670 2149 paulo
2697 2084 2822 2129 ante
2851 2072 3041 2127 mortis
3068 2083 3179 2124 suae
3210 2077 3422 2133 tempus
3479 2059 3618 2115 dixit

2019 2151 2336 2242 collocabis,
2358 2175 2509 2229 Nunc
2535 2184 2774 2241 princeps
2794 2166 2951 2234 hujus
2972 2157 3413 2226 mundiejicietur
3433 2151 3611 2220 foras?

2021 2273 2173 2342 Quod
2205 2272 2250 2327 si
2285 2269 2560 2338 princeps,
2596 2260 2766 2316 multo
2795 2255 2971 2327 magis
3000 2253 3300 2313 daemones,
3365 2244 3458 2314 qui
3513 2243 3613 2296 sub

2020 2338 2140 2436 eius
2176 2372 2298 2419 sunt
2322 2359 2649 2430 principatu.
2689 2350 2960 2404 Prmterea
2991 2341 3265 2414 quomodo
3320 2338 3603 2401 beatorum

2020 2459 2242 2513 Patrum
2270 2449 2518 2519 reliquiis
2545 2447 2815 2499 inhaerent
2846 2439 3143 2498 dmntones,
3177 2430 3267 2500 qui
3294 2442 3389 2482 eas
3440 2423 3612 2479 refor-

2022 2549 2230 2604 ntidant
2258 2543 2280 2596 ’ἒ
2315 2540 2641 2604 Plerumque
2679 2532 2823 2586 enim
2851 2542 2974 2583 cum
3004 2523 3252 2579 homines
3297 2534 3325 2571 a
3358 2512 3622 2569 daemoni-

2020 2636 2121 2689 bus
2137 2630 2311 2685 vexati
2334 2629 2397 2681 ad
2418 2639 2605 2680 eorum
2629 2612 3182 2683 acceduntsepulcra,
3209 2625 3238 2662 a
3265 2610 3460 2661 virtute
3488 2600 3619 2656 reli-

2020 2738 2295 2796 quiarum,
2320 2729 2577 2786 tanquam
2608 2714 2674 2767 ab
2704 2713 2849 2781 igne,
2897 2705 2997 2775 ipsi
3028 2706 3299 2759 daemones
3330 2694 3617 2765 aufugiunt

2018 2812 2199 2870 vexati
2255 2818 2309 2864 et
2357 2802 2675 2862 excruciati.
2730 2798 2883 2865 Quod
2936 2802 2980 2850 si
3069 2792 3313 2860 reliquiae
3376 2787 3619 2855 ipsorum

2021 2909 2298 2963 daemones
2332 2899 2582 2971 ejiciunt,
2616 2889 2992 2960 multomagis
3048 2886 3174 2955 ipsi,
3231 2896 3353 2962 cum
3408 2881 3462 2933 in
3514 2877 3617 2930 hac

2024 3002 2132 3053 vita
2157 2999 2435 3065 degerent,
2492 3006 2586 3045 eos
2617 2984 3101 3058 persequebantur,
3132 2990 3231 3031 nec
3262 2974 3363 3043 ipsi
3407 2972 3475 3025 ad
3528 2981 3624 3021 eos

2023 3088 2298 3141 audebant
2320 3080 2701 3145 accedere,sed
2728 3076 2848 3130 illos
2875 3084 3130 3140 tanquam
3156 3068 3224 3121 ab
3250 3066 3330 3119 eis
3351 3056 3622 3117 verberati

328 3188 551 3254 εγγίσαι
581 3186 795 3248 τούτοις
823 3185 1068 3255 ἐτόλμων
1088 3186 1288 3237 ἐκεῖνοι
1334 3152 1628 3251 φεύγοντες
1671 3184 1745 3247 ὡς
1776 3152 1921 3236 αἰκί-

2026 3177 2388 3232 declinabant.
2428 3170 2524 3225 Sin
2574 3167 2880 3228 evitabant,
2915 3176 3023 3217 non
3061 3158 3251 3227 utique
3307 3152 3623 3208 habitabant

330 3282 543 3345 ζοντας.
581 3280 643 3332 Εί
665 3278 720 3333 δὲ
744 3266 973 3346 ἔφευγον
1002 3278 1219 3343 αὐτοὺς,
1257 3276 1544 3347 πρόδηλον,
1592 3278 1673 3330 ὅτι
1701 3278 1761 3329 οὐ
1797 3295 1923 3329 συν-

330 3372 535 3444 ῴκουν,
581 3371 701 3425 ούδέ
729 3371 1029 3423 ἐδίδασκον.

405 3465 497 3533 ιγ’.
520 3466 784 3533 Λέγουσιν
810 3462 903 3517 ἀπ’
929 3462 1108 3516 αὐτῶν
1138 3461 1238 3531 μὲν
1273 3462 1469 3531 μόνων,
1489 3463 1606 3532 ἦτοι
1635 3464 1742 3516 τῶν
1762 3463 1926 3528 Βογο-

334 3560 530 3631 μίλων,
584 3557 807 3625 φεύγειν
836 3556 921 3610 ἀεὶ
950 3556 1077 3615 τοὺς
1105 3555 1364 3623 δαίμονας
1396 3555 1528 3606 ὡσεὶ
1558 3554 1708 3618 τόξου
1740 3554 1921 3623 βολὴν,

330 3656 549 3722 ἑκάστῳ
585 3651 642 3704 δὲ
663 3650 769 3704 τῶν
795 3649 971 3705 ἄλλων
1009 3648 1265 3703 ἁπάντων
1294 3650 1523 3701 ἐνοικεῖν
1551 3649 1801 3717 δαίμονα,
1832 3650 1924 3699 καὶ

330 3748 604 3802 διδάσκειν
654 3744 818 3798 αὑτὸν
873 3744 941 3797 τὰ
998 3740 1232 3812 πονηρὰ,
1262 3742 1356 3795 καὶ
1402 3741 1558 3810 ἄγειν
1582 3741 1673 3793 ἐπὶ
1706 3740 1805 3804 τὰς
1832 3743 1925 3794 ἁν-

335 3838 675 3908 οσιουργίας,
710 3837 806 3889 καὶ
847 3836 1284 3905 ἀποθνήσκοντος
1333 3834 1561 3887 ἐνοικεῖν
1605 3832 1761 3894 αὖθις
1813 3834 1925 3895 τοῖς

332 3932 611 4001 λειψάνοις
646 3927 835 3994 αὑτοῦ,
871 3928 967 3981 καὶ
994 3926 1337 3998 παραμένειν
1359 3924 1437 3995 τῷ
1466 3924 1644 3993 τάφῳ,
1671 3927 1766 3979 καὶ
1794 3925 1924 3977 ἀνα·

338 4023 523 4094 μένειν
556 4024 655 4092 τὴν
678 4020 999 4085 ἀνάστασιν,
1024 4018 1115 4072 ἵνα
1140 4019 1238 4071 σὺν
1274 4016 1423 4086 αὐτῷ
1478 4016 1794 4084 κολασθείη,
1828 4016 1924 4069 καὶ

344 4115 468 4189 μηδ’
492 4118 548 4168 ἐν
571 4115 638 4185 τῇ
662 4112 882 4166 κολάσει
905 4110 1096 4164 τούτου
1127 4106 1526 4179 διαχωρίζοιτο.
1588 4107 1661 4158 Τὸ
1696 4108 1794 4175 μὲν
1833 4105 1925 4159 οὖν

338 4208 569 4262 ἐνοικεῖν
596 4206 815 4274 ἑκάστῳ
845 4204 954 4257 τῶν
978 4202 1075 4256 ἀνθ
1087 4201 1283 4273 ρώπων
1302 4202 1531 4271 δαίμονα
1556 4199 1664 4252 ἀπὸ
1688 4199 1789 4269 τῆς
1819 4200 1927 4251 τῶν

338 4299 706 4358 Μασαλιανῶν
737 4296 953 4367 ἔχουσιν
984 4295 1272 4365 αἱρέσεως,
1309 4294 1405 4345 καὶ
1446 4292 1682 4361 ζήτησον
1733 4293 1791 4344 ἐν
1848 4290 1925 4362 τῷ

340 4393 460 4450 κατ’
492 4391 718 4446 ἐκείνων
741 4387 907 4457 τίτλῳ
926 4386 986 4440 τὸ
1015 4392 1054 4439 ε’
1085 4384 1402 4452 κεφάλαιον,
1463 4384 1558 4435 καὶ⁸
1606 4384 1675 4435 τά
1726 4382 1928 4452 ἐφεξῆς

340 4484 508 4551 ὀκτὼ,
530 4484 625 4539 καὶ
657 4482 876 4553 μαθήσῃ
906 4478 1006 4548 τὴν
1040 4476 1269 4530 ἀτοπίαν
1316 4475 1411 4527 τοῦ
1459 4475 1750 4543 δόγματος.
1810 4475 1924 4543 Τῆς
1952 4521 2005 4581 D

342 4580 516 4651 ἀρχῆς
546 4577 603 4631 δὲ
624 4573 857 4646 ψευδοῦς
890 4568 1257 4640 ἐλεγχθείσης,
1283 4570 1379 4621 καὶ
1416 4566 1477 4619 τὸ
1501 4565 1653 4629 τέλος
1682 4566 1924 4618 τοιοῦτον

344 4669 855 4731 συναποδείκνυται,
883 4664 945 4718 τὸ
993 4662 1121 4733 περὶ
1154 4660 1264 4714 τῶν
1296 4658 1565 4728 λειψάνων
1618 4657 1781 4726 λέγω,
1836 4658 1931 4711 καὶ

339 4766 437 4833 τῆς
454 4763 511 4815 ἐν
539 4761 720 4824 αὐτοῖς
738 4758 1005 4827 οἰκήσεως
1021 4755 1129 4807 τῶν
1154 4752 1444 4822 δαιμόνων.
1471 4751 1580 4803 Καὶ
1605 4751 1726 4805 καθ’
1746 4751 1932 4820 ἕτερον

343 4858 402 4909 δὲ
434 4857 611 4923 λόγον,
645 4854 693 4906 εἰ
729 4849 1037 4919 παρέμενεν
1060 4845 1275 4912 ἑκάστῳ
1323 4844 1429 4896 τῶν
1458 4844 1769 4896 τεθνεώτων
1810 4843 1930 4895 δαί-

350 4967 466 5021 μων
500 4943 850 5016 ἐκδεχόμενος
878 4942 977 5009 τὴν
1008 4936 1325 4992 τελευταίαν
1348 4935 1665 4998 ἀνάστασιν,
1723 4934 1935 4989 ἐπέλει-

345 5042 453 5111 ulla»
511 5039 578 5094 ἂν
630 5038 681 5090 οἱ
730 5033 1005 5104 δαίμονες.
1043 5028 1175 5083 Ἀπὸ
1214 5030 1323 5098 γὰρ
1362 5026 1533 5095 Ἀδὰμ
1560 5027 1688 5097 ἄχρι
1715 5029 1808 5080 καὶ
1840 5027 1937 5080 νῦν

344 5131 614 5188 ἀπέθανον
655 5128 932 5197 ἄνθρωποι
964 5124 1223 5194 μυριάδες
1259 5120 1647 5189 ἀναρίθμητοι.
1700 5122 1827 5173 Ὀτι
1877 5121 1937 5172 δὲ

346 5226 410 5279 οὐ
445 5222 738 5292 φεύγουσιν
762 5218 868 5272 ἀπὸ
904 5216 1083 5287 μόνων
1106 5215 1211 5266 τῶν
1238 5211 1552 5281 Βογομίλων
1584 5211 1631 5261 οἰ
1661 5210 1935 5279 δαίμονες,

350 5316 487 5372 ἀλλὰ
517 5314 611 5369 καὶ
640 5313 983 5380 συνδιάγουσι
1050 5307 1271 5378 μᾶλλον,
1319 5306 1413 5357 καὶ
1467 5302 1939 5374 παρῤησιάζονται

352 5411 491 5481 πρὸς
521 5406 741 5467 αὐτοὺς,
773 5405 931 5473 δῆλον
968 5401 1077 5456 ἀπό
1104 5417 1165 5452 τε
1199 5398 1298 5467 τῆς
1349 5395 1517 5465 ἄλλης
1576 5395 1788 5467 πλάνης
1844 5397 1944 5449 αὑ-

349 5504 480 5569 τῶν,
513 5501 609 5553 καὶ
632 5501 725 5552 τοῦ
756 5496 1041 5565 φαίνεσθαι
1062 5493 1271 5555 τούτοις
1301 5492 1359 5544 ἐν
1378 5490 1477 5560 σχή
1489 5506 1620 5561 μασι
1643 5488 1939 5559 διαφόροις,

351 5597 448 5651 καὶ
477 5592 789 5648 ὑποκατιὼν
824 5590 1095 5659 εὑρήσεις.

425 5683 507 5740 ιδ’.
526 5680 979 5754 Ἀτιμάζουσιτὸν
993 5680 1133 5735 θεῖον
1154 5697 1287 5734 σταυ
1298 5678 1409 5749 ρον,
1428 5677 1502 5743 ὡς
1526 5677 1818 5751 ἀναιρέτην
1843 5676 1937 5731 τοῦ

427 5875 445 5924 ι
498 5875 780 5934 Joan.xu,
837 5867 925 5923 51.

2025 3283 2146 3324 cum
2180 3267 2309 3329 illis,
2346 3278 2443 3318 nec
2466 3276 2559 3316 eos
2597 3257 2890 3312 docebant.

2098 3471 2187 3535 i5,
2223 3467 2419 3521 Dicunt
2447 3458 2711 3530 Bogomili
2737 3457 3011 3510 daemones
3037 3461 3297 3517 tanquam
3325 3457 3489 3499 arcus
3523 3456 3620 3496 sa-

2026 3566 2215 3635 gittam
2251 3574 2279 3612 a
2309 3572 2368 3611 se
2399 3554 2534 3610 solis
2584 3551 2866 3615 aufngcre,
2905 3544 3150 3613 singulos
3179 3548 3358 3593 autem
3394 3534 3625 3603 reliquis

2029 3650 2339 3709 hominibus
2371 3642 2602 3713 singulis
2630 3639 2939 3694 inhabitare
2995 3642 3050 3686 et
3077 3629 3319 3684 facinora
3370 3625 3624 3688 educere,

2026 3759 2080 3804 et
2104 3746 2170 3800 ad
2194 3741 2396 3809 flagitia
2421 3747 2475 3793 et
2502 3735 2667 3805 impia
2697 3732 2838 3786 facta
2874 3726 3191 3796 perducere,
3228 3729 3283 3775 et
3317 3732 3439 3773 cum
3474 3729 3623 3768 mor-

2028 3840 2107 3896 tui
2131 3807 2357 3899 fuerint,
2390 3834 2444 3885 in
2480 3830 2726 3898 ipsorum
2760 3820 3004 3887 reliquiis
3033 3817 3295 3877 insidere,
3322 3818 3378 3866 et
3433 3807 3621 3876 sepul-

2026 3932 2135 3986 cris
2162 3927 2440 3988 assistere,
2467 3930 2633 3988 atque
2665 3909 3123 3969 resurrectionem
3169 3910 3512 3971 exspectare,
3562 3905 3621 3949 ut

2026 4038 2137 4079 una
2167 4033 2288 4074 cum
2317 4015 2423 4070 illis
2456 4013 2777 4082 puniantur,
2816 4020 2878 4058 ac
2908 4016 2974 4057 ne
3006 4002 3059 4055 in
3094 3996 3366 4067 supplicio
3392 3993 3614 4063 quidem

2027 4101 2608 4171 eosdeserere.'_Quod
2669 4102 2723 4153 in
2777 4092 3009 4163 singulis
3052 4088 3370 4145 hominibus
3422 4080 3626 4151 singuli

2029 4210 2303 4262 daemones
2331 4197 2643 4254 inhabitant
2665 4206 2732 4246 ex
2752 4185 3209 4242 Massalianorum
3236 4177 3432 4234 haeresi
3488 4174 3630 4229 didi-

2029 4307 2243 4357 cerunt.
2274 4292 2517 4361 Quatrito
2546 4288 2599 4342 in
2630 4297 2818 4341 eorum
2856 4278 3011 4335 titulo
3046 4275 3298 4346 quintum
3330 4279 3515 4340 caput,
3572 4277 3627 4320 et

2030 4404 2173 4454 octo,
2203 4403 2323 4459 quae
2348 4385 2606 4449 deinceps
2637 4381 3069 4444 consequuntur,
3090 4378 3147 4424 et
3198 4381 3360 4436 quam
3415 4363 3487 4417 sit
3533 4360 3632 4414 ab-

2031 4487 2198 4542 surda
2231 4482 2347 4535 haec
2376 4476 2584 4545 opinio.
2623 4469 2913 4537 intelliges.
2947 4463 3067 4517 Jam
3112 4475 3237 4517 cum
3294 4454 3626 4527 principium

2030 4577 2464 4630 demonstratum
2501 4563 2664 4618 fuerit
2699 4573 2819 4615 esse
2844 4554 3065 4618 falsum,
3094 4559 3150 4604 et
3172 4557 3480 4603 extremum
3507 4556 3635 4595 esse

2029 4666 2208 4721 simile
2240 4658 2573 4730 coarguitur,
2601 4670 2723 4709 cum
2748 4652 3025 4705 dzemones
3052 4643 3246 4697 dicunt
3276 4640 3330 4692 in
3381 4633 3633 4702 reliquiis

2030 4729 2389 4812 inhabitare.
2420 4750 2740 4814 Quanquam
2776 4742 2818 4795 si
2848 4740 3123 4794 daemones
3157 4729 3355 4799 singuli
3390 4729 3442 4781 in
3486 4738 3637 4778 mor-

2032 4850 2140 4904 tuis
2164 4845 2395 4914 singulis
2436 4840 2833 4902 inhabitarent,
2866 4843 2924 4889 et
2953 4841 3254 4887 extremam
3285 4827 3338 4880 in
3386 4824 3498 4879 illis
3543 4836 3635 4875 re-

2033 4935 2435 4993 surrectionem
2470 4937 2841 4989 morarentur,
2878 4923 3178 4977 deficerent
3209 4918 3507 4973 dmmones.
3553 4913 3635 4965 Ab

2035 5028 2210 5083 Adam
2242 5025 2386 5079 enim
2422 5023 2490 5077 ad
2522 5022 2626 5075 hoc
2651 5034 2825 5087 usque
2863 5028 3076 5084 tempus
3105 5010 3435 5066 interierunt
3463 5004 3631 5061 millia

2036 5122 2319 5177 hominum
2347 5111 2787 5172 innumerabilia.
2813 5109 2970 5175 Quod
2994 5114 3178 5161 autem
3212 5118 3243 5157 a
3292 5101 3422 5157 solis
3464 5098 3638 5166 Bogo—

2039 5215 2185 5269 milis
2215 5226 2319 5266 non
2342 5210 2549 5279 fugiant
2582 5206 2877 5269 daemones,
2931 5202 3027 5255 sed
3078 5213 3202 5253 cum
3260 5196 3367 5248 illis
3413 5195 3634 5260 degant,

2038 5306 2410 5373 audacterque
2429 5306 2737 5357 versentur,
2764 5294 3118 5365 perspicuum
3147 5290 3227 5352 fit,
3266 5295 3379 5341 lum
3412 5298 3477 5337 ex
3512 5279 3636 5334 aliis

2041 5400 2283 5469 ipsorum
2304 5393 2608 5454 erroribus,
2647 5400 2759 5443 tum
2785 5404 2850 5443 ex
2880 5402 2944 5441 eo
2976 5384 3117 5455 quod
3163 5381 3268 5435 illis
3324 5391 3423 5432 sua
3473 5373 3627 5428 varia

2044 5491 2229 5563 specie
2252 5500 2417 5561 atque
2439 5488 2614 5544 forma
2658 5498 2779 5541 sese
2818 5479 3143 5547 conspicuos
3192 5472 3457 5543 praebent.

2128 5672 2215 5729 M.
2241 5670 2472 5727 Crucem
2495 5667 2734 5725 divinam
2754 5658 3079 5731 despiciunt,
3104 5651 3249 5726 quod
3273 5651 3327 5706 in
3344 5663 3406 5705 ea
3430 5645 3631 5703 Serva-
