4132 6436
510 357 645 426 l3ll

1736 360 2120 425 EUTHYMII
2159 358 2522 422 ZIGABENI

3643 353 3785 422 1312

512 489 598 528 tor
657 473 941 538 occiderit,
1000 490 1122 531 cum
1152 476 1297 532 illam
1322 477 1501 547 potius
1546 479 1806 535 deberent
1832 481 2102 533 honorare

2225 478 2480 547 Σωτῆρος,
2504 478 2563 531 ὃν
2588 478 2696 532 ἔδει
2724 479 2922 550 μᾶλλον
2950 479 3136 550 τιμᾷν,
3167 478 3243 542 ὡς
3300 474 3634 546 καθαιρέτην
3692 475 3787 528 τοῦ

478 587 483 593 ~
515 575 778 634 tanquam
813 566 1014 622 diaboli
1038 568 1412 637 perditricem.
1434 569 1565 623 Cum
1589 571 1818 626 enituad
1850 571 1979 624 illud
2004 587 2098 624 ns-

514 675 619 726 que
656 670 869 727 tempus
898 657 1184 713 mortifera
1217 660 1517 726 exstiterit,
1556 678 1622 716 ex
1649 678 1714 716 eo
1764 661 1961 716 salutis
2015 663 2102 714 iu-

504 740 875 802 Astrumenlum
926 749 1116 803 effecta
1140 763 1222 804 est
1270 753 1715 813 augustissimum
1767 764 1821 808 et
1853 754 2104 807 hostibus

516 840 754 891 maxime
787 840 1209 903 formidandum,
1241 844 1440 911 quippe
1457 859 1577 911 qua:
1606 844 2103 913 Dominisanguine

514 943 569 983 et
600 946 739 999 aqua
765 946 1064 1000 conspersa
1100 942 1205 988 est.
1236 933 1341 987 Sed
1378 935 1477 988 hac
1507 936 1637 989 item
1671 939 1734 989 de
1761 937 1895 991 rein
1948 937 2104 992 titulo

516 1025 587 1077 ad
595 1040 769 1077 rei-sus
795 1023 1072 1077 Armenios
1091 1026 1292 1095 scripto
1311 1026 1512 1082 dictum
1527 1039 1629 1082 est.
1651 1027 1768 1083 Illic
1786 1039 1950 1099 caput
1966 1044 2111 1100 qua:-

518 1115 625 1169 rito
649 1123 902 1181 quartum
938 1114 1234 1169 decimum.

590 1206 679 1261 15.
702 1209 834 1259 Cum
863 1221 1050 1261 rursus
1073 1222 1138 1262 ex
1182 1207 1270 1262 illo
1293 1223 1445 1270 sene.
1473 1224 1632 1279 quem
1664 1210 1883 1264 harresis
1907 1211 2110 1280 princi-

521 1314 640 1367 pum
669 1299 1027 1361 ostendimus,
1046 1314 1369 1369 quaererem,
1395 1317 1496 1356 cur
1517 1317 1544 1355 a
1570 1302 1907 1357 daemonibus
1935 1303 2112 1357 vexati

521 1389 589 1441 ad
612 1403 829 1442 crucem
852 1399 1167 1452 accurrunt,
1188 1399 1241 1445 et
1260 1391 1652 1457 vociferantur,
1672 1393 1970 1462 respondit,
1989 1409 2114 1448 cru-

521 1495 638 1532 cvm
703 1489 761 1532 ut
793 1482 1069 1549 proprium
1102 1496 1236 1550 opus
1262 1484 1432 1537 altari
1465 1484 1819 1538 vehementer
1849 1499 1878 1537 a
1907 1485 2109 1539 daemo-

525 1569 703 1633 uibus,
729 1572 819 1640 qui
880 1571 932 1624 in
992 1572 1072 1626 eis
1129 1572 1461 1628 inhabitant.
1526 1574 1634 1644 Ipsi
1683 1574 1854 1640 enim,
1916 1575 2112 1644 inquit,

525 1659 670 1712 illam
729 1669 856 1714 tunc
884 1660 1285 1729 excogitarunt,
1317 1673 1377 1716 ut
1431 1664 1776 1718 Servatorem
1837 1680 1868 1720 e
1929 1665 2112 1721 medio

527 1749 795 1803 tollerent.
829 1751 1143 1818 Aliquando
1201 1762 1384 1808 autem
1416 1770 1536 1808 eam
1561 1771 1618 1810 se
1642 1755 1852 1828 ﬁngunt
1902 1755 2117 1812 afﬁcere

526 1841 878 1905 Contumelia,
906 1849 959 1896 et
985 1842 1127 1897 ultro
1182 1843 1326 1898 illam
1383 1844 1705 1917 fugiunt,‘ut
1759 1848 1811 1901 id
1861 1849 2114 1905 homines

525 1934 876 2004 aspicientes,
909 1950 1027 1989 eam
1064 1936 1236 2006 magis
1264 1936 1555 2003 honorent,
1595 1950 1850 2010 tanquam
1912 1942 2115 1997 daemo-

523 2040 657 2081 num
689 2025 965 2079 inimicam
999 2035 1050 2080 et
1080 2027 1460 2096 expultricem.
1493 2028 1709 2087 Veritas
1737 2042 1914 2088 autem
1970 2033 2112 2103 apud

525 2132 628 2170 nos
657 2117 800 2171 haud
846 2117 918 2171 ita
955 2132 1013 2172 se
1037 2117 1219 2174 habet.
1244 2117 1379 2173 Nam
1430 2121 1511 2174 vel
1547 2122 1698 2176 inviti
1758 2128 2048 2178 trahuntur
2083 2140 2112 2179 a

525 2206 706 2260 erucis
738 2207 961 2268 virtute,
987 2217 1041 2261 et
1072 2207 1349 2276 allatrant,
1385 2217 1444 2264 ut
1477 2211 1660 2267 rabies
1721 2212 1961 2280 ipsorum
2018 2230 2111 2268 os-

530 2297 805 2359 tendatur,
864 2297 1121 2354 Latratus
1179 2301 1348 2364 enim,
1386 2302 1745 2372 corporisque
1794 2306 2031 2371 vexatio,
2063 2316 2119 2360 et

526 2386 761 2457 gemitus
785 2402 975 2441 eorum
1002 2389 1095 2457 qui
1126 2403 1155 2442 a
1190 2388 1528 2445 daemonibus
1562 2393 1966 2461 opprimuntur,
2007 2407 2118 2450 tor-

526 2486 770 2535 mentum
828 2488 879 2534 et
901 2482 1179 2535 cruciatus
1218 2482 1525 2538 daemonum
1555 2484 1816 2551 indicant,
1844 2488 1937 2554 qui
1990 2503 2120 2544 cru-

528 2585 646 2626 cem
688 2580 746 2624 ut
773 2570 1045 2625 inimicam
1083 2572 1388 2642 despiciunt
1435 2583 1492 2629 et
1517 2576 1903 2645 expultricem.

599 2659 690 2719 16.
733 2660 1065 2733 Baptismum
1108 2674 1354 2720 nostrum
1385 2664 1609 2723 Joannis
1640 2671 1968 2740 baptismum
2000 2686 2122 2727 esse

531 2750 744 2819 dicunt,
790 2769 886 2822 per
918 2769 1116 2824 aquam
1147 2758 1289 2810 enim
1319 2756 1435 2813 ﬁeri
1460 2798 1474 2822 ,
1528 2774 1684 2812 suum
1721 2777 1848 2816 vero
1896 2762 2123 2827 CItriSti,

529 2858 629 2911 per
663 2842 927 2913 Spiritum
959 2847 1103 2900 enim
1140 2844 1278 2913 ﬁeri,
1336 2857 1394 2901 ut
1444 2850 1572 2917 ipsis
1622 2851 1860 2909 videtur.
1916 2852 2117 2919 Quam-

468 2934 473 2938 ’
530 2934 719 2993 ohretu
754 2935 812 2991 εἰ·
828 2938 950 3006 quis
977 2937 1041 2991 ad
1074 2937 1221 3006 ipsos
1274 2939 1540 3011 confugit,
1600 2957 1725 2996 eum
1758 2943 2121 3013 rebaptizant.

534 3026 615 3080 Ac
660 3027 897 3096 primum
953 3029 1174 3100 quidem
1242 3031 1318 3087 illi
1366 3039 1585 3102 tempus
1635 3037 1998 3105 praescribunt
2058 3040 2123 3094 ad

530 3117 954 3184 confessionem,
983 3130 1037 3178 et
1072 3123 1544 3194 expurgatiouem,
1570 3135 1624 3180 et
1647 3127 1960 3182 continuam
1993 3144 2118 3199 pre—

531 3207 825 3264 cationem.
864 3210 1071 3267 Deinde
1099 3211 1342 3269 Joannis
1372 3215 1723 3287 Evangelium
1780 3220 1943 3287 capiti
2002 3221 2122 3290 ejus

533 3301 842 3367 imponunt,
873 3310 929 3357 et
971 3303 1220 3372 spiritum
1258 3314 1509 3359 sanctum
1548 3323 1707 3362 suum
1749 3308 2032 3376 invocant,
2070 3318 2124 3366 et

534 3387 706 3443 Pater
729 3402 906 3445 noster
956 3408 1181 3450 canunt.
1213 3398 1281 3451 Et
1312 3408 1431 3469 post
1473 3399 1803 3465 baptismum
1851 3403 2124 3473 ejusmodi

537 3495 751 3552 tempus
791 3482 987 3538 iterum
1027 3488 1313 3556 assignant
1335 3489 1402 3543 ad
1430 3491 1830 3547 accuratiorem
1891 3494 2120 3549 institu—

536 3574 764 3643 tionem,
800 3577 1350 3651 temperatioremque
1377 3582 1566 3649 vitam,
1593 3591 1647 3638 et
1678 3584 1952 3653 puriorem
2001 3599 2128 3651 pre-

544 3669 844 3723 cationem.
896 3669 1102 3726 Deinde
1152 3675 1520 3729 testimonium
1568 3675 1838 3745 exigunt,
1888 3691 1955 3731 an
2012 3677 2129 3735 haec

538 3759 864 3815 observarit.
917 3760 1074 3828 Quod
1098 3761 1145 3817 si
1214 3764 1316 3818 viri
1368 3763 1737 3835 mulieresque
1785 3765 2125 3833 alﬁrmarint,

539 3850 747 3906 ducunt
782 3866 905 3906 eum
929 3853 997 3907 ad
1023 3852 1379 3909 celebriorem
1435 3855 1796 3911 initiatiouem
1830 3872 1847 3913 :
1879 3866 2131 3913 statuunt

539 3942 686 3996 enim
717 3944 977 3997 miserum
1010 3944 1079 3999 ad
1112 3945 1378 4000 orientem
1417 3948 1607 4014 solem,
1646 3957 1701 4003 et
1735 3949 1902 4017 impio
1956 3950 2131 4019 ipsius

540 4034 702 4102 capiti
759 4049 950 4103 rursus
1002 4033 1358 4106 Evangelium
1406 4038 1713 4107 imponunt,
1779 4050 1831 4095 et
1877 4041 2133 4111 profanas

541 4140 735 4182 manus
754 4126 1015 4183 adhibent
1051 4143 1200 4192 suas,
1245 4129 1339 4199 qui
1397 4131 1598 4186 adsunt
1628 4132 1730 4187 viri
1782 4144 1947 4201 atque
1977 4132 2134 4188 femi-

539 4231 644 4279 nze,
692 4228 747 4270 et
788 4232 980 4286 preces
1030 4218 1275 4274 nefarias
1340 4231 1567 4287 canunt,
1634 4223 1686 4276 id
1716 4232 1801 4277 est
1841 4225 2127 4294 hymnum,

540 4322 647 4374 quo
681 4308 883 4378 gratias
907 4316 1097 4378 agunt,
1132 4309 1277 4378 quod
1304 4309 1555 4366 traditam
1576 4312 1915 4382 impietatem
1942 4316 2134 4371 obser-

542 4400 703 4454 rarit.
728 4399 907 4468 Atque
932 4401 1005 4456 ita
1048 4400 1295 4471 initiant,
1315 4415 1478 4476 atque
1499 4406 1816 4475 perﬁciunt,
1852 4407 1964 4462 imo
1985 4424 2120 4464 vero

2204 570 2475 626 διαόόλου.
2528 573 2705 641 Μέχρι
2778 572 2888 640 γὰρ
2945 572 3064 624 τότε
3114 569 3494 642 θανατηφόρον
3556 566 3791 638 ὄργανον

2206 663 2582 732 χρηματίζων,
2605 663 2788 717 ἔκτοτε
2816 663 3102 732 ζωηφόρον
3127 663 3289 716 ὅπλον
3340 661 3582 728 ἐγένετο,
3636 660 3793 729 βασι-

2210 751 2513 807 λικὼτατὸν
2545 771 2604 807 τε
2638 756 2728 806 καὶ
2760 754 3141 823 φοϐερώτατον
3170 755 3282 814 τοῖς
3313 752 3546 822 ἐχθροῖς,
3577 749 3670 803 ἆτε
3712 749 3792 818 τῷ

2207 846 2524 917 Δεσποτικῷ
2541 847 2731 917 αἵματι
2749 848 2842 900 καὶ
2860 846 3012 899 ὕδατι
3028 844 3534 916 καταρῤσντισ3είς.
3560 842 3793 911 Εἴρηται

2209 935 2266 988 δέ
2285 937 2409 1005 περὶ
2430 938 2620 990 τούτου
2652 939 2746 989 καὶ
2772 940 2827 989 ἐν
2850 936 2929 1007 τῷ
2944 940 3095 990 κατὰ
3122 935 3241 988 τῶν
3266 932 3792 1003 Ἀρμενίωντίτλῳ,

2210 1028 2306 1079 καὶ
2335 1024 2594 1096 ζητητέον
2625 1029 2741 1081 ἐκεῖ
2770 1026 3067 1096 κεφάλαιον
3099 1025 3181 1079 ιδ’.

2288 1213 2369 1261 ιε’.
2388 1207 2712 1277 Ἐρωτηθεὶς
2736 1204 2891 1266 αὖθις
2916 1203 3042 1272 παρ’
3062 1202 3219 1273 ἡμῶν
3241 1204 3267 1255 ὁ
3285 1199 3542 1270 δηλωθεὶς
3569 1197 3796 1266 ἔξαρχος

2213 1300 2311 1368 τῆς
2368 1299 2656 1369 αἱρέσεως,
2718 1297 2843 1358 Πῶς
2893 1296 2942 1347 oi
2974 1294 3335 1364 δαιμονῶντες
3399 1290 3800 1362 προστρέχουσι

2215 1390 2293 1461 τῷ
2325 1389 2573 1459 Σταυρῷ,
2607 1389 2702 1456 καὶ
2730 1385 3165 1439 καθυλακτοῦσιν
3195 1402 3209 1450 ;
3242 1382 3599 1452 ἀπεκρίνατο,
3632 1380 3803 1447 φιλεῖ-

2218 1481 2342 1534 σθαι
2374 1480 2608 1549 μάλιστα
2632 1476 2724 1530 τὸν
2758 1474 2995 1544 σταυρὸν
3026 1474 3131 1526 ὑπὸ
3157 1472 3265 1525 τῶν
3296 1471 3653 1524 ἐνοικούντων
3702 1469 3802 1522 αύ-

2216 1574 2328 1634 τοῖς
2359 1570 2648 1639 δαιμόνων,
2684 1570 2758 1632 ὡς
2791 1569 2988 1621 οἰκεῖον
3020 1565 3202 1636 ἔργον.
3253 1563 3422 1616 Αὐτοὶ
3460 1563 3591 1633 γὰρ,
3643 1561 3801 1632 φησὶ,

2218 1662 2411 1715 τοῦτον
2448 1660 2858 1715 κατεσκεύασαν
2910 1661 2990 1721 είς
3043 1657 3325 1727 ἀναίρεσιν
3383 1654 3480 1707 τοῦ
3526 1653 3799 1724 Σωτῆρος.

2226 1753 2381 1805 Ἐστι
2427 1750 2472 1804 δ’
2527 1751 2613 1804 ὅτε
2663 1736 2759 1803 καλ
2793 1746 3144 1817 καθυὸρίζειν
3171 1745 3360 1800 τοῦτον
3395 1747 3454 1797 ἐν
3488 1745 3802 1813 ὑποκρίσει,

2219 1848 2316 1899 καὶ
2345 1845 2570 1911 φεύγειν
2602 1843 2764 1895 αὑτὸν
2786 1841 3045 1904 πολλάκις
3076 1839 3362 1902 ἑκουσίως,
3398 1838 3486 1889 ἵνα
3514 1837 3802 1905 βλέποντες

2217 1938 2267 1989 οἱ
2320 1937 2597 2005 ἄνθρωποι
2622 1933 2823 2003 τιμῶσι
2891 1932 3090 2002 μᾶλλον
3150 1930 3334 1995 αὐτὸν,
3380 1929 3457 1992 ὡς
3486 1927 3679 1998 ἐχθρὸν
3706 1929 3806 1979 καὶ

2218 2029 2452 2096 διώκτην
2473 2027 2582 2079 τῶν
2612 2025 2924 2095 δαιμονίων.
2954 2023 3108 2094 Ἔχει
3130 2022 3185 2075 δὲ
3224 2021 3353 2090 παρ’
3377 2022 3511 2089 ἡμῖν
3538 2020 3637 2088 οὐχ
3660 2016 3807 2071 οὕτω

2217 2121 2278 2173 τὸ
2314 2120 2533 2188 ἀληθές.
2560 2117 2856 2171 Ἔλκεσθαι
2886 2116 2985 2185 μὲν
3025 2114 3133 2186 γὰρ
3174 2112 3267 2166 καὶ
3306 2111 3538 2173 ἄκοντας
3569 2111 3673 2163 ὑπὸ
3703 2110 3806 2177 τῆς

2218 2209 2312 2263 τοῦ
2338 2208 2582 2282 Σταυροῦ
2609 2207 2913 2277 δυνάμεως,
2958 2209 3053 2260 καὶ
3103 2205 3192 2259 ἵνα
3258 2200 3678 2275 βασανίζωνται.
3739 2201 3806 2253 'll

2220 2302 2330 2372 γὰρ
2382 2300 2557 2373 ὑλακὴ
2606 2301 2700 2353 καὶ
2764 2299 2820 2353 αἱ
2859 2296 3221 2369 στρεϐλώσεις
3266 2295 3362 2349 τοῦ
3418 2293 3667 2364 σώματος
3698 2293 3807 2345 τῶν

2221 2393 2704 2463 δαιμονιζομένων,
2741 2391 2834 2445 καὶ⁸
2855 2392 2904 2443 οἱ
2936 2391 3216 2459 τιναγμοὶ,
3241 2386 3540 2458 τεκμήριόν
3576 2387 3682 2437 είσι
3708 2385 3807 2453 τῆς

2224 2483 2460 2555 βασάνου
2491 2482 2601 2535 τῶν
2626 2479 2919 2551 δαιμόνων.
2957 2477 3275 2549 ’Υὸρίζσυσι
3299 2475 3356 2530 δέ
3386 2474 3568 2541 αὑτὸν,
3602 2475 3678 2539 ὡς
3720 2476 3812 2544 ἐχ-

2225 2576 2375 2648 θρὸν,
2418 2574 2514 2627 καὶ
2544 2572 2842 2641 φεύγουσιν
2873 2572 2946 2634 ὡς
2972 2569 3231 2639 διώκτην.

2298 2673 2398 2730 ις’.
2418 2665 2490 2719 Τὸ
2516 2665 2613 2735 μὲν
2635 2663 2763 2735 παρ’
2788 2665 2915 2735 ἡμῖν
2945 2662 3227 2733 βάπτισμα
3244 2660 3336 2714 τοῦ
3353 2660 3596 2714 Ἰωάννου
3615 2657 3810 2724 λέγου-

2228 2776 2334 2823 σιν,
2360 2759 2435 2822 ὡς
2471 2757 2538 2811 δι’
2564 2756 2755 2819 ὕδατος
2781 2754 3221 2823 ἐπιτελούμενον,
3258 2752 3319 2805 τὸ
3346 2752 3400 2805 δέ
3442 2749 3573 2820 παρ’
3626 2749 3811 2811 αὐτοῖς

2226 2851 2319 2905 τοῦ
2354 2849 2587 2921 Χριστοῦ
2616 2848 2704 2901 διὰ
2727 2846 3065 2915 Πνεύματος,
3097 2844 3173 2906 ὡς
3207 2844 3356 2896 δοκεῖ
3380 2843 3585 2907 αὐτοῖς,
3621 2839 3811 2892 τελού-

2232 2958 2410 3011 μενον.
2448 2940 2539 2992 At?)
2571 2938 2665 2992 καὶ
2696 2937 2786 2991 τὸν
2816 2934 3256 3007 προσερχόμενον
3295 2934 3475 2995 αὐτοῖς
3512 2931 3815 2985 άναδαπτί-

2230 3032 2422 3097 ζουσι,
2491 3030 2683 3100 πρῶτα
2726 3028 2824 3097 μὲν
2876 3023 3226 3095 ἀφορίζοντες
3276 3021 3425 3091 αύτῷ
3495 3020 3687 3089 καιρῦν
3731 3021 3816 3081 εἰς

2230 3122 2637 3191 ἐξομολόγησιν,
2666 3120 2761 3172 καὶ
2785 3117 3028 3186 ἁγνείαν,
3068 3116 3163 3167 καὶ
3197 3114 3447 3167 σύντονον
3473 3112 3811 3183 προσευχὴν,

2226 3209 2348 3267 εἶτα
2384 3216 2448 3283 τῇ
2474 3212 2683 3283 κεφαλῇ
2714 3210 2879 3265 αὑτοῦ
2907 3209 2967 3263 τὸ
2989 3206 3134 3261 κατὰ
3180 3205 3441 3276 Ἰωάννην
3478 3204 3815 3273 Εὑαγγέλιον

2226 3305 2584 3368 ἐπιτιθέντες,
2612 3304 2709 3357 καὶ
2738 3303 2797 3355 τδ
2826 3300 2959 3370 παρ’
2988 3300 3173 3363 αὐτοῖς
3212 3298 3366 3366 ἅγιον
3418 3295 3639 3367 Πνεῦμα
3688 3300 3817 3348 ἐπι-

2227 3400 2577 3468 καλούμενοι,
2599 3397 2694 3449 καὶ
2722 3395 2805 3461 τὸ,
2829 3395 3013 3464 Πάτερ
3033 3392 3214 3463 ἡμῶν,
3237 3391 3550 3463 ἐπᾴδοντες.
3578 3390 3731 3444 Μετὰ
3756 3389 3815 3442 δὲ

2227 3489 2289 3543 τὸ
2328 3487 2566 3541 τοιοῦτον
2624 3483 2911 3556 βάπτισμα
2961 3474 3177 3555 καιρὸν
3213 3478 3369 3544 αὖθις
3406 3479 3816 3551 ἀποκληροῦσιν

2228 3583 2307 3645 είς
2337 3578 2734 3650 ἀκριϐεστέραν
2762 3578 3009 3646 ἀγωγὴν,
3069 3576 3165 3629 καὶ
3219 3574 3495 3629 πολιτείαν
3553 3574 3823 3644 ἐγκρατε-

2232 3677 2453 3747 στέραν,
2489 3676 2582 3729 καὶ
2619 3673 3014 3745 καθαρωτέραν
3050 3670 3384 3743 προσευχὴν,
3434 3664 3555 3722 εἶτα
3609 3686 3817 3738 μαρτυ-

2232 3770 2358 3839 ρίαν
2402 3767 2747 3831 ἀπαιτοῦσιν,
2785 3767 2833 3818 εί
2871 3761 3102 3833 ἐφύλαξε
3179 3762 3379 3830 πάντα,
3409 3763 3458 3814 εἰ
3506 3760 3820 3822 σπουδαίοις

2231 3860 2613 3930 διηγωνίσατο,
2644 3857 2742 3910 καὶ
2784 3853 3215 3931 μαρτυρούντων⁹
3247 3852 3477 3923 ἀνδρῶν,
3529 3852 3664 3921 ὁμοῦ
3723 3854 3820 3905 καὶ

2233 3952 2510 4022 γυναικῶν
2535 3950 2763 4019 ἄγουσιν
2800 3949 2962 4003 αὑτὸν
2993 3947 3087 3999 ἐπὶ
3134 3946 3234 4015 τὴν
3275 3944 3681 4017 θρυλλουμένην
3731 3963 3821 3998 τε-

2233 4046 2469 4108 λείωσιν,
2525 4043 2620 4098 καὶ
2661 4044 2960 4113 στήσαντες
3011 4041 3103 4094 τὸν
3136 4039 3318 4095 ἄθλιον
3373 4041 3514 4094 κατὰ
3552 4042 3821 4104 ἀνατολὰς

2234 4138 2567 4191 ἐπιτιθέασιν
2588 4135 2742 4201 αὖθις
2775 4138 2841 4208 τῇ
2870 4136 3041 4207 μιαρᾷ
3068 4133 3256 4188 τούτου
3286 4133 3497 4206 κεφαλῇ
3526 4133 3585 4186 τὸ
3642 4134 3824 4201 Εὐαγ-

2235 4229 2435 4296 γέλιον,
2475 4229 2567 4280 καὶ
2598 4228 2695 4292 τὰς
2727 4229 2941 4297 ἐναγεῖς
2976 4229 3157 4283 αὐτῶν
3200 4227 3491 4300 ἐπέχοντες
3526 4228 3713 4297 χεῖρας
3767 4228 3817 4278 οἱ

2237 4320 2643 4391 παρατυχόντες
2672 4319 2865 4389 ἄνδρες
2885 4321 2981 4375 καὶ
3004 4321 3259 4390 γυναῖκες
3292 4320 3390 4389 τὴν
3420 4320 3635 4373 ἀνόσιον
3685 4319 3823 4389 ἐπᾲ-

2236 4413 2385 4467 δουσι
2419 4412 2668 4483 τελετήν.
2701 4410 2851 4482 Αὕτη
2902 4412 2959 4466 δέ
2980 4416 3130 4467 ἐστιν
3161 4413 3581 4484 εὐχαριστήριος
3628 4409 3822 4479 ὕμνος,

540 4490 836 4546 coniiciunt
905 4500 962 4547 et
1043 4493 1401 4567 submergunt
1476 4512 1599 4551 eum
1633 4536 1650 4562 ,
1720 4501 1812 4569 qui
1862 4501 2120 4569 profundo

2234 4503 2316 4556 ὅτι
2336 4500 2624 4570 διεφύλαξε
2655 4501 2756 4572 τὴν
2780 4502 3227 4573 παραδεδομένην
3255 4500 3532 4556 άσέὄειαν.
3567 4501 3673 4553 Καὶ
3729 4499 3827 4552 οῦς-

539 4583 734 4654 dignus
765 4594 849 4638 est
879 4593 1086 4641 tartaro
1114 4597 1279 4656 atque
1324 4588 1570 4647 interitu.
1622 4587 1903 4647 'Siuoster
1958 4594 2120 4662 igitur

2225 4610 2304 4648 τω
2334 4593 2564 4660 τελοῦσι,
2597 4592 2797 4664 μᾶλλον
2828 4593 2885 4646 δέ
2919 4592 3259 4657 συντελοῦσι,
3318 4594 3416 4646 καὶ
3473 4592 3816 4646 καταποντί-

540 4674 845 4744 haptismus
873 4691 1013 4746 aqua
1036 4678 1212 4733 solum
1244 4691 1621 4749 perageretur,
1678 4679 1910 4735 Joamiis
1968 4683 2127 4736 nimi-

540 4781 661 4819 rum
694 4776 859 4823 esset.
906 4768 1061 4825 Nunc
1117 4778 1302 4824 autem
1363 4786 1487 4825 cum
1539 4786 1679 4841 aqua
1735 4781 2025 4844 peragatur
2074 4783 2130 4826 et

2227 4687 2379 4750 ζουσι
2401 4684 2495 4737 τὸν
2526 4683 2690 4755 βυθοῦ
2747 4685 2840 4737 καὶ
2870 4683 3172 4754 διαφθορᾶς
3203 4683 3447 4747 ἐπάξιον.
3501 4683 3564 4736 Ei
3591 4684 3692 4753 μὲν
3725 4679 3822 4737 οῦν

2227 4776 2380 4831 ὕδατι
2417 4778 2564 4848 μόνῳ
2590 4776 2652 4829 τὸ
2700 4776 2824 4830 καθ’
2874 4775 3019 4847 ἡμᾶς
3053 4776 3288 4830 ἐτελεῖτο
3322 4775 3631 4847 βάπτισμα,
3658 4771 3728 4848 ἦν
3751 4777 3820 4830 ἂν

545 4856 773 4925 Spiritu,
799 4862 1257 4930 quemadmodum
1295 4862 1559 4918 Dominus
1579 4864 1762 4919 docuit
1801 4884 1816 4919 :
1855 4865 1978 4918 Nisi
2007 4867 2120 4931 quit

2225 4864 2368 4920 οὕτω
2397 4865 2492 4919 τοῦ
2529 4865 2776 4919 Ἰωάννου
2808 4866 2867 4919 τὸ
2890 4867 3163 4937 ἡμέτερον
3214 4865 3498 4935 βάπτισμα
3528 4880 3542 4895 ·
3593 4867 3715 4918 ἐπεὶ
3758 4866 3817 4919 δὲ

546 4951 841 5018 baptizatus
898 4955 1089 5025 fuerit,
1151 4957 1425 5027 inquiens,
1484 4974 1551 5012 ea:
1602 4975 1741 5026 aqua
1801 4971 1849 5012 et
1912 4958 2124 5029 Spiritu

476 5056 481 5061 ‘
544 5052 749 5103 sancta,
777 5046 1116 5101 nonintrabit
1139 5049 1192 5103 in
1210 5066 1427 5119 regnum
1447 5050 1592 5115 Dei‘,
1612 5055 1882 5106 incassmn
1906 5054 2127 5107 latrant.

544 5133 746 5189 Verum
782 5138 846 5190 de
873 5138 1143 5206 baptismo
1185 5156 1403 5212 quoque
1455 5143 1661 5198 dictum
1729 5142 1891 5198 estin
1948 5143 2128 5212 titulo,

545 5242 706 5298 quem
764 5226 1031 5284 Adversus
1054 5229 1400 5288 Paulicianos
1432 5235 1882 5305 conscripsimus,
1919 5243 1976 5290 et
2008 5235 2133 5292 inde

545 5310 716 5387 petito
744 5321 945 5389 capita,
969 5333 1091 5390 quae
1122 5320 1188 5374 ad
1220 5335 1334 5376 rem
1368 5324 1662 5392 pertinent.
1722 5324 1915 5380 Noster
1965 5327 2131 5397 Igitur

551 5411 876 5480 baptismus,
909 5419 968 5467 ut
992 5411 1257 5468 DOminus
1286 5412 1494 5479 docuit,
1527 5429 1623 5482 per
1650 5430 1843 5484 aquam
1876 5425 1929 5472 et
1953 5416 2127 5487 Spiri-

552 5511 662 5557 tum
690 5512 940 5558 sanctum
960 5504 1271 5575 perﬁcitur.
1302 5503 1614 5575 Baptismus
1658 5516 1842 5562 autem
1896 5510 2126 5566 istorum

550 5597 693 5651 unde
724 5608 973 5665 sumptus
998 5599 1091 5663 sit,
1119 5598 1220 5670 ipsi
1251 5600 1461 5670 dicant;
1487 5600 1539 5656 in
1573 5600 1721 5656 nullo
1742 5603 1887 5657 enim
1919 5615 2125 5676 septem

626 5796 643 5828 ¹
693 5794 852 5850 Joan.
895 5808 979 5861 tu,
1009 5794 1065 5850 5.

2232 4960 2328 5029 οὐχ
2363 4958 2516 5013 ὕδατι
2546 4960 2726 5029 μόνον,
2750 4959 2886 5012 ἀλλὰ
2913 4960 3008 5013 καὶ
3033 4960 3174 5028 ἁγίῳ
3204 4959 3480 5029 Πνεύματι
3510 4959 3817 5026 τελεσιουρο

2233 5052 2924 5124 γεῖται,καθὼςόΚύριος
2984 5052 3225 5120 ἐδίδαξεν
3283 5054 3476 5117 εἰπὼν,
3544 5054 3686 5106 Ἐάν
3732 5055 3818 5124 μή

2233 5161 2321 5211 τις
2350 5142 2615 5214 γεννηθῇ
2655 5142 2730 5196 δι’
2772 5142 2991 5208 ὓδατος
3025 5143 3123 5195 καί
3173 5142 3544 5211 Ηνεύματος,
3606 5144 3679 5196 οὐ
3728 5142 3816 5211 μὴ

2233 5238 2481 5306 εισέλθῃ
2539 5237 2628 5302 εις
2687 5232 2805 5303 τὴν
2858 5233 3196 5298 ,ϐασιλειαν
3246 5234 3354 5289 τοῦ
3410 5234 3579 5301 θεοῦ,
3637 5236 3820 5305 μάτην

2236 5324 2579 5379 ὑλακτοῦσιν.
2616 5321 2843 5394 Εἴρηται
2872 5324 2981 5395 γὰρ
3013 5324 3107 5376 καὶ
3136 5326 3195 5375 ἐν
3227 5323 3304 5393 τῷ
3332 5325 3483 5379 κατὰ
3510 5324 3631 5378 τῶν
3655 5328 3817 5379 Παυ-

2232 5417 2524 5473 λικιάνων
2553 5415 2715 5485 τίτλῳ
2742 5416 2872 5487 περὶ
2907 5415 3001 5469 τοῦ
3025 5415 3182 5484 ἁγίου
3215 5415 3594 5487 βαπτίσματος
3654 5420 3821 5487 ἀκρι-

2235 5508 2513 5580 ὅέστερον,
2539 5507 2634 5561 καὶ
2653 5506 2888 5580 ζήτησον
2916 5507 3034 5560 ἐκεῖ
3058 5508 3124 5561 τὰ
3153 5508 3283 5579 περὶ
3311 5507 3503 5561 τούτου
3520 5508 3817 5576 κεφάλαια.

2246 5604 2412 5661 Ἀλλά
2440 5604 2500 5657 τὸ
2533 5602 2634 5674 μὲν
2663 5602 2934 5674 ἡμέτερον
2989 5601 3275 5673 βάπτισμα
3338 5601 3482 5655 κατά
3524 5599 3583 5653 τὸ
3650 5600 3821 5669 ῥηθὲν
