4132 6428
323 343 460 407 1313
1257 354 1630 403 l’ANUl’LlA
1679 353 1911 404 mutili-ti

2012 351 2136 406 ΕΑ.
2172 371 2242 384 -··
2273 353 2418 408 'l'l'l'.
2464 355 2710 410 XXVII.
3463 357 3597 420 1314

315 461 422 513 ὑπὸ
448 457 541 512 τοῦ
570 455 778 527 Κυρίου
809 455 875 506 δι’
930 454 1121 516 ὓδατος
1167 454 1378 522 γίνεται
1421 457 1515 508 καὶ
1554 456 1711 524 ἁγίου
1741 456 1910 509 lived.

2013 457 2308 520 librorum,
2375 474 2516 527 quos
2577 459 2811 525 probant
2883 463 3176 530 repetitur.
3235 463 3598 530 Quamobrem

318 567 508 620 ματος,
535 548 597 600 τὸ
637 526 694 599 δὲ
723 544 857 615 παρ’
879 544 1106 597 ἐκείνων
1134 545 1298 597 πόθεν
1332 546 1626 617 παρεδόθη,
1653 545 1911 610 δειξάτωο

2019 549 2172 604 illum
2209 567 2237 602 ιι
2269 551 2608 603 ιίιιξιιιιιιιίίιιιδ
2674 550 2933 604 didicisse
2994 554 3337 622 perspicuum
3385 569 3487 623 est,
3542 569 3600 614 ut

312 658 436 695 σαν.
477 642 581 694 νἘν
611 639 742 708 ποίᾳ
767 637 876 688 τῶν
915 636 1124 690 δεκτῶν
1166 638 1350 699 αὐτοῖς
1374 637 1515 690 ἑπτὰ
1544 637 1744 707 βίϐλων
1774 640 1905 710 περὶ

2013 657 2146 697 vero
2179 643 2478 709 divinoque
2506 642 2780 709 baptismo
2809 642 3203 709 spoliarentur.

311 734 504 789 τούτου
535 737 847 804 γέγραπται
871 751 884 798 ;
912 732 1176 786 Λείπεται
1231 726 1323 784 οὖν
1354 730 1459 782 ὑπὸ
1492 730 1600 783 τῶν
1633 731 1901 802 δαιμόνων
1939 733 2101 786 τοῦτο
2162 734 2356 802 μαθεῖν
2385 735 2604 797 αὐτοὺς,
2673 735 2760 789 ῐνα
2807 739 3136 806 γυμνωθῶσι
3178 740 3276 793 τοῦ
3338 739 3596 815 ἀληθινοῦ

313 832 405 882 καὶ
441 829 586 880 θείου
623 828 1021 898 βαπτίσματος.

393 922 478 986 ιζ’.
515 922 988 992 Ἁτιμάζουσι-τὴν
1021 924 1289 994 μυστικὴν
1307 924 1400 976 καὶ
1427 924 1661 993 φρικτὴν
1689 925 1900 994 ἱερουρ-

315 1014 462 1082 γίαν,
492 1014 587 1066 καὶ
615 1014 715 1083 τὴν
743 1013 840 1066 τοῦ
873 1013 1206 1068 Δεσποτικοῦ
1237 1016 1488 1084 σώματος
1538 1017 1633 1068 καὶ
1666 1015 1900 1084 αἵματος

311 1107 475 1172 ἁγίαν
503 1106 830 1174 μετάληψιν,
857 1104 1050 1159 θυσίαν
1081 1107 1190 1158 τῶν
1221 1105 1581 1159 ἐνοικούντων
1602 1107 1714 1167 τοῖς
1753 1106 1902 1165 ναοῖς

312 1199 586 1266 δαιμόνων
613 1197 819 1267 ταύτην
849 1197 1270 1259 ἀποκαλοῦντες.
1311 1198 1374 1248 Ὠ
1402 1196 1615 1266 μιαρῶν
1645 1196 1900 1265 χειλέωνι

314 1289 358 1340 ὢ
384 1285 638 1356 γλώσσης
692 1287 1071 1358 μιαρωτέραςί
1112 1287 1221 1340 Καὶ
1282 1287 1588 1359 παριστῶσι
1652 1286 1906 1355 μάρτυρα

313 1381 405 1433 τὸν
431 1381 718 1449 προφήτην
757 1379 987 1431 Ἡσαΐαν
1010 1379 1260 1446 λέγοντα,
1297 1381 1362 1431 Ol
1392 1376 1802 1444 ἐτοιμάζοντες
1833 1374 1910 1442 τῇ

316 1473 468 1541 τύχῃ
500 1490 558 1539 τί
573 1471 816 1536 άπεζαν,
846 1471 944 1525 καί
987 1472 1373 1538 πληροῦντες
1406 1469 1486 1535 τῷ
1516 1470 1755 1538 δαίμονι
1813 1467 1910 1522 κέ-

308 1580 539 1632 ρασμα,
579 1566 651 1633 μὴ
688 1564 961 1622 συνιέντες
989 1565 1039 1617 οἱ
1071 1563 1456 1634 παραπλῆγες,
1483 1564 1566 1615 ὅτι
1603 1561 1742 1632 πρὸς
1781 1561 1908 1622 τοὺς

317 1656 838 1725 είδωλολατροῦντας
898 1659 925 1708 6
983 1657 1162 1724 λόγος.
1222 1655 1296 1708 Τὸ
1335 1657 1394 1707 δὲ
1464 1655 1724 1724 μυστικὴν
1775 1654 1904 1722 παρ’

2073 923 2159 976 17.
2194 920 2499 990 Mysticum,
2543 921 2914 978 venerandum
2952 926 3282 980 sacriﬁcium
3347 938 3597 983 contem-

2012 1023 2149 1068 nunt
2167 1024 2331 1080 atque
2349 1013 2676 1082 despiciunt.
2701 1015 2762 1069 Et
2778 1027 3020 1070 sant-tam
3035 1018 3281 1085 corporis
3295 1029 3346 1072 et
3367 1035 3596 1087 sangui-

2002 1109 2086 1161 nis
2110 1107 2320 1160 Domini
2342 1109 2808 1172 communionem,
2834 1109 3160 1171 daemonum.
3179 1111 3271 1177 qui
3295 1111 3346 1164 iu
3379 1113 3596 1180 templis

2002 1199 2266 1258 habitant.
2296 1200 2626 1254 sacriﬁcium
2689 1201 2985 1271 appellant.
3025 1202 3071 1257 Ο
3119 1203 3281 1272 impia
3336 1204 3510 1268 labra,
3563 1222 3596 1258 ιι

2005 1293 2216 1362 linguas
2247 1294 2647 1348 exsecraudasl
2687 1293 2841 1348 Isaia:
2865 1295 3141 1364 prophetae
3184 1295 3248 1348 ad
3313 1297 3413 1348 hoc
3469 1313 3594 1363 pro-

2010 1385 2250 1439 bandum
2283 1383 2514 1438 afferunt
2548 1386 2942 1452 testimonium,
2973 1385 3205 1440 dicentis
3239 1404 3252 1441 :
3283 1387 3387 1452 Qui
3436 1403 3597 1455 para—

2005 1484 2444 1529 eeruntmemam
2478 1474 2731 1544 fortuna,
2759 1485 2808 1532 et
2848 1476 3076 1529 dannom'
3106 1478 3348 1544 poculum
3409 1480 3597 1547 imp.'e-

2005 1579 2190 1622 verum
2216 1569 2255 1622 ¹.
2290 1567 2736 1638 Nec'intelligunt
2779 1569 3030 1622 homines
3072 1570 3219 1623 stulti
3287 1571 3448 1623 verba
3508 1571 3598 1622 illa

2008 1662 2075 1716 ad
2109 1661 2426 1715 idololatras
2449 1661 2580 1724 dici,
2625 1676 2748 1714 cum
2807 1662 3036 1730 mystica
3077 1676 3236 1715 cmna
3298 1677 3460 1729 quam
3504 1677 3600 1716 nos

316 1753 446 1818 qui
480 1751 693 1803 δεῖπνον
740 1751 768 1800 ό
808 1750 1044 1818 Χριστὸς
1111 1750 1430 1820 παρέδωκεν
1477 1747 1670 1810 εἰπὼν,
1725 1747 1907 1800 Τοῦτο

2012 1751 2354 1807 celebramus
2412 1768 2441 1804 ιι
2487 1750 2720 1805 Domino
2763 1751 2957 1804 tradita
3018 1752 3111 1813 sit,
3176 1751 3431 1805 dicente:
3487 1751 3600 1804 Hoc

315 1840 537 1893 ποιεῖτε
565 1841 652 1906 είς
688 1839 807 1907 τὴν
834 1839 989 1907 ἐμὴν
1015 1839 1387 1908 ἀνάμνησιν,
1417 1838 1490 1898 ὡς
1523 1840 1570 1890 οἱ
1623 1838 1904 1904 εὐαγγελι-

315 1935 437 1985 atati.
465 1932 831 1985 διδάσκουσιν.
869 1931 1101 2001 Εἴρηται
1125 1931 1181 1983 δὲ
1207 1933 1262 1983 ἐν
1289 1929 1365 2000 τῷ
1393 1929 1536 1982 κατὰ
1561 1929 1668 1981 τῶν
1703 1930 1904 1980 Παυλι-

311 2026 511 2096 ιιιάνων
541 2026 684 2095 λόγῳ
713 2026 805 2077 καὶ
835 2027 961 2094 περὶ
980 2025 1081 2094 τῆς
1112 2023 1261 2086 θείας
1287 2021 1490 2093 ταύτης
1519 2021 1898 2091 μεταλήψεως,

310 2119 405 2172 καὶ
465 2116 700 2187 ζήτησον
754 2119 871 2170 ἐκεῖ
930 2118 1061 2186 περὶ
1087 2116 1309 2185 ταύτης.
1345 2110 1469 2168 Οῖον
1502 2114 1560 2166 δὲ
1601 2114 1780 2167 αὐτῶν
1809 2115 1900 2165 καὶ

310 2208 512 2272 τοῦτο;
554 2209 752 2277 ’Λρτον
793 2208 890 2276 μὲν
941 2208 1050 2276 γὰρ
1090 2206 1374 2268 κοινωνίας
1421 2204 1746 2274 ὀνομάζουσι
1804 2201 1905 2272 τὴν

315 2299 622 2367 προσευχὴν
639 2297 726 2350 τοῦ
739 2338 755 2364 ,
775 2299 951 2367 Πάτερ
964 2300 995 2367 ἡ
1008 2298 1120 2366 μῶν
1142 2312 1154 2325 ⁸
1169 2297 1280 2350 Τὸν
1293 2296 1474 2364 ἄρτον
1487 2295 1778 2364 γὰρ,φησ“ι,
1800 2294 1908 2346 τόν

317 2391 639 2443 ἐπιούσιον
661 2407 674 2420 ο
709 2381 970 2460 ποτήριον
1001 2390 1057 2441 δὲ
1091 2389 1370 2449 κοινωνίας
1402 2388 1604 2456 ὁμοίως
1625 2385 1720 2456 τὴν
1750 2387 1908 2452 λεγο-

319 2482 486 2550 μένην
518 2482 575 2533 ὲν
609 2479 686 2550 τῷ
710 2480 1025 2549 Εὐαγγελίῳ
1051 2477 1337 2548 διαθήκην.
1375 2477 1555 2531 Τοῦτο
1583 2478 1710 2546 γὰρ,
1745 2478 1902 2544 φησι,

316 2573 381 2625 τό
422 2570 713 2638 ποτήριον
735 2571 771 2636 ἡ
810 2572 987 2637 καινὴ
1009 2569 1268 2635 διαθήκη
1299 2569 1574 2620 Μυστικὸν
1599 2566 1656 2618 δὲ
1683 2566 1903 2618 δεῖπνον

319 2663 418 2732 τὴν
449 2662 774 2732 ἀμφοτέρων
802 2660 1008 2714 τούτων
1035 2660 1352 2730 μετάληψιν.
1390 2661 1451 2712 Εἰ
1483 2660 1537 2711 δέ
1575 2676 1657 2719 τις
1698 2656 1907 2710 ἀνθυπ-

319 2755 537 2822 αγάγοι,
596 2755 704 2806 Καὶ
737 2753 854 2816 πῶς
899 2754 958 2805 τὸ
983 2755 1163 2820 Πάτερ
1195 2752 1373 2822 ἡμῶν,
1399 2751 1475 2813 ὼς
1517 2749 1676 2816 σῶμα
1701 2752 1909 2801 Δεσπο-

321 2848 474 2898 τικὺν
503 2845 698 2898 κλᾶται
722 2847 816 2896 καί
859 2843 1234 2912 διαμερίζεται
1263 2859 1278 2906 ;
1341 2841 1456 2902 πῶς
1487 2840 1544 2892 δὲ
1575 2840 1666 2890 καὶ
1699 2841 1760 2890 τὸ
1790 2837 1907 2902 νῦν,

333 2934 672 3002 Ἑδοξὰσθη
704 2938 736 2988 d
773 2936 906 2999 Υἱὸς
946 2933 1054 2987 τοῦ
1074 2932 1416 2999 ἀνθρώπου,
1443 2932 1534 2984 καὶ
1559 2930 1628 2983 τὰ
1653 2929 1802 2999 ἑξῆς,
1828 2929 1903 2991 ὡς

2005 1843 2165 1912 facite
2196 1845 2248 1896 in
2276 1859 2446 1896 meam
2477 1844 3086 1905 commemoratione-mi,
3120 1851 3176 1894 ut
3203 1843 3400 1897 docent
3430 1857 3599 1896 eun--

2006 1936 2236 2006 gelistaa.
2303 1936 2571 1989 Caeterum
2635 1945 2690 1989 et
2739 1935 2803 1988 de
2835 1934 3031 1988 'divina
3087 1935 3190 1987 hac
3247 1935 3599 2002 perceptione

2007 2030 2210 2084 dictum
2233 2039 2316 2084 est
2339 2030 2390 2083 in
2418 2028 2574 2082 titulo
2600 2025 3176 2081 PaulicianormitJllic
3196 2027 3368 2096 igitur.
3386 2040 3594 2094 quare.

2008 2123 2180 2178 Porro
2229 2121 2628 2176 communionis
2696 2135 2927 2186 panem,
2975 2112 3347 2187 precationeui
3402 2116 3593 2169 illum:

2010 2216 2178 2270 Pater
2205 2226 2400 2277 noster,
2443 2214 2736 2280 appellant.
2769 2208 2964 2262 Panem
2988 2213 3157 2272 enim,
3190 2209 3384 2278 inquit,
3420 2210 3596 2276 quoti-

2011 2309 2228 2361 dianum
2257 2305 2277 2336 ³
2307 2322 2324 2370 ;
2355 2303 2758 2358 communionis
2780 2301 3006 2356 calicem
3039 2300 3446 2354 Testamentum
3479 2315 3600 2356 esse

2008 2400 2218 2462 dicunt,
2252 2397 2395 2464 quod
2447 2397 2499 2448 in
2541 2393 2834 2462 Evangelio
2884 2402 3240 2448 memoratur.
3301 2391 3400 2445 llic
3423 2394 3596 2456 enim,

2002 2496 2198 2564 inquit,
2226 2493 2372 2546 calix
2400 2507 2591 2544 novum
2624 2489 3017 2544 Testamentum
3036 2488 3077 2540 ⁸.
3101 2487 3392 2558 Utriusque
3411 2500 3595 2542 autem

2012 2587 2413 2656 ρει-ρυριίοιιοιιι
2465 2582 2750 2648 mysticam
2808 2595 3020 2636 caenam
3083 2590 3299 2635 vocant.
3363 2579 3423 2634 Si
3476 2579 3601 2648 quis

2009 2697 2140 2736 vero
2167 2679 2499 2747 subiecerit,
2533 2675 2836 2742 Quomodo,
2871 2676 3143 2744 inquiens,
3171 2673 3332 2728 Pater
3383 2687 3592 2740 n05ter,

2012 2784 2072 2827 ut
2108 2785 2308 2838 corpus
2335 2769 2544 2822 Domini
2579 2769 2850 2837 frangitur
2897 2778 3060 2835 atque
3104 2766 3398 2820 dividitur?
3447 2762 3598 2830 Quo-

2014 2867 2176 2921 modo
2206 2867 2336 2918 item
2374 2864 2501 2916 illud
2536 2878 2552 2916 :
2588 2861 2745 2915 Nunc
2768 2862 3099 2929 cluriﬁcatus
3131 2871 3205 2914 est
3232 2859 3406 2913 Filius
3432 2859 3599 2913 homi-

2014 2957 2097 3007 nis
2121 2956 2166 3018 ⁸,
2224 2965 2481 3022 tauquam
2513 2952 2823 3004 Servatoris
2854 2949 3076 3018 sanguis
3104 2964 3131 3001 ιι
3158 2948 3316 3002 vobis
3358 2945 3598 3000 effundi-

319 3029 554 3096 αἵματος
582 3027 674 3080 τοῦ
699 3027 952 3096 Σωτῆρος
978 3027 1120 3096 ὑπὲρ
1152 3027 1307 3095 ήμῶν
1345 3024 1569 3094 ἐξεχύθη
1593 3039 1608 3088 ;
1648 3027 1722 3092 μὴ
1750 3023 1911 3090 γινώ-

2015 3049 2142 3104 tur?
2163 3063 2222 3102 se
2255 3047 2442 3101 dicunt
2462 3047 2730 3115 ignorare.

323 3135 473 3170 σκειν
499 3117 856 3186 ’ὁμολογοῦσα

397 3208 488 3278 ιη’.
513 3212 780 3276 Λέγουσιν
801 3218 856 3262 ἐν
875 3212 1129 3272 πᾶσιτοῖς
1151 3211 1312 3280 ἱεροῖς
1336 3212 1479 3273 ναοῖς
1500 3211 1770 3262 κατοικεῖν
1787 3207 1914 3270 τοὺς

323 3300 963 3369 δαίμοναςδιαλαχόντας
1000 3301 1200 3363 αὐτοὺς
1225 3303 1501 3368 ἀναλόγως
1531 3303 1629 3370 τῆς
1675 3301 1910 3356 ἑκάστου

323 3392 530 3456 τάξεως
563 3392 995 3461 καὶδυνάμεως.
1031 3393 1134 3446 Τὸν
1188 3394 1378 3462 μέντοι
1434 3394 1683 3447 Σατανᾶν
1739 3394 1909 3447 πάλαι

326 3483 426 3550 μὲν
448 3482 839 3551 ἀποκληρῶσαι
875 3480 1025 3550 αὐτῷ
1069 3481 1162 3533 τὸν
1200 3479 1638 3552 πολυθρύλλητον
1659 3483 1717 3534 ὲν
1755 3481 1913 3550 Ἱερο-

324 3572 580 3642 σολύμοις
621 3573 768 3634 ναὸν,
831 3573 971 3640 μετὰ
1019 3571 1076 3625 δὲ
1137 3571 1236 3641 τὴν
1267 3572 1476 3626 ἐκείνου
1522 3572 1911 3642 καταστροφὴν

325 3666 710 3731 ἐξιδιώσασθαι
735 3666 826 3719 τὸν
856 3669 916 3719 ὲν
941 3669 1007 3736 τῇ
1045 3665 1276 3736 βασιλίδι
1325 3666 1502 3736 ταύτῃ
1546 3665 1654 3718 τῶν
1703 3665 1911 3717 πόλεων

327 3740 620 3827 ὑπερφερῆ
650 3757 743 3810 καὶ
765 3756 1108 3827 περιώνυμον
1139 3755 1242 3823 τῆς
1264 3757 1355 3808 τοῦ
1402 3755 1538 3808 Θεοῦ
1589 3755 1782 3824 σοφίας
1829 3750 1911 3807 οἶ-

327 3865 446 3902 κον.
489 3849 562 3901 Οὐ
634 3849 744 3918 γὰρ
791 3851 819 3900 6
848 3847 1135 3917 Ὕψιστος,
1167 3850 1348 3916 φασὶν,
1400 3849 1458 3899 ὲν
1513 3846 1912 3917 χειροποιήτοις

328 3945 479 4001 ναοῖς
508 3943 777 4006 κατοικεῖ,
823 3941 912 3994 τὸν
959 3941 1186 4011 οὐρανὸν
1216 3939 1354 4007 ἔχων
1419 3940 1754 4008 οίκητήριον.
1803 3937 1912 3991 Καὶ

333 4037 461 4105 μὴν,
504 4033 567 4086 '0
594 4030 756 4098 οἶκός
786 4051 924 4102 μου,
959 4034 1122 4102 φησὶν
1151 4037 1179 4086 ό
1206 4036 1428 4103 Κύριος,
1461 4029 1625 4096 οἶκος
1650 4045 1912 4098 προσευ-

330 4127 450 4196 χῆς
478 4129 868 4195 κληθήσεται.
906 4130 1014 4182 Καὶ
1042 4123 1194 4190 αὖθις
1229 4127 1414 4192 ἔλεγεν
1447 4129 1475 4179 6
1527 4125 1781 4196 Χριστὸς,
1814 4127 1868 4178 Μ
1879 4126 1912 4190 ἡ

330 4219 554 4272 ποιεῖτε
611 4220 720 4274 τὸν
771 4217 945 4274 οἷκον
967 4221 1074 4275 τοῦ
1118 4222 1350 4287 Πατρός
1380 4237 1500 4288 μου
1529 4215 1700 4272 οἷκον
1727 4217 1913 4285 ἐμπο-

2089 3208 2178 3264 18.
2215 3206 2272 3260 ln
2306 3205 2477 3258 sacris
2502 3203 2754 3258 omnibus
2782 3200 3000 3268 templis
3045 3199 3294 3253 habitare
3325 3197 3600 3250 daemones

2013 3301 2223 3364 dicunt,
2273 3312 2396 3352 cum
2429 3311 2491 3350 ea
2557 3296 2788 3364 quisque
2842 3293 3066 3347 sortitus
3127 3292 3198 3344 sit
3252 3291 3602 3359 pmportione

2011 3393 2222 3448 ordinis
2242 3401 2293 3445 et
2327 3390 2568 3444 virtutis.
2613 3389 2876 3442 Satanam
2914 3386 3132 3454 quidem
3155 3383 3256 3438 sibi
3303 3379 3602 3436 celeberri-

2016 3503 2160 3542 mum
2187 3485 2463 3554 quondam
2496 3482 2626 3536 illud
2655 3480 3154 3548 Hierosolymorum
3191 3477 3448 3544 templum
3503 3473 3600 3526 de-

2012 3579 2232 3647 legisse,
2287 3589 2394 3643 quo
2452 3588 2643 3627 everso
2681 3571 2938 3627 eximium
3001 3577 3053 3624 et
3105 3569 3454 3622 decantatum
3509 3564 3601 3618 Dei

2014 3672 2228 3741 Sophia
2259 3667 2519 3737 templum
2565 3667 2617 3718 in
2657 3663 3000 3722 hacurbium
3042 3661 3228 3730 regina
3266 3657 3599 3726 suscepisse.

2013 3763 2199 3832 Neque
2233 3762 2399 3823 enim,
2436 3759 2710 3828 inquiunt,
2741 3757 2794 3809 in
2828 3771 2990 3809 manu
3037 3754 3197 3807 factis
3241 3751 3454 3816 templis
3509 3749 3603 3802 Al-

2014 3853 2257 3909 tissimus
2287 3852 2515 3914 habitat,
2541 3867 2666 3903 cum
2695 3849 2896 3902 cmlum
2948 3846 3019 3900 sit
3069 3845 3185 3910 ejus
3231 3841 3595 3896 domicilium.

2014 3946 2178 4015 Atqui
2209 3983 2225 4008 ,
2262 3945 2462 3997 Domus
2489 3958 2629 4004 mea,
2693 3940 2871 4006 inquit
2901 3937 3064 3995 Deus.
3111 3936 3297 3986 domus
3341 3933 3602 3986 orationis

2014 4043 2286 4094 vocabitur
2316 4039 2360 4091 ⁸.
2383 4037 2447 4090 Et
2477 4050 2711 4098 rursum,
2739 4030 2941 4092 Nolite,
2967 4029 3132 4095 inquit
3157 4026 3430 4086 Christus,
3458 4026 3604 4094 [ace-

2016 4151 2071 4188 re
2099 4135 2312 4186 domum
2346 4128 2528 4182 Patria
2564 4125 2665 4178 mei
2715 4124 2932 4175 domum
2955 4118 3330 4189 negotiationis
3357 4116 3376 4146 ⁷
3404 4153 3418 4178 ,
3477 4132 3600 4169 cum

2018 4228 2089 4284 de
2133 4223 2633 4292 Hierosolymorum
2693 4215 2897 4284 templo
2956 4213 3291 4280 loqueretur,
3340 4209 3500 4272 Quod
3557 4207 3603 4260 si

328 4312 486 4380 ρίου,
522 4313 650 4383 περὶ
671 4312 1178 4382 τοῦςχειροποι-ήτου
1231 4312 1361 4366 ναοῦ
1399 4312 1498 4381 τῆς
1559 4311 1911 4381 Ἰερουσαλὴμ

2025 4318 2281 4388 templum
2319 4316 2446 4369 illud
2472 4321 2591 4368 erat
2617 4308 2730 4372 Dei,
2764 4306 2933 4360 multo
2967 4304 3136 4370 magis
3164 4301 3287 4361 hoc.
3325 4299 3468 4368 quod
3515 4307 3602 4352 est

332 4398 493 4452 τοῦτο
524 4400 722 4468 λέγων.
755 4401 818 4454 Εἰ
858 4401 912 4454 δὲ
939 4403 966 4453 6
994 4404 1052 4454 ὲν
1095 4401 1453 4470 Ἰερουσαλὴμ
1503 4401 1628 4462 vain;
1657 4397 1804 4462 οἶκος
1850 4396 1916 4467 ἦν

333 4492 429 4544 τοῦ
460 4493 616 4557 Θεοῦ,
644 4493 823 4563 πολλῷ
853 4493 1051 4563 μᾶλλον
1075 4495 1103 4546 6
1135 4493 1194 4545 ὲν
1259 4494 1326 4563 τῇ
1360 4490 1594 4561 βασιλίδι
1657 4490 1767 4543 τῶν
1824 4491 1922 4541 πό-

337 4588 495 4651 λεων,
524 4587 620 4639 καὶ
654 4586 843 4649 ἁπλῶς
868 4589 1042 4639 εἰπεῖν
1063 4586 1262 4648 πάντες
1289 4587 1338 4638 oi.
1384 4585 1528 4638 κατὰ
1573 4584 1738 4636 τόπον
1767 4583 1924 4649 dipte-

340 4679 574 4747 ρωμένοι
603 4678 678 4748 τῷ
708 4677 848 4746 Θεῷ.
880 4679 972 4730 καὶ
1001 4680 1066 4748 τῇ
1107 4677 1433 4746 Θεομήτορι,
1485 4675 1579 4728 καὶ
1627 4674 1760 4726 πᾶσι
1812 4675 1923 4734 τοῖς

336 4771 514 4837 ἁγίοις
563 4773 681 4824 ναοὶ
722 4771 856 4824 θεῖοί
886 4771 945 4823 τὲ
976 4773 1114 4834 εἰσι,
1142 4769 1236 4822 καὶ
1291 4769 1644 4839 ἁγιαστήρια,
1677 4767 1775 4819 κα)⁸
1815 4764 1923 4817 τῶν

337 4862 606 4932 δαιμόνων
650 4863 1078 4933 φυγαδευτήρια.
1109 4862 1286 4914 Ὅπου
1334 4861 1442 4930 γὰρ
1488 4861 1630 4912 οἰκεῖ
1660 4858 1781 4912 θεία
1827 4857 1923 4926 χά-

341 4971 449 5024 ρις,
477 4954 686 5006 ἐκεῖθεν
716 4954 1054 5024 ἀπελήλαται
1117 4955 1220 5006 πᾶν
1255 4953 1473 5022 πνεῦμα
1507 4951 1762 5022 πονηρὸν,
1831 4950 1927 5003 καὶ

342 5047 498 5098 πᾶσα
519 5047 626 5098 τῶν
656 5045 926 5115 δαιμόνων
954 5047 1226 5115 ἐνέργεια.

417 5137 504 5191 ιϐ’.
525 5137 1042 5208 Μόνηνόνομάζουσι
1057 5138 1361 5211 προσευχὴν
1377 5137 1475 5207 τὴν
1493 5137 1598 5190 ὑπὸ
1612 5135 1702 5190 τοῦ
1723 5136 1925 5202 Κυρίου

344 5231 739 5296 παραδοθεῖσαν
769 5234 826 5284 ὲν
851 5235 964 5294 τοῖς
994 5232 1380 5300 Εὐαγγελίοις,
1415 5233 1584 5301 ήγουν
1631 5228 1692 5281 τὸ
1726 5227 1918 5294 Πάτερ

347 5322 540 5390 ήμῶν,
572 5325 663 5376 καὶ
699 5323 766 5378 τὰ
787 5324 932 5394 ἑξῆς.
964 5325 1074 5377 Καὶ
1097 5322 1303 5394 ταύτην
1329 5323 1498 5393 μόνην
1523 5319 1921 5392 προσεύχονται

347 5413 576 5477 ὲπξάκις
608 5415 708 5483 μὲν
733 5414 830 5483 τῆς
866 5414 1101 5485 ἡμέρας,
1156 5414 1417 5477 πεντάκις
1458 5413 1514 5466 δὲ
1561 5411 1662 5481 τῆς
1711 5408 1924 5471 νυκτός.

361 5503 580 5568 Ὀσάκις
631 5503 686 5556 δὲ
754 5507 833 5566 είς
877 5505 1183 5576 προσευχὴν
1232 5506 1494 5571 ἵστανται,
1558 5503 1776 5570 λέγουσι
1831 5501 1929 5571 τὴν

2021 4415 2078 4466 ιιι
2117 4412 2220 4464 hac
2242 4408 2456 4462 urbium
2486 4403 2694 4471 regina,
2723 4409 2778 4454 et
2812 4407 2870 4451 ut
2914 4395 3154 4450 breviter
3181 4394 3382 4450 dicam,
3419 4388 3602 4442 omnia

2019 4500 2384 4569 templa,qu:e
2409 4497 2605 4562 quovis
2639 4494 2690 4543 in
2741 4490 2860 4541 loco
2932 4494 3043 4537 tum
3089 4483 3217 4545 Deo,
3271 4493 3384 4533 tum
3438 4477 3598 4530 Matri

2019 4593 2161 4661 ejus,
2195 4601 2306 4643 tum
2336 4586 2591 4642 omnibus
2619 4583 2824 4636 salictis
2849 4584 3169 4632 consecrata
3197 4581 3346 4633 sunt,
3413 4569 3598 4623 divina

2021 4660 2320 4750 sanctaque
2350 4687 2497 4740 sunt,
2528 4685 2584 4729 et
2655 4674 2926 4727 daemones
2966 4666 3264 4734 exnelluut.
3323 4662 3421 4718 Ubi
3457 4660 3604 4715 enim

2022 4775 2204 4828 divina
2229 4771 2440 4824 habitat
2466 4766 2660 4837 gratia,
2694 4763 2818 4816 inde
2848 4759 3028 4812 omnis
3065 4758 3238 4811 malus
3271 4755 3498 4825 spiritus
3548 4762 3604 4808 et

2023 4867 2199 4921 omnis
2220 4865 2523 4917 daemonum
2548 4858 2630 4909 vis
2655 4853 2969 4922 expellitur.

2098 5138 2189 5190 l9.
2208 5133 2390 5189 Solam
2424 5127 2795 5198 precationem
2826 5120 3125 5193 appellant,
3155 5134 3316 5189 quam
3353 5117 3610 5171 Dominus

2023 5226 2326 5284 tradiditin
2354 5219 2684 5290 Evangeliis,
2740 5217 2919 5278 idest,
2980 5211 3150 5266 Pater
3196 5220 3392 5265 noster.
3431 5206 3498 5259 Et
3543 5221 3607 5258 ea

2024 5317 2136 5372 sola
2169 5323 2395 5369 utuntur
2418 5310 2622 5378 septies
2652 5307 2873 5376 quidem
2910 5302 3019 5366 die,
3081 5301 3370 5369 quinquies
3425 5302 3606 5350 autem

2030 5418 2212 5462 nocte.
2247 5403 2353 5456 Sed
2384 5401 2599 5471 quoties
2632 5400 2698 5452 ad
2728 5389 3060 5467 precandum
3107 5392 3396 5453 accedunt,
3442 5388 3605 5441 toties

2031 5513 2152 5553 eam
2183 5493 2467 5556 adhibent,
2501 5491 2593 5545 alii
2618 5488 2796 5545 decies
2813 5495 2871 5541 et
2902 5481 3214 5552 quinquies,
3261 5478 3348 5532 alii
3390 5479 3610 5546 smpius,

425 5706 441 5736 ¹
465 5707 568 5763 lsa.
597 5722 718 5770 va,
755 5708 840 5762 ll.
921 5708 941 5737 ²
975 5705 1105 5763 Luc.
1135 5722 1270 5772 uti,
1311 5705 1399 5760 l9.
1477 5705 1496 5736 ³
1520 5702 1808 5766 ΜοιιΙιΑ-ι,
1835 5697 1984 5756 9-H.
2028 5695 2048 5724 ⁸
2084 5695 2212 5749 Luc.
2240 5706 2374 5757 nu,
2411 5687 2501 5745 20.
2569 5685 2760 5741 'Joan.
2790 5697 2906 5748 xm,
2949 5679 3040 5736 '61.
3118 5679 3347 5741 ‘mattu.
3377 5688 3490 5742 ut,
3525 5674 3612 5730 1‘5.

352 5781 373 5812 '
401 5777 554 5834 Jonn.
586 5795 646 5843 ιι,
677 5777 764 5832 16.
