4132 6402
1083 243 1132 267 κ

529 340 671 404 1315

1760 318 2148 380 EUTHYMII
2208 316 2572 376 ZlGABENI

3672 307 3813 373 1316

525 454 618 508 alii
669 450 870 505 rarius.
931 446 1190 517 Reliquas
1233 437 1576 512 precationes
1623 441 2005 495 contemnunt,
2054 438 2137 487 et.

2241 428 2521 500 προσευχήν
2558 426 2782 497 ταύτην,
2807 426 2858 480 οἱ
2884 428 2985 497 μὲν
3014 426 3237 489 δεκάκις
3265 422 3407 495 μετά
3434 423 3815 492 γονυκλισίας,

530 541 870 612 multiloquia
901 546 1118 602 vocant,
1172 545 1226 589 et
1270 531 1523 598 gentibus
1579 525 1896 588 convenire,
1946 536 2118 591 eoque

533 645 785 705 spectare
820 628 1229 697 multiloquium
1275 621 1514 697 illud,lde
1553 634 1662 689 quo
1717 619 1770 671 in
1827 614 2118 685 Evangelia

533 727 797 794 scriptum
826 729 931 775 est.
960 718 1073 773 Nec
1101 715 1545 771 animadvertunt
1610 711 1664 763 in
1716 723 1781 764 eo
1837 706 2119 774 EVangelii

552 818 673 872 loco
695 825 931 870 nontam
957 811 1242 865 verborum
1274 804 1696 863 multitudinem,
1728 817 1889 871 quam
1936 815 2119 854 rerum

536 923 643 961 non
672 901 1119 958 convenientium
1177 897 1496 966 petitionem
1544 891 1890 960 reprehendi.
1949 888 2120 943 Porro

535 998 800 1053 Dominus
831 1003 1019 1048 noster
1039 989 1408 1061 precationem
1471 984 1642 1048 illam,
1701 982 1861 1037 Pater
1911 991 2120 1045 noster,

531 1090 694 1146 nobis
726 1087 953 1142 tradidit
994 1094 1253 1150 tanquam
1320 1078 1641 1135 obsecrandi
1697 1074 2011 1137 formulam,
2067 1081 2125 1126 et

532 1181 865 1246 exemplum,
888 1192 953 1232 ac
978 1175 1245 1237 radicem,
1273 1187 1378 1226 non
1407 1180 1465 1225 ut
1490 1169 1600 1224 illis
1646 1166 1824 1221 verbis
1870 1165 2122 1235 precandi

535 1272 802 1327 talionem
837 1269 1205 1328 concluderet,
1253 1264 1352 1319 sed
1385 1273 1444 1316 ut
1473 1263 1600 1316 inde
1636 1259 1865 1314 aliarum
1936 1271 2128 1327 preca—

536 1368 738 1421 tionum
770 1368 1111 1434 argumenta,
1129 1364 1424 1428 propagata
1449 1354 1562 1422 jam
1598 1352 1725 1416 ﬁde,
1751 1363 2121 1405 sumeremus.

539 1457 753 1512 Etenim
790 1471 858 1509 ne
893 1462 952 1508 ut
977 1453 1290 1522 jejunarent
1317 1447 1562 1517 quidem,
1608 1445 1717 1500 illis
1779 1444 1934 1498 initio
1991 1457 2127 1511 prae-

536 1547 702 1615 cepit,
726 1524 901 1613 neque
931 1552 992 1597 ut
1018 1554 1211 1611 aSpere
1232 1547 1289 1592 et
1314 1535 1528 1592 duriter
1549 1535 1713 1589 vitam
1752 1534 2126 1598 traducerent,

537 1640 615 1694 nti
655 1649 780 1709 post
803 1637 949 1691 illius
1014 1635 1069 1688 in
1126 1630 1325 1688 caelum
1388 1641 1678 1682 ascensum
1750 1624 2127 1678 traduxerunt.

539 1731 907 1800 Quamobrem
933 1727 1189 1782 dicebat:
1225 1721 1351 1777 Non
1376 1728 1597 1791 possunt
1626 1718 1727 1786 ﬁlii
1745 1718 1923 1784 sponsi
1961 1716 2130 1769 mmti

2223 524 2273 575 ei
2305 523 2363 575 δὲ
2395 521 2900 584 πεντεκαιδεκάκις,
2928 520 2977 572 οἱ
3007 517 3066 571 δὲ
3097 518 3282 570 πλεῖον
3327 517 3361 586 ἢ
3415 516 3657 569 ἔλαττον.
3708 516 3823 578 Τάς

2224 613 2271 665 δ’
2301 612 2464 673 ἄλλας
2487 611 2666 672 πάσας
2691 608 3005 681 προσευχὰς
3045 605 3399 675 ἀτιμάζουσι,
3466 604 3821 674 βαττολογίας

2226 704 2395 765 αὑτάς
2424 700 2849 763 ἀποκαλοῦντες,
2888 701 2981 751 καὶ
3014 697 3115 766 τῆς
3162 695 3382 764 ὲθνικῆς
3432 694 3672 765 μερίδος,
3719 694 3821 762 τὴν

2229 799 2287 849 ἐν
2317 798 2428 859 τοῖς
2457 792 2811 862 Εὐαγγελίοις
2838 791 3139 863 εἰρημένην
3161 787 3517 858 βαττολογίαν
3547 789 3640 840 ἐπὶ
3689 785 3824 838 ταύ-

2226 907 2325 951 τας
2355 889 2701 959 μετάγοντες,
2741 885 2814 955 μὴ
2866 884 3249 953 γινώσκοντες,
3309 881 3391 934 ὅτι
3471 877 3823 949 βαττολογίαν

2229 976 2370 1034 οἶδεν
2397 981 2424 1032 ὁ
2449 978 2802 1046 εὐαγγελικὺς
2831 977 2987 1044 λόγος
3018 978 3079 1027 οὐ
3117 974 3214 1043 τὴν
3239 970 3427 1034 άπλῶς
3455 969 3820 1038 ςπολυλογίαν,

2229 1073 2366 1128 ἀλλὰ
2390 1073 2490 1142 τὴν
2514 1073 2642 1143 περὶ
2674 1070 2783 1123 τῶν
2813 1068 2890 1138 μή
2927 1067 3317 1138 προσηκόντων
3360 1064 3598 1132 αἴτησιν.
3659 1061 3720 1113 '0
3765 1060 3823 1113 δὲ

2231 1165 2437 1237 Κύριος
2488 1162 2776 1233 παρέδωκε
2824 1161 2938 1219 τοῖς
2976 1157 3298 1218 ἀποστόλοις
3350 1155 3451 1225 τὴν
3491 1152 3588 1206 τοῦ
3640 1152 3824 1219 Πάτερ

2229 1255 2390 1326 ήμῶν
2442 1252 2752 1324 προσευχὴν
2811 1252 2967 1322 ῥίζαν
3029 1246 3338 1319 προσευχῆς
3397 1244 3492 1297 καὶ
3549 1240 3712 1305 εἶδος,
3761 1240 3823 1292 οὐ

2232 1347 2403 1418 ταύτῃ
2473 1344 2751 1417 μόνῃιτήν
2812 1341 3125 1412 προσευχήν
3181 1335 3530 1407 περιορίζων,
3576 1332 3691 1386 ἀλλ’
3737 1330 3825 1383 ἵνα

2234 1441 2603 1512 λαμϐάνοντες
2633 1440 2697 1491 ὲκ
2724 1435 2933 1504 ταύτης
2952 1434 3052 1496 τὰς
3075 1432 3331 1503 ἀφορμάς
3359 1429 3625 1481 δύνωνται
3653 1424 3826 1477 ποιεῖν

2236 1533 2332 1586 καὶ
2362 1533 2580 1601 ἐτέρας,
2611 1527 2987 1600 αὐξανομένης
3016 1524 3112 1593 τῆς
3160 1519 3494 1591 προσευχῆς.
3547 1514 3703 1568 Ἐπεὶ
3733 1515 3829 1565 καὶ

2235 1624 2357 1679 οὐδὲ
2388 1620 2672 1691 νηστεύειν
2696 1620 2881 1682 αὐτοῖς
2903 1617 3023 1670 κατ’
3045 1614 3219 1686 ἀρχὰς
3247 1608 3663 1677 ὲπέταξεν,οὐδὲ
3687 1622 3830 1676 παρ-

2239 1716 2489 1787 εχώρησε
2520 1710 3034 1782 σκληραγωγεϊσθαι
3072 1705 3348 1771 τοσοῦτον,
3372 1705 3497 1756 ὅσον
3536 1699 3675 1770 μετά
3733 1696 3832 1766 τὴν

538 1792 673 1885 διε,
712 1818 950 1890 quandiu
972 1831 1091 1871 cum
1116 1814 1226 1868 illis
1248 1821 1327 1866 est
1388 1824 1656 1879 sponsus;
1712 1808 1918 1862 venient
1954 1815 2129 1860 autem

2241 1811 2317 1872 εἰς
2348 1806 2614 1878 οὐρανοὺς
2645 1803 2916 1874 ἀνάληψιν
2978 1800 3144 1856 αὐτοῦ
3208 1799 3305 1851 καὶ
3359 1792 3829 1849 ἀποκατάστασιν.

540 1912 673 1976 diu,
698 1926 822 1965 cum
842 1922 1071 1980 sponsus
1101 1904 1383 1975 auferetur
1403 1901 1467 1956 ab
1498 1901 1598 1969 eis,
1654 1909 1704 1956 et
1733 1910 1856 1954 tunc
1909 1899 2131 1970 jejuna-

539 2009 671 2061 bunt
716 2003 758 2056 ⁸.

613 2290 708 2347 20.
739 2287 973 2344 Haeresis
998 2287 1224 2343 istorum
1244 2286 1496 2356 princeps
1522 2282 1842 2348 aﬂlrmabat,
1876 2284 2018 2338 hanc
2044 2281 2143 2337 Do.

546 2383 679 2438 mini
696 2395 887 2437 vocem
917 2381 1097 2436 suisin
1132 2378 1439 2450 Evangeliis
1467 2390 1589 2433 esse
1615 2375 1909 2447 scriptam:
1938 2377 2142 2432 Darmo-

550 2475 643 2530 nia
673 2473 857 2539 colite,
882 2487 988 2527 non
1020 2481 1078 2527 ut
1102 2471 1255 2527 vobis
1287 2469 1634 2539 prosint,{sed
1670 2484 1739 2524 ne
1764 2470 1967 2524 obsint.
2010 2469 2142 2535 Quae

544 2568 763 2638 quidem
783 2565 948 2621 verba
975 2563 1253 2633 explicans
1277 2562 1591 2633 adjiciebat,
1623 2561 1846 2617 colenda
1874 2576 1996 2617 esse
2024 2563 2137 2616 dat-

547 2657 750 2724 monia,
812 2669 933 2727 quae
995 2654 1050 2708 in
1107 2654 1324 2724 templis
1353 2669 1515 2708 manu
1538 2653 1696 2707 factis
1729 2652 2003 2717 habitant,
2071 2666 2140 2706 ne

545 2749 872 2813 irascantur,
904 2755 960 2802 et
991 2748 1222 2816 perdant
1251 2760 1344 2801 eos
1368 2745 1459 2816 qui
1530 2745 1583 2800 id
1612 2744 1790 2799 facere
1817 2743 2142 2811 recusarint,

544 2854 670 2894 cum
706 2854 954 2909 magnam
983 2849 1148 2907 atque
1192 2838 1451 2891 invictam
1478 2835 1710 2890 habeant
1741 2833 1976 2889 nocendi
2006 2835 2153 2897 vim,

544 2934 631 2987 cui
673 2945 741 2985 ne
769 2928 1019 2985 Christus
1049 2930 1266 3000 quidem
1323 2937 1417 2982 aut
1450 2928 1686 2997 Spiritus
1749 2935 1968 2981 sanctus
2009 2926 2146 2981 resi-

552 3034 699 3078 stere
722 3021 924 3087 valent,
946 3021 1196 3090 quoniam
1230 3019 1391 3073 Pater
1421 3018 1526 3072 illis
1560 3016 1736 3072 adhuc
1765 3017 2016 3086 ignoscit,
2047 3030 2146 3071 nec

545 3116 737 3170 adimit
767 3114 939 3169 robur
959 3112 1222 3182 ipsorum,
1256 3111 1351 3167 sed
1380 3110 1458 3165 eis
1488 3109 1672 3163 mundi
1705 3109 2036 3163 dominatum
2057 3122 2147 3161 ns-

543 3222 651 3278 que
669 3209 735 3261 ad
752 3205 1275 3262 consummationem
1293 3202 1475 3258 stccnli
1499 3201 1767 3257 concedit.
1794 3198 1980 3269 Neque
1999 3200 2144 3254 enim

547 3298 876 3360 Filiumlcum
894 3297 946 3350 in
963 3295 1220 3349 mundum
1239 3291 1811 3348 mittereturetaPatre
1826 3301 1991 3345 tatam
2012 3291 2149 3360 ipso-

529 3403 671 3441 -rum
731 3385 1067 3440 eversionem
1112 3383 1429 3454 postularet,
1457 3397 1575 3436 eam
1608 3391 1825 3452 prepter
1850 3382 2143 3437 bonitatem

557 3477 733 3532 Patris
759 3477 1052 3546 impetrare
1078 3476 1342 3544 potuisse.
1376 3471 1573 3528 Verum
1618 3472 1872 3543 quoniam
1910 3474 2009 3528 has
2036 3488 2141 3528 nu-

554 3584 649 3638 gas
671 3580 738 3621 ex
765 3565 1182 3622 Masalianorum
1216 3564 1410 3621 baaresi
1428 3572 1804 3634 perceperunt,
1830 3564 2058 3633 quaerito
2081 3564 2139 3619 in

549 3675 618 3715 eo
656 3657 830 3725 titulo,
853 3659 942 3728 qui
960 3659 1217 3713 adversus
1242 3657 1363 3712 illos
1390 3657 1731 3726 conscriptus
1767 3664 1876 3721 est,
1898 3654 2144 3723 quintum

549 3760 730 3820 caput,
765 3762 819 3805 et
853 3759 1002 3816 octo,
1037 3764 1159 3818 qua:
1185 3749 1441 3816 deinceps
1497 3760 1825 3818 sequuntur,
1874 3756 1932 3802 et
1977 3762 2143 3818 argn-

551 3854 735 3899 menta
755 3842 820 3898 ad
841 3856 933 3898 eas
954 3839 1273 3897 evertendas
1303 3839 1584 3909 aptissima
1610 3840 1870 3910 reperies.
1898 3838 1973 3893 De
1996 3839 2148 3893 hiset

551 3934 801 4002 superius
817 3933 1022 3988 dictum
1054 3932 1205 3986 estin
1222 3931 1543 3986 duodecimo
1560 3932 1738 4000 capite
1762 3931 1989 4001 hujusce
2016 3930 2147 3985 titu-

550 4023 762 4089 li._Nam
785 4025 929 4093 quod
954 4025 1228 4078 daemonas
1250 4022 1471 4079 Christo
1504 4032 1559 4077 et
1585 4021 1790 4091 Spiritu
1820 4033 2015 4077 sancto
2035 4023 2144 4076 for-

551 4117 719 4173 tiores
755 4125 1030 4180 asserunt,
1054 4130 1164 4184 qno
1184 4115 1448 4185 supplicio
1462 4114 1607 4186 digni
1635 4129 1742 4169 non
1761 4114 1869 4167 sint
1899 4116 2148 4172 homines

561 4207 1050 4277 impii,bostesque
1081 4206 1196 4271 Dei,
1237 4209 1664 4277 adoratoresque
1705 4216 1760 4259 et
1782 4206 2020 4262 cultores
2038 4208 2146 4263 daa-

557 4312 797 4363 tnonum,
819 4311 983 4352 verea
1003 4297 1338 4352 daemonibus
1356 4297 1535 4351 vexati
1557 4306 1613 4350 et
1634 4298 1938 4351 daemonum
1951 4297 2141 4352 amici?

2236 1901 2328 1955 Διὸ
2361 1902 2455 1954 καὶ
2475 1898 2655 1966 ἔλεγε,
2689 1896 2788 1964 Μὴ
2814 1895 3108 1950 δύνανται
3147 1892 3202 1945 οἱ
3228 1886 3350 1945 υἱοί
3381 1885 3489 1941 τοῦ
3505 1880 3836 1954 νυμφῶνος

2238 1991 2488 2046 πενθεῖν
2515 1988 2612 2059 ἐφ’
2645 1989 2799 2043 ὅσον
2823 1987 2951 2056 μετ’
2975 1982 3179 2040 αὐτῶν
3218 1983 3391 2037 ἐστιν
3441 1980 3476 2032 ό
3534 1975 3833 2045 Νυμφίος.

2252 2083 2647 2139 Ἐλεύσονται
2674 2081 2743 2134 δὲ
2769 2080 3007 2150 ἡμέραι,
3035 2078 3179 2132 ὅταν
3209 2071 3450 2142 ἀπαρθῇ
3478 2070 3582 2126 ἀπ’
3631 2064 3836 2123 αὐτῶν

2240 2179 2274 2231 ὀ
2313 2176 2617 2245 Νυμφιος,
2645 2176 2746 2227 καὶ
2778 2176 2916 2229 τότε
2934 2169 3424 2238 νηστεύσουσιν.

2314 2269 2386 2324 κ’.
2411 2271 2640 2338 Ἔλεγεν
2667 2269 2697 2321 ό
2717 2269 2817 2337 τῆς
2841 2267 3106 2338 αἱρέσεως
3118 2263 3299 2319 αὐτῶν
3321 2260 3546 2331 ἔξαρχος
3568 2254 3838 2327 δγγεγρά-

2242 2363 2375 2433 φθαι
2402 2366 2518 2427 τοῖς
2548 2361 2907 2431 Εὐαγγελίοις
2934 2359 3114 2414 αὐτῶν
3152 2357 3339 2427 φωνὴν
3370 2354 3465 2408 τοῦ
3486 2352 3696 2424 Κυρίου
3746 2350 3836 2402 λέ-

2240 2473 2466 2526 γουσαν,
2489 2456 2701 2525 Τιμᾶτε
2726 2451 3082 2522 τάδαιμόνια,
3109 2450 3209 2519 οὐχ
3222 2449 3312 2501 ἵνα
3340 2444 3666 2516 ὠφεληθῆτε
3701 2458 3818 2509 παρ

2241 2545 2445 2610 αὐτῶν,
2471 2544 2584 2600 ἀλλ’
2617 2544 2704 2597 ἵνα
2736 2543 2812 2613 μὴ
2842 2540 3121 2610 βλάψωσιν
3144 2538 3308 2609 ὑμᾶς.
3356 2536 3468 2589 Καὶ
3515 2530 3837 2604 ἑρμηνεύων

2242 2636 2343 2708 τὴν
2379 2635 2636 2702 τοιαύτην
2676 2631 2860 2702 φωνὴν
2891 2628 3229 2701 προσετίθει,
3269 2627 3353 2679 ὅτι
3396 2623 3505 2695 χρὴ
3542 2616 3713 2693 τιμᾷν
3767 2621 3838 2671 τά

2244 2729 2559 2801 ἐνοικοῦντα
2588 2728 2701 2789 τοῖς
2731 2724 3131 2794 χειροποιήτοις
3160 2722 3308 2782 ναοῖς
3331 2716 3611 2785 δαιμόνια,
3660 2729 3837 2785 προσ-

2244 2821 2533 2883 κυνοῦντες
2560 2818 2719 2881 αὐτὰ,
2741 2817 2828 2869 ινα
2849 2818 2923 2886 μὴ
2962 2812 3287 2884 ὀργισθέντα
3321 2806 3679 2877 διαφθείρωσι
3706 2806 3838 2867 τοὺς

2249 2917 2325 2987 μὴ
2353 2913 2508 2968 τοῦτο
2532 2910 2847 2973 ποιοῦντας,
2875 2907 3119 2978 μεγάλην
3167 2900 3264 2956 τοῦ
3330 2901 3591 2971 βλάπτειν
3642 2898 3838 2968 ἔχοντα

2246 3011 2340 3062 καὶ
2373 3010 2583 3077 ἄμαχον
2612 3004 2863 3073 δύναμιν,
2896 3001 3033 3070 πρὸς
3065 2999 3131 3069 ἢν
3167 2995 3292 3050 οὕτε
3332 2996 3423 3048 τὸν
3462 2991 3698 3063 Χριστὸν
3752 2990 3842 3054 ἐξ·

2249 3100 2462 3170 αρκεῖν,
2487 3094 2611 3149 οὔτε
2646 3094 2743 3147 σὺν
2777 3091 2926 3161 αὐτῷ
2955 3089 3016 3143 τὸ
3046 3086 3271 3158 Πνεῦμα
3311 3086 3375 3139 τὸ
3428 3086 3604 3153 ἆγιον,
3651 3081 3742 3136 διὰ
3780 3082 3843 3134 τὸ

2248 3192 2338 3244 τὸν
2363 3187 2583 3257 Πατέρα
2606 3184 2884 3255 φείδεσθαι
2915 3180 3097 3237 αὐτῶν
3146 3181 3251 3245 ἔτι,
3284 3178 3382 3232 καὶ
3438 3175 3515 3248 μὴ
3567 3173 3843 3246 περιελεῖν

2246 3281 2344 3351 τὴν
2373 3278 2529 3350 ἰσχὺν
2555 3276 2757 3341 αὐτῶν,
2794 3274 2934 3329 ἀλλὰ
2961 3272 3320 3343 συγχωρῆσαι
3350 3269 3566 3331 τούτοις
3593 3268 3696 3338 τὴν
3740 3284 3844 3320 κυ-

2248 3374 2503 3445 ριαρχίαν
2530 3370 2628 3424 τοῦ
2660 3368 2977 3438 σύμπαντος
3003 3365 3214 3435 κόσμου
3259 3363 3422 3434 μέχρι
3472 3358 3793 3419 συντελείας
3821 3378 3838 3395 ο

2241 3465 2337 3518 καὶ
2385 3463 2494 3532 γὰρ
2538 3460 2637 3514 καὶ
2679 3459 2772 3513 τὸν
2820 3456 2951 3510 Υίὺν
2994 3454 3116 3508 κατ’
3168 3454 3343 3525 ἀρχὰς
3395 3455 3474 3514 είς
3507 3451 3599 3504 τὸν
3636 3449 3845 3518 κόσμον

2241 3556 2713 3625 ἀποστελλόμενον
2736 3552 2961 3623 αἰτῆσαι
2998 3549 3100 3622 μὲν
3126 3547 3226 3625 τὴν
3257 3545 3498 3614 παντελῆ
3543 3542 3845 3597 κατάλυσιν

2245 3652 2451 3716 αὐτῶν,
2493 3623 2571 3721 μή
2600 3647 2786 3702 λαϐεῖν
2807 3646 2867 3699 δὲ
2899 3643 3107 3715 ταύτην
3135 3623 3226 3696 διὰ
3254 3645 3354 3711 τὴν
3377 3638 3694 3718 ἀγαθότητα
3743 3633 3843 3687 τοῦ

2246 3743 2483 3816 Πατρός.
2531 3741 2686 3795 Ἐπεὶ
2712 3740 2771 3794 δὲ
2802 3739 2898 3792 καὶ
2929 3736 3028 3807 τὴν
3062 3733 3335 3806 φλυαρίαν
3366 3731 3571 3799 ταύτην
3603 3727 3711 3782 ἀπὸ
3739 3727 3841 3795 τῆς

2245 3838 2513 3904 αἱρέσεως
2545 3836 2654 3890 τῶν
2685 3830 3054 3889 Μασαλιανῶν
3086 3825 3467 3899 μεμαθήκασι,
3514 3822 3751 3892 ζήτησον
3783 3820 3843 3872 έν

2242 3931 2322 4000 τῷ
2339 3929 2458 3983 κατ’
2505 3927 2732 3982 ἐκείνων
2767 3924 2932 3993 τίτλῳ
2953 3921 3016 3975 τὸ
3047 3926 3089 3973 ε’
3122 3917 3421 3988 κεφάλαιον
3454 3915 3551 3968 καὶ
3598 3912 3666 3965 τὰ
3709 3911 3844 3979 ἑφε-

2250 4023 2347 4095 ξῆς
2373 4019 2541 4087 ὀκτὼ,
2574 4020 2669 4072 καὶ
2721 4018 2853 4080 τοὺς
2898 4014 3155 4083 ἐλέγχους
3206 4008 3463 4077 εὑρήσεις
3507 4005 3566 4057 έν
3610 4003 3844 4062 ἐκείνοις

2246 4115 2681 4188 ἀναντιρῤήτως.
2717 4112 2949 4179 Εἴρηται
2968 4105 3028 4159 δὲ
3054 4103 3150 4158 καὶ
3188 4100 3450 4171 ἀνωτέρω
3479 4098 3610 4167 περ)⁸
3637 4095 3847 4148 τούτων

2241 4210 2301 4260 ὲν
2328 4208 2406 4278 τῷ
2443 4187 2507 4277 ιβ’
2546 4201 2829 4272 κεφαλαίῳ
2860 4199 2954 4254 τοῦ
2989 4196 3255 4266 παρόντος
3277 4191 3481 4245 τίτλου.
3519 4187 3718 4240 ’Ὀτιδὲ
3750 4187 3845 4238 καὶ

2250 4301 2377 4362 τοὺς
2407 4299 2671 4368 δαίμονας
2705 4295 3091 4366 ἰσχυροτέρους
3127 4283 3270 4344 εἶναι
3298 4287 3521 4356 λέγουσι
3549 4283 3646 4338 τοῦ
3705 4283 3844 4353 Χρι-

557 4387 686 4444 στοῦ
718 4406 779 4442 τε
814 4389 911 4442 καὶ
938 4387 1034 4442 τοῦ
1065 4390 1222 4458 ἁγίου
1291 4390 1629 4460 Πνεύματος,
1666 4390 1811 4453 τίνος
1867 4390 1970 4444 οὐκ
2001 4392 2067 4445 ἂν
2104 4388 2216 4445 εἶεν
2254 4392 2396 4458 ἄξιοι
2454 4391 2735 4452 κολάσεως
2785 4392 2837 4442 ot
2894 4389 3178 4458 θεομάχοι,
3228 4387 3326 4441 καὶ
3376 4382 3713 4454 βλάσφημοι,
3751 4379 3849 4430 καὶ

556 4484 955 4559 προσκυνηταὶ,
986 4483 1081 4538 καὶ
1131 4485 1466 4554 θεραπευταὶ
1521 4484 1634 4538 τῶν
1689 4484 1993 4554 δαιμόνων,
2052 4488 2149 4540 καὶ
2184 4488 2560 4559 δαιμονιώδεις
2579 4488 2769 4550 ὅντως,
2801 4487 2897 4540 καὶ
2923 4484 3344 4554 φιλοδαίμονες;

625 4577 718 4633 2i.
744 4577 894 4633 Hanc
923 4578 1053 4632 item
1087 4575 1298 4631 Domini
1353 4592 1540 4632 vocem
1592 4578 1644 4631 in
1676 4577 1981 4647 Evangeliis
2001 4581 2137 4648 scrip

2241 4603 2244 4625 ι
2344 4583 2453 4638 κα’.
2463 4583 2584 4636 Ἔτι
2605 4596 2919 4662 προσεγαγεγ
2930 4578 3129 4649 ράφθαι
3144 4579 3239 4630 καὶ
3249 4575 3453 4642 ταύτην
3465 4572 3616 4641 ἔλεγε
3630 4572 3726 4625 τοῦ
3740 4572 3848 4625 Κυ-

553 4678 669 4724 tam
710 4677 993 4724 asserunt:
1021 4667 1185 4725 Omni
1209 4672 1427 4724 ratione
1448 4669 1611 4723 saluti
1634 4678 1831 4725 vestrae
1859 4672 2151 4737 consulite,

552 4759 656 4816 hoc
676 4768 779 4827 est,
814 4759 961 4814 omni
992 4769 1112 4815 arte
1158 4769 1214 4816 et
1242 4760 1367 4818 dolo
1398 4760 1721 4816 simulantes
1751 4760 1909 4817 (Idem
1956 4778 2147 4818 eorum

553 4852 646 4923 qui
676 4865 773 4906 vos
798 4852 1134 4920 Opprimunt,
1170 4861 1385 4907 servate
1414 4867 1508 4906 vos
1536 4867 1566 4906 a
1601 4853 1865 4921 periculo,
1893 4865 1950 4907 et
1976 4866 2151 4910 morte

556 4957 677 5012 qua:
708 4942 863 4998 vobis
890 4946 959 4999 ab
998 4944 1106 4999 illis
1131 4945 1396 4999 imminet.
1422 4944 1542 4999 Huc
1570 4945 1714 4998 enim
1757 4955 1812 4997 et
1846 4946 1975 4999 illud
2025 4962 2149 5015 spe-

554 5041 749 5088 ctare:
796 5033 1133 5103 Quaecunque
1166 5035 1421 5098 dixerint,
1459 5049 1579 5089 cum
1603 5034 1952 5090 simulatione
1990 5038 2151 5090 nimi-

553 5139 674 5179 rum
698 5124 1169 5193 facite,secundnm
1204 5141 1359 5193 Opera
1395 5136 1571 5180 autem
1598 5126 1832 5193 ipsorum
1866 5128 2025 5181 nolite
2053 5130 2141 5197 fa-

552 5220 730 5283 cere',
783 5217 835 5271 in
890 5218 1143 5271 veritate.
1201 5217 1417 5271 Etenim
1469 5218 1641 5287 ipsum
1679 5231 1899 5286 quoque
1961 5221 2145 5275 Domi-

553 5322 679 5360 num
707 5308 985 5376 discipulis
1000 5320 1184 5376 aperte
1213 5308 1454 5361 locutum
1472 5322 1615 5371 esse,
1647 5309 1943 5364 incredulis
1963 5321 2141 5366 autem

555 5413 606 5449 tn
639 5399 935 5468 parabolis,
963 5410 1021 5454 ut
1054 5399 1316 5453 increduli
1365 5400 1728 5454 simulationis
1767 5404 2002 5469 speciem
2060 5405 2146 5459 in-

2255 4679 2371 4751 ρίου
2406 4677 2614 4746 φωνὴν,
2635 4673 2837 4745 Τρόπῳ
2866 4672 3083 4740 σώθητε
3112 4686 3127 4700 θ
3159 4669 3440 4733 τουτέστι,
3475 4664 3633 4719 Μετὰ
3666 4680 3847 4734 μηχα-

2253 4772 2385 4841 νῆς,
2435 4767 2533 4821 καὶ
2578 4765 2798 4835 ἀπάτης
2858 4763 3288 4834 ὑποκρινόμενοι
3346 4760 3448 4827 τὴν
3499 4757 3688 4812 πίστιν
3732 4756 3847 4809 τῶν

2251 4860 2677 4928 ἀναγκαζόντων
2730 4858 2919 4928 ὑμᾶς,
2984 4858 3080 4909 καὶ
3149 4852 3294 4908 οὕτω
3363 4852 3665 4920 σωζόμενοι
3732 4846 3846 4900 ἀπὸ

2251 4953 2530 5018 κινδύνου,
2561 4954 2657 5006 καὶ
2683 4951 2920 5005 θανάτου
2958 4948 3053 5001 τοῦ
3103 4947 3238 5017 παρ’
3290 4947 3494 5008 αὐτων,
3552 4945 3632 5003 είς
3684 4940 3846 4995 τοῦτο

2250 5046 2359 5115 γὰρ
2393 5044 2582 5114 φέρειν
2617 5044 2713 5096 καὶ
2734 5043 2815 5107 τὸ,
2845 5044 3005 5095 Ὅσα
3043 5040 3121 5094 ἂν
3149 5039 3405 5093 εἴπωσιν
3450 5033 3592 5103 ὑμῖν·
3620 5029 3841 5095 ποιεῖν,

2248 5136 2493 5202 ποιεῖτε,
2526 5137 2584 5189 ὲν
2617 5135 2908 5205 ὑποκρίσει
2940 5133 3186 5203 δηλονότι
3211 5171 3226 5197 ,
3264 5133 3416 5184 κατὰ
3454 5127 3522 5181 δὲ
3580 5125 3654 5178 τὰ
3697 5125 3845 5192 ἔργα

2243 5226 2445 5282 αὐτῶν
2477 5225 2564 5294 μὴ
2594 5224 2840 5286 ποιεῖτε,
2892 5225 2951 5278 ὲν
2979 5222 3245 5292 ἀληθείᾳ⁹
3288 5221 3383 5274 καὶ
3438 5217 3548 5285 γὰρ
3600 5214 3695 5267 καὶ
3742 5212 3847 5265 αὑ-

2243 5320 2336 5371 τὸν
2386 5318 2478 5371 τὸν
2524 5317 2729 5386 Κύριον
2767 5319 2881 5380 τοῖς
2945 5317 3044 5385 μὲν
3099 5314 3371 5384 μαθηταῖς
3404 5308 3579 5382 ὀρθῶς
3634 5304 3845 5369 λαλεῖν.

2250 5417 2362 5475 τοῖς
2395 5413 2454 5464 δὲ
2494 5412 2747 5474 ἀπίστοις
2790 5412 2848 5463 έν
2879 5408 3240 5481 παραϐολαῖς,
3305 5405 3397 5458 ἵνα
3448 5400 3743 5472 βλέποντες
3799 5386 3848 5446 οἱ

554 5499 765 5546 tuentes
821 5507 928 5545 non
987 5493 1201 5546 videant
1251 5492 1300 5546 id
1358 5494 1499 5560 quod
1536 5491 1588 5545 in
1626 5493 1883 5548 cordibus
1940 5500 2137 5556 nostris

2251 5506 2468 5559 ἄπιστοι
2499 5506 2559 5556 τὸ
2585 5505 2911 5574 φαινόμενον
2934 5504 3032 5573 τῆς
3082 5500 3423 5570 ὑποκρίσεως
3477 5498 3551 5565 μὴ
3605 5491 3851 5562 βλέπωσι

557 5583 886 5635 reconditum
908 5593 1014 5649 est,
1043 5594 1095 5638 et
1124 5585 1401 5638 audientes
1416 5599 1518 5637 non
1554 5585 1793 5640 audiant.
1824 5587 2137 5648 Parabolam

2252 5600 2314 5652 τὸ
2350 5598 2730 5669 κρυπτόμενον
2764 5599 2824 5653 ὲν
2854 5600 2974 5659 ταῖς
3006 5594 3257 5665 καρδίαις
3293 5591 3470 5662 ήμῶν,
3509 5586 3599 5639 καὶ
3621 5580 3854 5637 ἀκούον-

633 5784 650 5814 ¹
682 5781 877 5840 Matth.
910 5798 987 5848 ιι,
1022 5782 1110 5838 l5.
1187 5788 1208 5818 ¹
1240 5786 1433 5843 Matth.
1465 5804 1659 5857 xxxnt,
1686 5790 1740 5848 5.
