4132 6402
378 315 525 383 1317

1311 319 1685 379 I’ANOPLIA
1727 316 2191 377 DOCMATICA.
2233 340 2299 350 —
2334 315 2481 377 TIT.
2527 316 2775 376 XXVII.

3540 308 3680 379 1318

369 451 462 497 τες
502 436 577 504 μὴ
618 432 885 499 ἀκούωσι,
917 432 1240 504 παραϐολὴν
1268 430 1556 498 ὀνομάζων
1613 431 1711 501 τὴν
1760 430 1961 498 exciam

2083 427 2251 491 enim,
2317 426 2592 496 inquiunt,
2636 424 2869 495 appellat
2929 425 3111 480 dolum
3165 434 3220 479 et
3251 426 3677 484 simulationem.

370 528 466 579 καὶ
490 526 588 594 τὴν
620 525 935 595 ὑπόκρισιν.
977 525 1125 595 -Ἐγὼ
1146 526 1202 579 δὲ
1232 527 1332 595 τὴν
1366 526 1549 595 βίϐλον
1583 525 1689 576 τῶν
1722 525 1964 591 Εὑαγγε-

367 618 498 670 λίων
534 615 628 671 τοῦ
662 615 839 669 ταῦτα
882 616 1226 681 διδάσκοντος
1257 620 1336 681 είς
1392 619 1581 687 χεῖρας
1621 614 1821 680 λαϐὼν,
1870 614 1966 666 καὶ

368 710 863 781 διερευνησάμενος
891 708 1137 780 ἀκριϐῶς
1166 708 1289 761 οὔτε
1328 709 1425 779 τὴν
1455 710 1561 780 πρὸ
1610 708 1816 778 ταύτης
1870 706 1965 774 δη-

369 802 641 854 λωθεῖσαν
683 798 843 872 εὗρον
888 801 1094 871 φωνὴν,
1138 800 1273 855 ,οὔτε
1302 802 1401 871 τὴν
1456 800 1765 872 παροῦσαν,
1828 799 1966 853 ἁλλά

366 894 593 946 τοιαῦτα
640 888 780 963 ἦσαν
841 893 909 945 τὰ
964 894 1208 961 τέσσαρα
1265 894 1597 961 Εύαγγέλια,
1645 889 1731 946 οἷα
1757 892 1852 945 καὶ
1900 891 1967 943 τὰ

368 985 504 1056 παρ’
559 988 693 1056 ἡμῖν
754 986 1192 1055 ἁπαραποιὴτως
1242 986 1458 1055 ἔχοντα,
1513 986 1607 1039 καὶ
1664 982 1967 1055 ἀνήγγειλα

368 1080 542 1149 τούτῳ
591 1079 721 1149 περὶ
746 1077 958 1132 τούτου.
1003 1076 1059 1131 ’0
1104 1079 1159 1132 δὲ
1194 1079 1599 1147 σκυθρωπάσας
1656 1078 1750 1132 καὶ
1800 1077 1968 1129 δεινο-

374 1172 624 1242 παθήσας
654 1171 729 1234 ὡς
758 1171 1121 1241 ὲληλεγμένος
1151 1171 1475 1240 ὡμολόγησε
1516 1171 1649 1241 μηδέ
1677 1187 1807 1222 ποτε
1842 1168 1963 1239 μηδ’

366 1264 529 1325 αὐτὸς
553 1262 973 1331 ἐντετυχηκέναι
1011 1265 1131 1323 ταῖς
1165 1261 1259 1313 δύο
1290 1261 1517 1322 ταύταις
1568 1261 1797 1327 φωναῖς,
1844 1258 1967 1311 καί·

345 1339 449 1461 ἱτοι
479 1354 746 1416 πολλάκις
787 1353 1187 1420 ἀναγινώσκων
1223 1354 1283 1406 τὺ
1313 1353 1673 1421 Εὑαγγέλιον.
1728 1352 1857 1405 Ὅτε
1885 1351 1965 1415 δὲ,

367 1448 500 1517 φησὶ
522 1486 538 1512 ,
574 1446 671 1515 τὴν
720 1446 1001 1516 παροῦσαν
1035 1446 1215 1516 βίϐλον
1238 1445 1344 1497 τῶν
1378 1446 1729 1513 Εὐαγγελίων
1764 1445 1968 1512 ἐξωνη-

369 1540 576 1609 σάμην,
612 1538 907 1608 ἀπήντησα
945 1537 1168 1608 γέροντι
1210 1537 1352 1590 κατά
1379 1555 1503 1590 τινα
1542 1539 1706 1589 τόπον
1736 1537 1964 1604 ἔρημον,

367 1634 463 1687 καὶ
491 1631 725 1694 καλέσας
763 1632 870 1683 ἀπὸ
898 1630 991 1683 τοῦ
1024 1630 1291 1694 ὀνόματος
1328 1627 1448 1683 εἶπέ
1490 1647 1603 1699 μοι,
1637 1631 1721 1683 ὅτι
1773 1630 1967 1696 Μέγαν

368 1724 624 1791 ἑξωνήσω
651 1722 944 1792 θησαυρόν.
981 1722 1200 1787 Ταύτην
1249 1725 1357 1791 γάρ
1394 1723 1564 1792 μόνην
1624 1724 1725 1791 τήν
1784 1720 1967 1790 βίϐλον

2079 519 2189 587 Ego
2220 532 2347 571 vero
2378 534 2501 572 cum
2540 517 2959 587 Evangeliorum
2991 516 3189 570 librum
3246 519 3404 573 istius
3444 520 3681 577 doctoris

2077 612 2131 663 in
2165 622 2360 663 manus
2392 609 2679 675 cepissem,
2712 619 2763 661 et
2796 609 3081 678 diligenter
3114 607 3467 676 evolvisscm,
3507 625 3683 680 neque

2075 715 2263 755 vocem
2302 702 2662 769 superiorem,
2698 716 2874 770 neque
2935 701 3073 755 hanc
3130 702 3329 771 reperi.
3380 700 3483 755 Sed
3552 704 3678 758 talia

2074 802 2239 847 erant
2310 802 2544 863 quatuor
2588 792 2902 861 Evangelia,
2958 794 3142 862 qualia
3196 805 3321 849 sunt
3387 794 3527 864 apud
3557 810 3678 860 nos,

2077 901 2256 956 neque
2304 886 2411 940 ulla
2442 902 2498 940 re
2534 888 2939 957 discrepabant.
2997 886 3149 954 Quod
3196 904 3317 941 cum
3377 890 3443 939 ad
3501 887 3679 956 ipsum

2077 978 2416 1043 detulissem,
2463 978 2549 1032 ille
2577 980 2768 1042 tristis,
2833 988 2888 1033 et
2927 994 3038 1031 rem
3061 994 3205 1050 aegre
3264 980 3463 1044 ferens,
3493 991 3683 1050 utpote

2077 1072 2467 1139 deprehensus,
2499 1071 2780 1125 confessus
2809 1080 2912 1135 est,
2958 1086 3026 1124 ne
3060 1087 3117 1124 se
3148 1070 3366 1137 quidem
3420 1074 3554 1125 duas
3583 1072 3682 1125 bas

2076 1180 2259 1229 voces,
2299 1179 2420 1217 cum
2454 1179 2597 1232 smpe
2648 1165 2908 1233 relcgeret
2939 1164 3312 1233 EVEIDgt‘lllllll,
3372 1164 3681 1232 deprehen-

2076 1256 2257 1325 ilissicj:
2296 1256 2400 1311 Sed
2446 1273 2566 1309 cum
2601 1257 2794 1310 librum
2834 1258 2999 1317 hunc,
3029 1257 3221 1325 inquit,
3260 1256 3678 1326 Evangeliorum

2076 1350 2203 1413 emi,
2244 1352 2294 1403 in
2345 1351 2580 1419 quadam
2614 1349 2907 1403 solitudine
2940 1364 3130 1403 senem
3171 1348 3397 1413 offendi,
3464 1350 3553 1418 qui
3590 1365 3681 1402 me

2079 1441 2302 1495 nomine
2340 1440 2696 1510 compellans,
2731 1441 2828 1504 ait,
2890 1454 2973 1493 me
3032 1440 3346 1494 thesaurum
3419 1455 3677 1509 magnum

2076 1538 2300 1602 emisse,
2333 1536 2480 1590 illum
2514 1536 2657 1590 enim
2709 1537 2905 1589 librum
2945 1536 3122 1591 solum
3149 1535 3376 1590 Joannis
3438 1534 3681 1605 Phryso—

2078 1630 2263 1693 Stomi,
2298 1630 2375 1683 sic
2413 1630 2559 1683 enim
2601 1644 2825 1682 aureum
2876 1629 3001 1682 illud
3027 1644 3090 1683 os
3136 1628 3515 1697 impurissimae
3546 1629 3680 1682 isto-

2080 1737 2197 1773 rum
2227 1722 2422 1790 lingum
2451 1722 2748 1791 appellant,
2782 1737 2973 1774 manus
3024 1719 3301 1791 effugisse,
3334 1730 3389 1773 et
3413 1720 3552 1775 duas
3582 1736 3681 1771 vo-

364 1814 733 1883 διαφυγοῦσσν
767 1816 867 1876 τὰς
896 1816 1083 1883 χεῖρας
1127 1814 1379 1867 Ἰωάννου
1411 1814 1504 1867 τοῦ
1536 1815 1917 1883 Φρυσοστόμου
1946 1829 1959 1842 ·

2068 1827 2156 1867 ces
2178 1828 2240 1865 ex
2263 1813 2382 1865 aliis
2412 1812 2720 1880 Evangeliis
2742 1813 2991 1868 exclusas
3013 1829 3158 1869 esse.
3186 1814 3351 1881 Cujus
3377 1828 3476 1883 ego
3501 1813 3680 1868 verbis

364 1905 457 1959 τὸν
514 1906 623 1975 γὰρ
682 1907 1072 1976 Χρυσόστομον
1126 1904 1299 1967 οὕτως
1369 1908 1419 1957 oi
1480 1905 1961 1975 ἀκαθαρτόστομοι

2067 1905 2262 1975 inquit,
2292 1906 2451 1960 fidem
2493 1907 2723 1970 habens,
2753 1908 3007 1975 przedico,
3040 1907 3175 1960 duas
3216 1909 3341 1961 item
3388 1908 3487 1961 has
3511 1922 3680 1961 voces

368 1997 819 2069 προσωνόμαζονο
849 1998 994 2068 ἔχειν
1027 1998 1491 2068 ἐγγεγραμμένας
1529 1998 1630 2060 τὰς
1662 1998 1961 2068 εἰρημένας

2067 1996 2121 2050 in
2169 1997 2479 2068 Evangeliis
2509 1999 2749 2067 scriptas
2781 2014 2924 2055 esse.
2973 1998 3065 2053 Ille
3100 1999 3319 2067 quidem
3373 1998 3512 2052 hanc
3535 2008 3681 2052 attu-

364 2090 461 2144 δύο
492 2094 700 2159 φωνὰς,
748 2090 1111 2160 ὲκϐληθείσας
1161 2091 1271 2144 ἀπὸ
1320 2090 1429 2146 τῶν
1483 2091 1660 2145 ἄλλων
1720 2091 1961 2160 Εὑαγγε-

2067 2089 2128 2142 lit
2159 2089 2555 2145 defensionem.
2592 2090 2703 2160 Ego
2739 2105 2869 2145 vero
2909 2090 3102 2145 statim
3177 2089 3446 2157 intellexi,
3477 2090 3679 2144 (latino-

364 2181 518 2236 λίων.
549 2181 855 2245 Πιστεύσας
880 2184 935 2236 δὲ
971 2184 1083 2245 τοῖς
1109 2182 1319 2234 ἐκείνου
1338 2182 1515 2250 λόγοις
1544 2181 1673 2250 ἐγὼ,
1706 2181 1961 2252 κηρύττω

2067 2195 2190 2234 nem
2230 2179 2400 2237 fuisse
2443 2181 2617 2248 illum,
2651 2182 2743 2252 qui
2785 2182 2884 2239 sub
2932 2182 3212 2237 mendacis
3250 2183 3400 2238 senis
3437 2196 3677 2253 persona

366 2272 462 2325 καὶ
490 2272 718 2338 ταύτας,
742 2272 819 2335 ὡς
848 2275 915 2343 τῇ
947 2274 1054 2341 ἐμῇ
1106 2271 1274 2342 βίϐλῳ
1312 2272 1420 2326 τῶν
1462 2271 1812 2339 Εὑαγγελίων
1873 2273 1961 2340 ὲγ-

2070 2274 2280 2329 locutus
2301 2275 2497 2329 fuerat.

366 2370 783 2440 γεγραμμένας.
832 2366 890 2420 Ὀ
928 2368 1027 2439 μὲν
1074 2367 1169 2420 οῦν
1217 2367 1478 2436 τοιαύτην
1511 2368 1815 2433 ἐποιήσατο
1871 2368 1969 2437 τὴν
2010 2368 2335 2437 ἀπολογίαν,
2404 2367 2518 2437 ἐγὼ
2580 2369 2638 2422 δὲ
2675 2370 2886 2441 συνῆκα
2929 2369 3166 2440 ταχέως,
3213 2368 3298 2421 ὅτι
3346 2370 3374 2421 ό
3432 2368 3676 2422 Σατανᾶς

366 2459 435 2534 ἦν
464 2464 492 2515 ὁ
510 2462 599 2513 τὸν
622 2460 961 2530 ψευδόγηρον
987 2462 1195 2514 ἐκεῖνον
1229 2461 1688 2531 ὑποκρινάμενος.

446 2548 735 2621 κβ’.Λέγου
745 2571 795 2606 σι
811 2554 937 2617 τοὺς
952 2553 1049 2623 τῆς
1063 2554 1302 2618 πίστεως
1314 2556 1511 2620 αὐτῶν,
1530 2558 1676 2618 ὅσοις
1694 2559 1966 2629 ἐνοικήσει

367 2646 431 2698 τὸ
472 2645 602 2715 παρ’
632 2647 815 2708 αὐτοῖς
842 2646 995 2715 ἆγιον
1024 2648 1272 2717 Πνεῦμα,
1309 2647 1518 2712 πάντας
1551 2651 1839 2714 θεοτόκους
1863 2653 1960 2705 καὶ

369 2733 534 2803 εἶναι,
559 2738 653 2790 καὶ⁵
679 2736 1069 2805 ὀνομάζεσθαι,
1102 2737 1479 2806 βαστάσαντας
1512 2741 1605 2791 καὶ
1647 2741 1843 2803 αὐτοὺς
1876 2744 1966 2795 τὸν

368 2831 542 2898 Λόγον
570 2830 666 2883 τοῦ
694 2829 853 2894 Θεοῦ,
881 2832 975 2883 καὶ
1004 2832 1373 2902 γεννήσαντας
1424 2833 1585 2884 αὑτὸν
1612 2833 1701 2885 διὰ
1751 2834 1846 2887 τοῦ
1878 2836 1961 2888 δι-

366 2920 587 2974 δάσκειν
612 2920 854 2988 ἑτέρους,
889 2918 984 2972 καὶ
1042 2920 1207 2991 μηδὲν
1238 2920 1397 2972 πλέον
1442 2921 1623 2973 αὐτῶν
1676 2920 1819 2991 ἔχειν
1862 2922 1959 2991 τὴν

367 3009 593 3082 πρώτην
621 3007 904 3061 Θεοτόκον.
930 3010 1039 3063 Καὶ
1060 3009 1178 3061 οὐδὲ
1203 3009 1456 3061 τοσοῦτον
1480 3010 1612 3077 γοῦν
1646 3011 1955 3080 φρονοῦσιν,

2142 2553 2308 2607 Aiunt
2357 2569 2488 2608 suos
2543 2568 2751 2619 oinnes,
2804 2552 2858 2607 in
2898 2553 3096 2621 quibus
3148 2550 3388 2621 Spiritus
3448 2563 3675 2610 sanctus

2068 2645 2295 2708 habitat,
2345 2644 2438 2697 Dei
2474 2654 2727 2712 parentes
2749 2653 2802 2697 et
2834 2659 2979 2698 esse.
3013 2654 3069 2697 et
3109 2644 3378 2697 nominari
3414 2657 3537 2696 cum
3568 2644 3674 2713 ipsi

2065 2752 2281 2806 quoque
2316 2736 2407 2789 Dei
2446 2734 2681 2789 Verbum
2721 2737 3055 2804 concipiant,
3096 2743 3149 2789 ct
3184 2735 3235 2788 in
3268 2748 3427 2789 utero
3457 2746 3671 2805 gerant,

2062 2841 2232 2900 atque
2320 2832 2482 2883 etiam
2539 2828 2756 2897 pariant
2812 2828 2939 2881 dum
2982 2829 3117 2881 alios
3173 2829 3387 2881 docent.
3428 2827 3492 2880 Et
3534 2814 3673 2883 nihil

2066 2923 2319 2990 amplius,
2353 2937 2512 2988 quam
2570 2922 2669 2988 ipsi
2708 2920 2961 2983 habeant,
3002 2920 3204 2975 habere
3261 2921 3492 2989 primam
3524 2922 3670 2975 illam

2073 3016 2163 3069 Del
2199 3012 2567 3069 Genitricem.
2634 3012 2747 3067 Nec
2788 3021 2995 3066 tantum
3037 3014 3239 3067 habent
3269 3015 3481 3077 mentis,
3511 3025 3565 3067 ιιι
3597 3016 3674 3068 in.

367 3102 491 3155 ὅσον
516 3102 716 3155 είδέναι
742 3102 1005 3171 διαφορὰν
1030 3102 1399 3155 ὲνυποστάτου
1434 3102 1529 3155 καὶ
1550 3102 1751 3167 ζῶντος
1787 3104 1961 3171 Λόγου

2072 3106 2314 3174 telligere
2340 3106 2576 3169 valeant,
2609 3104 2735 3173 quid
2760 3105 2975 3159 intersit
3014 3104 3154 3159 inter
3202 3104 3443 3160 Verbum
3478 3107 3529 3160 in
3570 3123 3671 3161 sua

369 3194 555 3257 ἁπλῶς
621 3194 782 3262 λόγου
828 3194 1187 3265 προφορικοῦ,
1236 3195 1322 3247 ἵνα
1378 3195 1837 3265 παραδράμωμεν
1891 3198 1961 3250 τὰ

368 3286 509 3339 κατὰ
567 3284 666 3356 τὴν
724 3284 927 3355 κυρίως
985 3286 1247 3340 Θεοτόκον
1303 3287 1508 3357 φρικτὰ
1552 3289 1648 3341 καὶ
1682 3288 1961 3358 παράδοξα

372 3377 675 3448 μυστήρια.

455 3470 691 3538 Λέγουσι
747 3470 875 3532 τοὺς
931 3470 1210 3532 τοιούτους
1258 3470 1332 3540 μὴ
1388 3472 1776 3543 ἀποθνήσκειν,
1824 3474 1961 3528 ἀλλὰ

371 3561 759 3629 μεθίστασθαι,
785 3562 1039 3633 καθάπερ
1070 3563 1129 3614 ὲν
1159 3560 1403 3632 ὖπνῳ,τδ
1430 3564 1656 3633 πήλινον
1687 3566 1834 3619 τουτὶ
1865 3571 1960 3618 καὶ

370 3658 628 3727 σάρκινον
656 3654 1004 3726 περιϐόλαιον
1051 3656 1270 3718 ἀπόνως
1307 3656 1692 3726 ὲκδυομένους,
1746 3661 1841 3711 καὶ
1862 3660 1961 3728 τὴν

368 3749 647 3821 ἄφθαρτον
683 3746 779 3802 καὶ
804 3747 956 3801 θείαν
977 3746 1072 3801 τοῦ
1098 3747 1338 3818 Χριστοῦ
1359 3749 1552 3819 στολὴν
1580 3749 1957 3820 ἐνδυομένους,

367 3843 464 3895 καὶ
514 3840 836 3911 γινομένους
870 3839 1194 3910 συσσώμους
1230 3841 1327 3895 καὶ⁹
1373 3842 1736 3912 συμμόρφους
1767 3842 1958 3909 αὑτοῦ,

370 3932 809 4005 μεθισταμένους
842 3932 931 3986 διὰ
955 3933 1291 4003 προπομπῆς
1334 3934 1605 4003 ἀγγέλων,
1664 3934 1759 3988 καὶ
1823 3935 1960 3988 ἀπο-

368 4025 568 4079 στόλων
598 4026 678 4088 είς
707 4026 808 4093 τὴν
839 4025 1121 4095 βασιλείαν
1147 4026 1243 4078 τοῦ
1293 4028 1510 4097 Πατρὸς
1531 4069 1546 4093 ,
1596 4028 1657 4081 τὸ
1686 4028 1733 4081 δ’
1763 4028 1961 4081 ἀποδυ-

367 4119 459 4172 θὲν
496 4117 657 4187 σῶμα
683 4118 893 4170 τούτων
926 4120 1006 4181 είς
1030 4118 1240 4188 τέφραν
1272 4120 1368 4173 καλ⁸
1418 4121 1569 4174 κόνιν
1623 4120 1955 4184 διαλύεσθαι,

371 4213 570 4283 μηκέτι
598 4211 863 4281 μηδαμῶς
893 4210 1280 4281 ἀνιστάμενον.
1331 4212 1452 4266 Ὅτι
1498 4213 1555 4266 δὲ
1596 4214 1658 4267 οὐ
1706 4214 1958 4284 καθάπερ

369 4306 427 4358 ὲν
458 4304 630 4370 ὕπνῳ,
659 4306 749 4356 καὶ
773 4302 1072 4356 ἀπεκδύσει
1101 4303 1452 4373 περιϐολαίου
1484 4306 1697 4372 γίνεται
1745 4307 1958 4368 τούτοις

367 4396 638 4458 ἁνῶδυνος
678 4397 706 4448 ὁ
739 4394 987 4455 θάνατος,
1034 4392 1236 4459 ἔδειξεν
1272 4395 1301 4445 ό
1329 4397 1429 4463 τῆς
1479 4398 1746 4465 αἱρέσεως
1777 4400 1957 4452 αὐτῶν

2064 3200 2367 3255 subsistens
2412 3214 2665 3268 persona,
2710 3209 2762 3252 et
2798 3200 3047 3261 verbum,
3120 3198 3262 3265 quod
3298 3214 3395 3254 ore
3426 3214 3671 3270 pronun-

2066 3292 2251 3353 tiatur,
2289 3299 2348 3344 ut
2369 3291 2689 3344 omittamus
2720 3305 2807 3343 res
2862 3289 3202 3344 venerandas
3230 3298 3286 3342 et
3316 3289 3670 3344 admirabiles

2062 3399 2183 3454 qum
2214 3384 2266 3437 iu
2294 3383 2383 3436 Dei
2415 3382 2691 3438 Genitrice
2724 3383 2959 3452 propriae
2988 3391 3134 3436 sunt.

2133 3474 2224 3527 25.
2261 3476 2331 3527 At
2368 3475 2461 3541 qui
2519 3475 2632 3527 sint
2660 3475 2950 3542 ejusmodi,
3000 3487 3093 3527 eos
3136 3482 3337 3542 negant
3393 3471 3552 3539 mori,
3577 3473 3670 3526 sed

2065 3574 2325 3633 tanquam
2358 3566 2411 3617 in
2445 3580 2636 3618 somno
2667 3564 3021 3618 transmutari
3045 3603 3058 3625 .
3102 3574 3157 3619 et
3205 3567 3324 3620 sine
3354 3565 3461 3619 ullo
3486 3566 3670 3620 labore

2062 3671 2344 3711 cmnosum
2397 3658 2501 3710 hoc
2559 3656 2741 3711 carnis
2794 3656 3167 3710 indumentum
3232 3671 3454 3724 exuere,
3503 3667 3671 3727 atque

2064 3748 2430 3803 immortalem
2486 3763 2549 3801 ac
2607 3747 2847 3801 divinam
2904 3748 3108 3802 Christi
3154 3747 3348 3803 stolam
3418 3749 3666 3815 induere,

2064 3840 2320 3905 idemque
2392 3853 2592 3907 corpus
2644 3847 2699 3892 et
2747 3838 2976 3891 formam
3036 3839 3282 3893 eamdem
3341 3838 3589 3906 induere,
3613 3850 3669 3894 et

2064 3931 2432 4001 praceuntibus
2488 3931 2695 4000 angelis
2739 3939 2794 3983 et
2825 3930 3084 3997 apostolis
3115 3930 3167 3983 in
3205 3929 3380 3995 Patris
3442 3946 3667 3998 regnum

2064 4024 2301 4088 admitti,
2342 4038 2541 4091 corpus
2577 4032 2780 4088 autem,
2813 4024 2957 4090 quod
2988 4023 3258 4085 exuerint,
3317 4024 3371 4077 in
3426 4024 3667 4078 cinerem

2064 4116 2448 4183 pulveremque
2475 4114 2719 4177 dissolvi,
2784 4124 3061 4182 utinquam
3128 4115 3359 4182 amplius
3390 4126 3671 4168 surrectu-

2064 4225 2205 4263 rum.
2273 4208 2379 4263 Sed
2445 4208 2640 4261 falsum
2687 4224 2808 4262 esse
2840 4209 2984 4275 quod
3041 4216 3297 4275 tanquam
3360 4209 3412 4261 in
3476 4224 3667 4261 somno

2062 4303 2308 4370 corporis
2364 4311 2570 4355 exuant
2630 4304 3039 4363 vestimentum,
3096 4311 3149 4352 et
3176 4301 3294 4354 sine
3338 4301 3520 4354 dolore
3547 4316 3669 4353 tuo—

2061 4397 2291 4457 riantur,
2331 4394 2584 4462 princeps
2620 4392 2839 4446 hceresis
2863 4393 3102 4459 ipsorum
3137 4394 3398 4459 ostendit,
3432 4394 3523 4462 qui
3559 4408 3667 4445 ina'

367 4488 617 4557 ἔξαρχος,
640 4486 863 4548 πολλαῖς
894 4484 1110 4548 όδύναις
1134 4485 1465 4554 ὑποϐληθεὶς
1486 4490 1627 4557 μετά
1657 4490 1717 4541 τὸ
1737 4490 1957 4559 δοθῆναι

2067 4490 2186 4554 guis
2231 4486 2458 4540 allectus
2539 4487 2814 4539 doloribus
2873 4496 2927 4539 et
2984 4494 3103 4551 post
3166 4485 3327 4538 latam
3404 4488 3668 4541 adiersus

368 4580 489 4634 κατ’
516 4579 682 4632 αὑτοῦ
721 4577 820 4649 τὴν
851 4577 940 4630 διὰ
971 4576 1142 4650 πυρὸς
1167 4578 1468 4647 ἀπόφασιν,
1522 4580 1621 4634 καὶ
1677 4580 1753 4652 τῷ
1810 4583 1960 4653 φόϐῳ

370 4669 1023 4742 προσκαταδαπανηθεὶς,
1053 4670 1149 4722 κα)⁵
1187 4670 1413 4741 καιρίας
1461 4672 1677 4743 πληγὰς
1725 4675 1806 4737 είς
1862 4676 1961 4745 τὴν

368 4764 599 4836 καρδίαν
622 4763 938 4833 δεξάμενος,
969 4764 1060 4816 ὅτε
1082 4762 1177 4816 τοῦ
1206 4763 1485 4835 δράματος
1526 4766 1960 4837 ἀπογυμνωθέν-

365 4875 477 4920 τος,
512 4856 652 4925 ἔγνω
696 4855 1145 4926 κατασοφισθεὶς,
1197 4857 1309 4911 τῶν
1344 4858 1662 4929 μυστηρίων
1713 4860 1812 4930 μὲν
1862 4860 1960 4929 τῆς

369 4946 610 5008 πίστεως
659 4944 828 4999 αὐτοῦ
872 4945 1349 5016 δημοσιευθέντων
1393 4948 1488 5001 καὶ
1544 4951 1963 5020 παραδοθέντων

369 5042 556 5110 γραφῇ
590 5038 725 5108 πρὸς
762 5036 1057 5108 θρίαμϐον,
1094 5038 1206 5093 τῶν
1238 5039 1499 5111 μαθητῶν
1530 5042 1587 5096 δὲ
1623 5045 1810 5109 αὐτοῦ,
1870 5048 1964 5099 κα)⁸

374 5130 614 5200 μάλιστα
666 5132 970 5199 συγγενῶν,
1028 5132 1124 5184 καὶ
1175 5132 1283 5186 τῶν
1343 5133 1520 5198 ἄλλως
1574 5138 1963 5208 γνησιωτέρων

375 5223 858 5292 σαγηνευθέντων,
911 5224 1006 5276 καὶ
1049 5228 1167 5287 ταῖς
1217 5226 1465 5297 εἱρκταῖς
1520 5228 1966 5282 ὲναποκλεισθέν-

370 5331 507 5379 των,
536 5314 631 5367 καὶ
665 5317 844 5386 πάσης
864 5316 1015 5386 αὐτῷ
1040 5317 1382 5388 πανταχόθεν
1435 5318 1693 5389 βοηθείας
1743 5320 1961 5374 ἀπολωο

373 5403 570 5469 λυίας,
635 5409 730 5458 καὶ
778 5407 1028 5475 φρούδων
1083 5409 1193 5461 τῶν
1236 5410 1495 5479 ,ἐλπίδων
1550 5412 1956 5480 γεγενημένων.

377 5497 515 5558 Τοὺς
538 5498 648 5566 γὰρ
686 5496 959 5567 μαθητὰς,
986 5499 1061 5563 ὡς
1086 5500 1325 5571 εἴρηται,
1382 5502 1479 5554 καὶ
1503 5505 1791 5570 συγγενεῖς
1818 5502 1964 5557 οὕτω

378 5588 625 5651 ἐλεεινῶς
676 5589 899 5658 ἔχοντας
958 5593 1081 5645 ἰδὼν
1161 5593 1313 5663 παρὰ
1366 5594 1547 5647 πᾶσαν
1604 5595 1953 5665 προσδοκίαν·

440 5769 457 5799 ³
502 5768 697 5824 Mattn.
755 5784 913 5827 mn.
950 5770 1003 5825 5.

2060 4595 2180 4633 eum
2220 4574 2587 4640 sententiam,
2650 4586 2713 4630 ut
2792 4578 2912 4645 igne
2968 4586 3325 4641 cremaretur,
3376 4576 3667 4632 formidine

2060 4673 2425 4732 excruciatus,
2464 4669 2683 4723 lethalia
2726 4670 2950 4723 vulnera
2986 4670 3037 4721 in
3066 4684 3162 4722 cor
3218 4671 3518 4737 accipiens,
3546 4680 3666 4724 tan-

2059 4780 2220 4833 quam
2276 4763 2556 4817 histrionis
2590 4762 2774 4816 habitu
2818 4764 3063 4832 deposito
3092 4764 3358 4830 impostor
3418 4764 3664 4833 cognitus

2060 4865 2162 4919 εει,
2199 4856 2473 4924 mysteriis
2511 4855 2631 4909 ﬁdei
2664 4855 2831 4924 ipsius
2873 4856 3085 4923 publice
3132 4854 3435 4925 patefactis,
3479 4865 3533 4911 et
3577 4856 3666 4911 ιι-

2064 4956 2302 5003 terarum
2340 4951 2708 5002 monumentis
2746 4950 2931 5017 tropa‘i
2968 4949 3087 5003 loco
3116 4950 3477 5019 consignatis,
3534 4968 3661 5007 cum

2063 5048 2120 5095 et
2182 5041 2431 5109 discipuli
2475 5039 2615 5108 ejus,
2676 5041 2847 5094 etilli
2900 5044 3202 5109 praesertim
3246 5045 3337 5112 qui
3400 5046 3663 5113 sanguine

2063 5143 2114 5187 et
2177 5133 2576 5187 neceSsitudine
2638 5134 2909 5200 conjuncti
2947 5144 3126 5198 erant,
3194 5135 3551 5191 incarcerem
3607 5147 3663 5192 et

2062 5224 2278 5279 vincula
2313 5223 2540 5291 conjecti
2572 5234 2720 5288 sunt,
2749 5235 2805 5278 et
2837 5227 3221 5296 omnibusipse
3258 5228 3491 5293 undique
3511 5230 3662 5281 auxi-

2060 5316 2149 5372 liis
2178 5328 2232 5372 et
2261 5317 2408 5371 inani
2444 5330 2539 5385 spe
2577 5315 2840 5384 spoliatus
2868 5326 2969 5370 est.
2998 5318 3133 5370 Cum
3158 5316 3301 5369 enim
3364 5318 3658 5387 discipulos

2061 5426 2115 5469 et
2154 5412 2492 5468 necessarios
2530 5452 2545 5476 ,
2579 5420 2637 5464 ut
2668 5412 2873 5465 dictum
2908 5421 3011 5473 est,
3052 5420 3158 5463 tam
3186 5412 3385 5465 misere
3429 5413 3658 5469 allectos

2059 5506 2414 5577 perspiceret,
2471 5520 2611 5574 quos
2646 5509 2710 5557 ad
2752 5514 3054 5558 extremum
3095 5520 3265 5572 usque
3299 5504 3440 5557 diem
3472 5505 3658 5561 felices

2066 5599 2280 5655 futuros
2327 5613 2395 5654 ex
2458 5598 2601 5667 regis
2660 5596 2941 5667 promissis
3002 5594 3367 5664 eXistimabat,
3395 5612 3562 5667 seque
3588 5600 3657 5654 ab
3702 5592 3705 5593 ⁷
