4132 6406
479 354 617 419 1319

1722 349 2108 412 EUTIIYMII
2150 350 2515 409 ZlGABENI

3622 355 3641 417 1
3657 357 3766 420 3‘20

474 472 579 525 illis
608 469 925 540 proditionis
954 466 1210 530 incusari,
1260 465 1437 520 fontes
1469 465 1652 521 emisit
1689 465 2075 536 lacrymarnm,

2191 465 2486 533 μέχριγὰρ
2515 463 2610 534 τῆς
2644 463 2957 527 τελευταίας
3000 465 3213 534 ἡμέρας
3271 466 3407 537 ᾤετο
3441 469 3649 534 πάντας
3706 479 3766 527 ὲν

471 571 528 616 et
559 561 856 630 profundos
887 561 1059 613 edidit
1094 559 1350 628 gemitus,
1384 557 1583 625 quibus
1639 559 1822 610 cordis
1849 555 2068 608 ﬂamma

476 657 838 710 indicabatur.
893 652 1270 706 Calamitatum
1321 651 1483 719 igitur
1544 636 2074 716 tanquatn'turbine

479 749 718 818 quodam
751 747 986 814 jactatus
1013 745 1196 797 animo
1221 742 1530 804 deﬁciebat,
1568 749 1622 795 et
1655 741 1903 808 spiritum
1933 739 2073 791 rcci-

476 841 629 909 piens
655 853 868 891 rursum
938 835 1308 903 torquebatur,
1364 842 1416 888 ct
1453 833 1750 885 consistere
1784 846 1885 883 non
1919 839 2072 896 pote-

478 938 589 994 rat,
632 929 803 982 donec
841 943 869 980 a
909 927 1178 980 ministris
1207 924 1449 978 sublatus
1481 924 1544 976 ad
1589 938 1775 992 pyram
1843 931 2074 984 tractus,

477 1031 692 1078 etvette
722 1019 1032 1078 deficiente,
1099 1016 1452 1083 auhelituqne
1503 1026 1766 1084 perpetuo
1820 1011 2078 1065 laborans

477 1115 530 1166 in
558 1112 828 1165 ﬂammam
865 1107 1142 1176 conjectns
1178 1119 1283 1171 est,
1313 1121 1475 1174 atque
1521 1107 1589 1158 ita
1629 1103 1881 1163 (lZEIIIOIti,
1917 1117 2077 1169 quem

477 1203 825 1265 adoraverat,
859 1199 1082 1252 effectus
1121 1199 1520 1250 holocaustum.
1567 1193 1656 1246 Sic
1692 1195 1806 1261 ipse
1857 1191 2076 1258 quidem

480 1296 536 1349 in
572 1294 749 1346 locum
788 1289 1134 1344 tenebrarum
1169 1298 1221 1341 et
1253 1288 1484 1341 aliorum
1513 1285 1772 1338 malorum
1797 1285 1895 1336 sibi
1927 1296 2084 1349 para-

479 1399 590 1438 tum
625 1382 896 1452 profectus
925 1391 1027 1436 est.
1061 1381 1272 1449 Corpus
1327 1387 1506 1432 autem
1545 1375 1899 1430 infelicissimi
1932 1374 2080 1428 senis

479 1485 726 1542 resurget
763 1474 985 1526 omnino
1037 1472 1091 1524 in
1145 1470 1234 1524 die
1294 1471 1601 1522 communis
1647 1466 2070 1520 resurrectionis

479 1583 548 1622 ex
591 1565 804 1619 Dontini
831 1564 1121 1623 sententia,
1155 1559 1246 1629 qui
1278 1559 1412 1613 dixit
1467 1558 1711 1611 homines
1743 1566 2081 1608 resurrectu-

482 1675 592 1723 ros,
623 1660 924 1726 iturosque,
959 1656 1049 1724 qui
1088 1653 1224 1707 mala
1259 1652 1465 1721 egerint
1496 1652 1548 1704 in
1586 1649 1904 1718 supplicium
1935 1663 2082 1701 sem-

480 1750 745 1819 piternum
770 1789 783 1810 ,
821 1747 1066 1816 quamvis
1090 1747 1187 1798 iste
1238 1753 1570 1798 mortuorum
1603 1741 2080 1803 resurrectionem,

483 1853 590 1894 tam
642 1840 823 1892 multis
859 1837 1104 1906 Apostoli

485 1932 952 1997 strationibusque
1029 1941 1285 2000 tauquam
1340 1927 1491 1982 falsis
1556 1925 1796 1996 rejectis,
1846 1923 2082 1977 futuram

479 2041 777 2098 negaverit.

2176 555 2398 618 ἀγαθοῖς
2431 553 2569 607 εἶναι
2601 555 2742 610 κατά
2764 556 2864 624 τὴν
2889 557 2980 608 τοῦ
3009 557 3271 624 βασιλέως
3302 560 3597 629 ὑπόσχεσιν
3617 581 3632 596 ο
3669 568 3766 618 καὶ

2176 647 2466 715 προδοσίαν
2522 646 2654 716 παρ’
2679 647 2858 699 αὐτῶν
2905 650 3214 718 ἐγκληθεὶς,
3271 653 3453 722 ἀφῆκε
3511 654 3603 724 μὲν
3673 676 3768 710 πι-

2175 736 2324 806 κρῶν
2347 736 2598 806 δακρύων
2635 739 2837 806 πηγὰς,
2872 739 3155 810 ἀνέπεμψε
3192 741 3249 793 δὲ
3291 747 3620 815 στεναγμοὺς
3668 747 3770 816 βυ-

2179 827 2350 892 θίους,
2380 829 2477 897 τὴν
2506 828 2654 880 ἔνδον
2683 829 2782 896 τῆς
2826 832 3051 900 καρδίας
3106 833 3278 902 φλόγα
3314 837 3640 906 μηνύοντας,
3674 841 3773 893 καὶ

2180 921 2434 992 καθάπερ
2478 922 2684 989 τυφῶνι
2709 925 2830 986 ταῖς
2862 929 3173 995 συμφοραῖς
3206 928 3446 998 βληθεὶς,
3487 933 3770 984 ἐλειποθύ-

2183 1025 2294 1076 μει,
2323 1010 2416 1061 καὶ
2457 1011 2843 1080 ἀνακτώμενος
2867 1011 3021 1077 αὖθις
3047 1019 3406 1087 κατεφέρετο,
3444 1022 3638 1092 στῆναι
3690 1025 3768 1094 μὴ

2180 1100 2480 1168 δυνάμενος
2500 1103 2604 1162 ἓως
2632 1104 2735 1156 ὑπὸ
2777 1105 2886 1158 τῶν
2914 1107 3069 1173 ἄγειν
3098 1108 3499 1164 κελευσθέντων
3559 1114 3769 1182 ἀρθεὶς,

2183 1191 2588 1260 βασταζόμενος
2615 1195 2840 1266 ἀπήχθη
2867 1201 3000 1268 πρὸς
3027 1201 3127 1268 τὴν
3152 1202 3356 1270 πυρὰν,
3394 1207 3488 1256 καὶ
3518 1208 3615 1275 τῆς
3651 1226 3773 1273 (pw-

2182 1283 2276 1349 νῆς
2302 1283 2466 1334 αὐτὸν
2490 1285 2902 1356 ἐπιλειπούσης,
2937 1293 3126 1362 πυκ-,ᾦ
3165 1294 3240 1361 τῷ
3289 1294 3531 1364 ἄσθματι
3600 1308 3781 1352 mira-4

2187 1372 2421 1440 σχεθεὶς,
2450 1376 2745 1447 ὴκοντίσθη
2778 1381 2915 1432 κατὰ
2977 1383 3076 1448 τῆς
3118 1385 3338 1450 φλογὸς,
3383 1388 3474 1437 καὶ
3527 1388 3772 1441 ὡλοκευ-

2183 1464 2330 1532 τώθη
2369 1466 2447 1535 τῷ
2481 1473 2946 1540 προσκυνουμένῳ
2981 1474 3110 1542 παρ’
3142 1475 3310 1527 αὑτοῦ
3362 1476 3600 1546 δαίμονι.
3660 1483 3772 1535 Καὶ

2185 1557 2350 1621 αὐτὸς
2380 1558 2479 1627 μὲν
2507 1560 2807 1630 ἐξεδήμησε
2848 1563 2981 1633 πρὸς
3013 1565 3104 1616 τὸν
3149 1552 3564 1636 ἡτοιμασμένον
3615 1573 3774 1644 αὐτῷ

2184 1649 2358 1700 τόπον
2410 1650 2502 1700 τοῦ
2565 1652 2790 1714 σκότους
2855 1654 2945 1705 καὶ
3003 1655 3098 1723 τῆς
3132 1656 3298 1723 ἄλλης
3321 1659 3657 1723 κακώσεωςο
3707 1665 3773 1714 το

2189 1740 2349 1809 σῶμα
2377 1741 2432 1794 δὲ
2456 1741 2550 1794 τοῦ
2579 1744 2896 1812 τρισαθλίου
2931 1747 3122 1798 τούτου
3160 1747 3421 1816 γέροντος
3471 1753 3774 1824 ἀναστήσε-

1203 1835 1531 1889 testimoniis
1578 1835 1642 1886 de
1702 1831 1791 1885 illa
1860 1832 2084 1884 demon-

2189 1847 2274 1883 ται
2306 1831 2522 1898 πάντως
2557 1834 2616 1885 ὲν
2641 1837 2707 1905 τῇ
2741 1836 2922 1904 ἡμέρᾳ
2947 1835 3046 1903 τῆς
3077 1839 3262 1904 κοινῆς
3286 1839 3638 1904 ἀναστάσεως
3673 1861 3775 1897 κα-

2193 1921 2262 1974 τὰ
2291 1923 2390 1992 τὴν
2426 1924 2517 1976 τοῦ
2553 1925 2806 1996 Σωτῆρος
2850 1927 3146 1993 ἀπόφασιν,
3191 1930 3500 2000 εἰρηκότος,
3530 1934 3774 2003 ἀναστή-

2185 2013 2374 2065 σεσθαι
2410 2015 2504 2066 καὶ
2536 2016 2662 2078 τοὺς
2695 2015 2763 2068 τὰ
2807 2016 2986 2084 φαῦλα
3035 2018 3352 2087 πράξαντας
3395 2023 3478 2085 είς
3549 2025 3776 2078 κόλασιν

482 2124 721 2186 αἰώνιον,
749 2122 799 2175 εί
835 2112 930 2174 καὶ
990 2117 1151 2177 αὐτὸς
1184 2115 1257 2185 μὴ
1295 2112 1432 2166 εἶναι
1484 2112 1592 2164 τῶν
1642 2109 1952 2162 τεθνεώτων
2014 2103 2310 2158 ἀλάστασιν
2375 2106 2720 2174 ἐδογμάτιζε,
2792 2109 2889 2171 τὰς
2937 2111 3210 2174 τοσαύτας
3277 2113 3373 2167 τοῦ
3448 2116 3775 2172 Amm-61W

480 2219 612 2287 περὶ
645 2217 849 2285 ταύτης
909 2213 1234 2284 μαρτυρίας,
1292 2209 1385 2261 καὶ
1441 2207 1695 2275 γενναίας
1751 2199 2080 2265 ἀποδείξεις.
2120 2196 2432 2265 ὼςψευδεῖς
2461 2199 2910 2270 παρωθούμενος.

552 2333 644 2387 23.
672 2331 941 2384 Dicuntse
957 2344 1060 2382 non
1079 2329 1135 2382 in
1152 2325 1356 2382 somnis
1379 2323 1575 2386 solum,
1594 2322 1685 2375 sed
1708 2322 1867 2374 etiam
1893 2330 2087 2372 revera

479 2437 704 2478 cernere
729 2423 940 2474 Patrem
961 2429 1214 2487 tanquam
1231 2432 1412 2472 senem
1431 2412 1694 2484 profunda
1719 2410 1881 2466 barba
1905 2407 2091 2478 praadi-

483 2531 616 2580 tuut,
651 2513 846 2568 Filium
880 2524 1132 2578 tanquam
1160 2510 1411 2577 juvenem
1475 2507 1882 2573 pubescentem,
1916 2501 2088 2569 Spiri-

480 2611 593 2655 tum
647 2611 890 2655 sanctum
930 2597 1226 2650 imberbem
1255 2594 1674 2658 adolescentem,
1715 2609 1837 2646 cum
1865 2592 1947 2645 eis
1979 2592 2087 2642 dte-

485 2708 676 2748 mones
710 2693 780 2744 ita
811 2706 867 2744 se
903 2689 1058 2743 facile
1108 2689 1431 2756 conspicuos
1493 2687 1793 2755 pra-beant,
1824 2699 1931 2751 quo
1967 2682 2085 2734 illos

489 2789 592 2841 hac
618 2788 914 2838 formarum
949 2783 1212 2836 varietate
1250 2781 1539 2847 decipiant,
1599 2779 1938 2844 doceantque
1980 2774 2084 2826 itu-

485 2893 666 2945 parem
707 2891 826 2930 esse
883 2884 1128 2927 sanctam
1190 2873 1510 2926 Trinitatem
1539 2878 1593 2924 et
1664 2869 2084 2935 discrepantem,

482 2968 846 3034 Arianamque
905 2967 1062 3018 unius
1139 2971 1346 3016 natura:
1436 2960 1730 3013 sectionem
1783 2959 1895 3010 illis
1958 2955 2084 3023 inji-

483 3061 651 3114 ciant.

556 3262 648 3316 24.
675 3260 1059 3314 Mouachorum
1087 3272 1236 3309 inore
1265 3269 1324 3307 se
1350 3253 1607 3312 vestiunt,
1635 3262 1686 3304 et
1720 3265 1905 3302 eorum
1935 3248 2089 3302 habi-

488 3364 600 3407 tum
622 3364 874 3419 tanquam
893 3363 1073 3402 escam
1089 3356 1387 3407 asmtttunl,
1401 3353 1548 3398 veste
1565 3343 1746 3411 luptnn
1765 3342 2091 3394 absconden-

490 3458 592 3506 tes,
627 3457 734 3512 quo
754 3440 1022 3495 faciliores
1050 3440 1247 3502 aditus,
1280 3448 1332 3490 et
1372 3434 1707 3504 colloquendi
1742 3432 2082 3494 facultatem,

492 3545 710 3604 propter
737 3533 979 3586 habitum
1005 3540 1391 3597 assequuntur,
1425 3536 1478 3581 et
1501 3526 1616 3579 sine
1649 3524 1960 3592 suspicione
1989 3536 2087 3590 per

485 3641 799 3681 st-rmonum
830 3623 1224 3690 benignitatem
1259 3619 1483 3674 auribus
1545 3615 1880 3670 audientium
1922 3628 2088 3668 vene-

487 3735 615 3774 num
648 3715 911 3783 injiciant.

555 3831 644 3885 25.
670 3828 938 3892 Secunda,
961 3839 1012 3881 et
1031 3835 1247 3896 quarta,
1269 3838 1324 3881 et
1358 3831 1512 3879 sexta
1531 3823 1622 3878 die
1635 3822 1964 3892 singularum
1996 3819 2090 3873 he-

489 3921 1080 3990 bdomadnmjejunium
1098 3919 1364 3983 indicunt,
1385 3931 1556 3984 usque
1574 3915 1639 3968 ad
1657 3915 1842 3968 horam
1867 3925 2087 3966 nonam.

491 4017 648 4081 Quod
679 4015 725 4066 si
753 4013 876 4082 quis
907 4026 1002 4065 eos
1043 4012 1110 4064 ad
1152 4010 1459 4064 convivium
1492 4013 1672 4070 vocet,
1711 4005 1894 4058 statim
1929 4002 2085 4056 obliti

492 4104 851 4175 pracceptisui
883 4104 1048 4156 edunt
1081 4113 1136 4155 et
1172 4101 1388 4155 .hibunt
1439 4111 1696 4166 tanquam
1753 4095 2086 4163 elephantes.

490 4200 566 4251 Ex
624 4212 732 4265 quo
800 4205 948 4264 patet
999 4208 1094 4247 eos
1141 4193 1305 4246 etiam
1361 4189 1632 4258 impudice
1689 4189 1893 4251 vivere,
1961 4185 2088 4240 licet

492 4288 908 4343 fornicationem
1047 4293 1102 4337 et
1219 4296 1432 4335 omnem
1531 4279 1696 4333 aliam
1804 4277 2085 4330 libidinem

494 4393 748 4449 tanquam
790 4378 973 4432 carnis
1013 4389 1066 4432 et
1103 4375 1352 4444 corporis
1398 4383 1648 4443 expertes
1699 4369 1877 4425 verbis
1940 4370 2086 4424 inse-

493 4483 731 4526 Ctetttur.

559 4586 650 4640 26.
682 4583 950 4654 Principio
967 4583 1184 4652 quidem
1219 4581 1509 4636 initiandos
1528 4577 1848 4647 simpliciter
1874 4581 2090 4646 docent,

495 4687 549 4733 et
573 4679 880 4741 hortantur,
907 4675 1276 4730 utcredantin
1300 4673 1610 4740 Patrem,et
1650 4671 1868 4738 Filium,
1901 4681 1952 4725 et
1969 4673 2091 4742 Spi-

497 4773 656 4825 ritum
681 4779 952 4832 sanctum,
985 4769 1301 4835 discantque
1329 4766 1604 4821 Christum
1631 4780 1846 4818 carnem
1874 4766 2088 4818 induis-

498 4877 554 4914 se
591 4862 910 4929 dedisseque
959 4859 1164 4914 sanctis
1190 4858 1449 4926 apostolis
1474 4872 1688 4913 sacrum
1721 4856 2091 4924 Evangelium.

499 4952 562 5004 Et
623 4952 835 5020 jubent,
881 4963 939 5004 ut
998 4950 1308 5019 evangelica
1370 4951 1619 5002 mandata
1679 4949 2010 5013 custodiant,
2040 4956 2096 5000 et

495 5051 805 5114 piecentur,
837 5050 889 5094 et
920 5041 1184 5109 jejunent,
1245 5055 1412 5109 seque
1445 5041 1512 5094 ab
1543 5041 1690 5093 omni
1725 5039 1960 5105 nequitia
1991 5053 2092 5105 pu-

497 5152 587 5191 ros
663 5136 1017 5202 integrosque
1067 5144 1414 5197 conservent,
1472 5142 1526 5185 et
1573 5132 1706 5184 nihil
1759 5129 2092 5199 possideant,

497 5229 902 5294 clementesque
931 5224 1061 5285 sint,
1098 5231 1259 5291 atque
1291 5224 1545 5288 humiles,
1578 5233 1633 5277 et
1679 5222 1920 5275 veritatis
1971 5231 2093 5274 stu-

499 5320 661 5383 diosi,
694 5330 1000 5384 nmtumque
1027 5315 1434 5368 benevolentiat.
1464 5313 1656 5368 Omnia
1690 5313 1928 5380 denique
1951 5314 2092 5368 bona

499 5410 839 5479 νισωιέίρὶιιηι,
879 5407 1376 5476 utiliquedoetrina
1427 5406 1702 5475 pelliciunt
1728 5406 2094 5474 paulatimque

501 5513 791 5566 venantur,
829 5513 883 5555 ct
915 5503 980 5555 ad
1014 5501 1292 5554 interitum
1360 5501 1599 5552 trahunt.
1633 5499 1915 5568 Temporis
1947 5501 2091 5552 enim

502 5610 790 5662 progressu
823 5595 1000 5648 tritico
1043 5574 1253 5648 iizania
1287 5593 1564 5662 injiciunt,
1611 5602 1806 5646 etcum
1867 5593 2094 5647 miseros

504 5686 604 5740 sibi
639 5685 926 5752 subjectos,
961 5685 1384 5756 obedientesque
1408 5684 1756 5748 reddiderint,
1819 5693 1980 5753 atque
2013 5684 2094 5738 in-

503 5785 581 5827 tra
617 5776 752 5830 retia
805 5768 1112 5843 habuerint,
1155 5787 1284 5835 tunc
1337 5776 1535 5834 veneni
1586 5776 1858 5846 potionem
1916 5777 2096 5847 prOpi-

2262 2323 2363 2382 κγ’.
2403 2319 2666 2386 Λέγουσιν
2713 2322 2812 2374 οὐκ
2854 2322 2984 2394 ὄναρ
3016 2325 3174 2394 μόνον
3198 2327 3476 2392 πολλάκις,
3511 2330 3646 2385 ἀλλά
3682 2324 3778 2387 xu."-

2189 2405 2338 2477 ὕπαρ
2355 2408 2572 2477 βλέπειν
2592 2412 2681 2464 τὸν
2696 2414 2915 2483 Πατέρα
2936 2417 3054 2484 μὲν,
3071 2418 3140 2480 ὡς
3160 2419 3390 2488 γέροντα
3407 2421 3774 2490 βαθυγένειον,

2185 2498 2275 2550 τὸν
2305 2501 2359 2551 δὲ
2402 2503 2550 2566 Υἱὸν,
2609 2504 2683 2566 ὡς
2707 2505 2990 2578 ὑπηνήτην
3022 2509 3208 2578 ἄνδρα,
3234 2511 3293 2562 τὺ
3329 2513 3382 2564 δὲ
3443 2513 3666 2584 Πνεῦμα
3713 2517 3777 2569 ἰδ

2187 2591 2360 2658 ἅγιον,
2392 2593 2464 2655 ὡς
2495 2593 2902 2664 λειοπρόσωπον
2928 2600 3164 2667 νεανίαν,
3212 2601 3319 2654 τῶν
3367 2603 3638 2674 δαιμόνων
3695 2610 3775 2669 εἰς

2185 2685 2251 2735 τά
2307 2685 2418 2756 εἴδη
2479 2688 2653 2741 ταῦτα
2707 2690 2905 2760 ῥᾳδίως
2963 2696 3632 2764 μετασχηματιζομένων,
3679 2701 3777 2751 καὶ

2187 2776 2586 2840 ἐξαπατώντων
2616 2781 2834 2845 αὐτοὺς,
2871 2784 2966 2834 καὶ
2997 2784 3355 2838 διδασκόντων
3403 2787 3584 2840 ἄνισον
3635 2787 3777 2842 εἶναι

2187 2865 2283 2935 τὴν
2306 2868 2465 2935 ἁγίαν
2493 2871 2720 2940 Τριάδα,
2757 2875 2850 2925 καὶ
2877 2874 3303 2944 διάφορονικατά
3343 2879 3442 2947 τὴν
3484 2880 3593 2932 τῶν
3644 2899 3778 2950 σχη-

2190 2957 2376 3026 μάτων
2400 2961 2604 3012 τούτων
2632 2962 2913 3032 διαφορὰν,
2951 2965 3044 3016 καὶ
3087 2966 3186 3035 τὴν
3237 2968 3554 3038 ἁρε.ανικὴν
3604 2989 3778 3024 καταο

2187 3049 2359 3120 τομὴν
2417 3052 2516 3120 τῆς
2585 3055 2714 3121 μιᾶς
2777 3053 2991 3122 φύσεως
3037 3056 3244 3120 τούτοις
3309 3059 3778 3132 ὲγκατασπειρόν-

2111 3177 2156 3235 c
2191 3157 2321 3196 των,

2263 3250 2360 3303 κδ’.
2380 3251 2716 3314 Στολίζονται
2734 3257 2874 3307 κατά
2895 3257 3181 3327 μοναχοὺς,
3195 3258 3365 3313 καὶτὸ
3379 3260 3561 3329 σχῆμα
3573 3262 3779 3316 τούτων

2191 3340 2265 3401 ὼς
2293 3341 2486 3410 δέλεαρ
2515 3346 2952 3413 περιϐάλλονται,
2984 3348 3060 3416 τῷ
3087 3348 3265 3418 κωδίῳ
3298 3350 3388 3402 τὸν
3440 3351 3603 3404 λύκον
3648 3354 3783 3406 ὑπο-

2192 3431 2548 3500 κρύπτοντες,
2586 3435 2659 3498 ώς
2685 3436 2751 3489 ἀν
2783 3437 3024 3500 εὐλαϐῶς
3051 3437 3140 3490 διὰ
3167 3439 3224 3491 τὸ
3249 3442 3438 3511 σχῆμα
3469 3444 3744 3514 παραίεχό
3764 3474 3777 3485 -

2194 3542 2366 3590 μενοι,
2393 3526 2488 3578 καὶ
2520 3529 2703 3596 χώραν
2741 3529 2956 3598 ὁμιλίας
3012 3529 3402 3598 λαμόἀνοντες,
3458 3535 3784 3599 ἀνυπόπτως

2190 3616 2276 3668 διὰ
2328 3621 2423 3686 τῆς
2480 3614 2872 3689 χρηστολογίας
2917 3620 3304 3674 ὲναποπτύωσι
3356 3624 3448 3677 τὸν
3504 3625 3581 3678 ίὸν
3659 3630 3783 3689 ταῖς

2192 3710 2385 3773 ἀκοαῖς
2411 3711 2524 3764 τῶν
2579 3715 2968 3783 ἀκροωμένων.

2263 3827 2360 3876 κε’.
2405 3824 2592 3894 Πάσης
2621 3824 2915 3894 ἑϐδομάδος
2943 3826 3227 3897 δευτέραν,
3271 3829 3367 3881 καὶ
3413 3831 3662 3898 τετράδα,
3687 3834 3782 3886 καὶ

2193 3916 2550 3986 παρασκευὴν
2593 3917 3035 3986 παραγγέλλουσι
3057 3921 3483 3989 νηστεύεινὲως
3519 3923 3668 3990 ὥρας
3695 3926 3785 3977 ὲν-

2192 4008 2378 4074 νάτης.
2419 4006 2568 4059 Είδέ
2601 4025 2684 4070 τις
2739 4010 2937 4072 αὐτοὺς
2999 4010 3094 4063 ἐπὶ
3145 4013 3425 4081 τράπεζαν
3477 4015 3781 4078 καλέσειεν,

2192 4098 2351 4160 εὐθὺς
2375 4099 2728 4168 ἐκλαθόμενοι
2775 4105 2875 4172 τῆς
2931 4103 3306 4172 παραγγελίας
3364 4107 3624 4169 ἐσθίουσι,
3688 4110 3786 4161 καὶ

2192 4190 2457 4256 πίνουσιν,
2495 4190 2570 4253 ὡς
2594 4191 2909 4260 ἐλέφαντες.
2954 4195 3051 4246 Ἐκ
3075 4195 3264 4248 τούτου
3289 4195 3346 4248 δὲ
3379 4198 3670 4267 πρόδηλον,
3701 4201 3785 4253 ὅτι

2191 4279 2624 4348 ἀσελγαίνουσιν,
2663 4282 2714 4334 εί
2744 4283 2838 4336 καὶ
2867 4285 3125 4352 πορνείαν
3177 4287 3268 4338 καὶ
3311 4287 3412 4354 τὴν
3441 4287 3607 4358 ἄλλην
3641 4292 3786 4342 ἀκα-

2192 4371 2420 4440 θαρσίαν
2485 4372 2630 4441 λόγῳ
2686 4373 3030 4436 κολάζουσιν,
3081 4374 3157 4438 ὡς
3212 4373 3445 4445 ἇσαρκοι
3487 4377 3583 4430 καὶ
3634 4378 3786 4430 ἀσώ-

2120 4515 2169 4573 D
2198 4482 2374 4536 ματοι.

2267 4585 2382 4642 κς⁹.
2429 4578 2514 4630 Ἐν
2529 4579 2669 4649 ἀρχῇ
2696 4579 2792 4646 μὲν
2827 4578 2951 4640 τοὺς
2970 4580 3368 4647 εἰσαγωγικοὺς
3403 4579 3588 4641 ἁπλῶς
3611 4581 3789 4635 διδάσ-

2199 4687 2355 4722 κουσι
2381 4669 2839 4738 παρεγγυώμενοι
2865 4670 3148 4721 πιστεύειν
3169 4671 3248 4732 είς
3265 4670 3503 4738 Πατέρα,
3530 4672 3784 4736 καὶΥίον,

2195 4762 2292 4813 καὶ
2317 4763 2480 4829 ἅγιον
2508 4761 2753 4831 Πνεῦμα,
2784 4763 2877 4814 καὶ
2899 4761 3190 4828 γινώσκειν
3204 4762 3296 4835 τὸν
3325 4764 3555 4830 Χριστὸν
3584 4781 3784 4835 σεσαρ-

2195 4852 2424 4916 κῶσθαι,
2457 4850 2762 4904 καὶὸοῦναι
2787 4855 2898 4915 τοῖς
2930 4853 3105 4920 ἁγίοις
3147 4833 3471 4918 ἀποστόλοις
3520 4856 3582 4908 τὸ
3640 4833 3787 4926 ίερίιν

2197 4947 2549 5012 Εὑαγγέλιον,
2592 4951 2684 4998 καὶ
2712 4949 3092 5018 ὑποτιθέμενοι
3125 4953 3313 5022 τηρεῖν
3347 4955 3446 5014 τὰς
3501 4955 3784 5021 εὐαγγελι-

2193 5040 2294 5100 κὰς
2319 5041 2562 5103 ἐντολὰς,
2606 5042 2699 5093 καὶ
2729 5042 3149 5112 προσεύχεσθαι,
3192 5045 3286 5097 καὶ
3337 5046 3638 5114 νηστεύειν,
3689 5050 3782 5099 καὶ
3850 5095 3859 5104 ,

2195 5132 2447 5200 ἁγνεύειν
2500 5135 2680 5202 πάσης
2743 5133 3112 5204 ἀκαθαρσίας,
3169 5138 3265 5190 καὶ
3305 5139 3657 5208 ἀκτημονεῖν,
3691 5141 3781 5190 καὶ

2198 5226 2564 5292 ἀνεξικακεῖν,
2590 5226 2685 5278 καὶ
2705 5229 3185 5297 ταπεινοφρονεῖν,
3221 5230 3316 5283 καὶ
3351 5229 3655 5300 ἀληθεύειν,
3692 5233 3790 5282 καὶ

2195 5321 2415 5388 ἀγαπᾷν
2447 5320 2730 5388 ἀλλήλους,
2755 5323 2849 5374 καὶ
2870 5322 3059 5386 ἁπλῶς
3076 5323 3287 5392 χρηστά
3315 5324 3493 5378 πάντα
3515 5322 3790 5393 κατηχοῦ-

2197 5426 2269 5470 σι,
2300 5409 2569 5470 σαίνοντες
2595 5410 2693 5479 μὲν
2715 5413 2779 5480 τῇ
2812 5411 3068 5481 χρησίμῳ
3091 5411 3428 5482 διδασκαλίᾳ,
3461 5412 3792 5482 θηρεύοντες

2194 5501 2249 5552 δὲ
2272 5501 2411 5554 κατά
2433 5503 2646 5572 μικρὸν,
2680 5505 2771 5554 καὶ
2802 5502 3104 5572 λεληθότως
3133 5503 3358 5570 ἄγοντες
3387 5507 3464 5567 εἰς
3487 5503 3788 5558 ἀπώλειαν.

2199 5593 2404 5662 Καιροῦ
2451 5596 2558 5660 γὰρ
2595 5595 3023 5663 προϐαίνοντος,
3082 5597 3464 5666 ἐπισπείρουσι
3521 5596 3598 5664 τῷ
3649 5596 3788 5663 σίτῳ

2195 5689 2288 5738 καὶ
2338 5686 2569 5748 ζιζάνια.
2630 5686 2738 5739 Καὶ
2765 5687 2891 5739 ὅταν
2923 5687 3048 5749 τοὺς
3086 5686 3304 5750 ἀθλίους
3327 5688 3632 5757 χειροήθεις
3693 5690 3793 5741 καὶ

2198 5778 2507 5850 πειθηνίους
2545 5779 2905 5850 ἐργάσωνται,
2939 5778 3034 5831 καὶ
3079 5778 3316 5834 λάϐωσιν
3345 5780 3476 5832 εἴσω
3522 5778 3631 5832 τῶν
3687 5781 3793 5850 ἀρε
