  <div class='ocr_page' id='page_1' title='image "/cluster/home/n/w/nwhite01/storage/ocr_20150623/130:no.3/coo.31924054870351/670.png"; bbox 0 0 4132 6420; ppageno 0'>
   <div class='ocr_carea' id='block_1_1' title="bbox 400 325 534 393">
    <p class='ocr_par' dir='ltr' id='par_1_1' title="bbox 400 325 534 393">
     <span class='ocr_line' id='line_1_1' title="bbox 400 325 534 393; baseline -0.007 -1"><span class='ocrx_word' id='word_1_1' title='bbox 400 325 534 393; x_wconf 79' lang='lat'><strong>1321</strong></span> 
     </span>
    </p>
   </div>
   <div class='ocr_carea' id='block_1_2' title="bbox 1318 318 2777 409">
    <p class='ocr_par' dir='ltr' id='par_1_2' title="bbox 1318 318 2777 409">
     <span class='ocr_line' id='line_1_2' title="bbox 1318 318 2777 409; baseline -0.001 -26"><span class='ocrx_word' id='word_1_2' title='bbox 1318 319 1703 385; x_wconf 64' lang='lat' dir='ltr'><strong>PANOPLIA</strong></span> <span class='ocrx_word' id='word_1_3' title='bbox 1739 318 2196 409; x_wconf 20' lang='lat' dir='ltr'><strong>DOGMATICA’.</strong></span> <span class='ocrx_word' id='word_1_4' title='bbox 2240 340 2313 355; x_wconf 83' lang='grc'><strong>-·-</strong></span> <span class='ocrx_word' id='word_1_5' title='bbox 2342 319 2490 383; x_wconf 89' lang='grc' dir='ltr'><strong>ΤΙΤ.</strong></span> <span class='ocrx_word' id='word_1_6' title='bbox 2529 318 2777 384; x_wconf 84' lang='lat' dir='ltr'><strong>XXVII.</strong></span> 
     </span>
    </p>
   </div>
   <div class='ocr_carea' id='block_1_3' title="bbox 3562 321 3697 385">
    <p class='ocr_par' dir='ltr' id='par_1_3' title="bbox 3562 321 3697 385">
     <span class='ocr_line' id='line_1_3' title="bbox 3562 321 3697 385; baseline -0.037 0"><span class='ocrx_word' id='word_1_7' title='bbox 3562 321 3697 385; x_wconf 70' lang='lat'><strong>139.3</strong></span> 
     </span>
    </p>
   </div>
   <div class='ocr_carea' id='block_1_4' title="bbox 396 434 2000 512">
    <p class='ocr_par' dir='ltr' id='par_1_4' title="bbox 396 436 1981 512">
     <span class='ocr_line' id='line_1_4' title="bbox 396 436 1981 512; baseline -0.007 -13"><span class='ocrx_word' id='word_1_8' title='bbox 396 444 566 511; x_wconf 87' lang='grc' dir='ltr'><strong>κύων,</strong></span> <span class='ocrx_word' id='word_1_9' title='bbox 593 442 712 498; x_wconf 83' lang='grc' dir='ltr'><strong>τότε</strong></span> <span class='ocrx_word' id='word_1_10' title='bbox 745 441 809 512; x_wconf 83' lang='grc' dir='ltr'><strong>δὴ</strong></span> <span class='ocrx_word' id='word_1_11' title='bbox 840 440 960 495; x_wconf 86' lang='grc' dir='ltr'><strong>τότε</strong></span> <span class='ocrx_word' id='word_1_12' title='bbox 984 440 1075 495; x_wconf 80' lang='grc' dir='ltr'><strong>τὸν</strong></span> <span class='ocrx_word' id='word_1_13' title='bbox 1096 438 1345 494; x_wconf 85' lang='grc' dir='ltr'><strong>κυκεῶνα</strong></span> <span class='ocrx_word' id='word_1_14' title='bbox 1368 437 1465 493; x_wconf 91' lang='grc' dir='ltr'><strong>τοῦ</strong></span> <span class='ocrx_word' id='word_1_15' title='bbox 1504 436 1833 509; x_wconf 75' lang='grc' dir='ltr'><strong>δηλητηρίου</strong></span> <span class='ocrx_word' id='word_1_16' title='bbox 1886 453 1981 489; x_wconf 66' lang='grc' dir='ltr'><strong>που</strong></span> 
     </span>
    </p>
   </div>
   <div class='ocr_carea' id='block_1_5' title="bbox 2105 434 3693 512">
    <p class='ocr_par' dir='ltr' id='par_1_5' title="bbox 2105 434 3693 510">
     <span class='ocr_line' id='line_1_5' title="bbox 2105 434 3693 510; baseline -0.001 -18"><span class='ocrx_word' id='word_1_17' title='bbox 2105 444 2241 506; x_wconf 83' lang='lat' dir='ltr'><strong>tant,</strong></span> <span class='ocrx_word' id='word_1_18' title='bbox 2325 446 2619 508; x_wconf 86' lang='lat' dir='ltr'><strong>aperteque</strong></span> <span class='ocrx_word' id='word_1_19' title='bbox 2677 434 3030 504; x_wconf 89' lang='lat' dir='ltr'><strong>maledicunt,</strong></span> <span class='ocrx_word' id='word_1_20' title='bbox 3070 445 3124 491; x_wconf 88' lang='lat' dir='ltr'><strong>et</strong></span> <span class='ocrx_word' id='word_1_21' title='bbox 3176 436 3377 494; x_wconf 85' lang='lat' dir='ltr'><strong>diaboli</strong></span> <span class='ocrx_word' id='word_1_22' title='bbox 3438 444 3693 510; x_wconf 70' lang='lat' dir='ltr'><strong>mystcm</strong></span> 
     </span>
    </p>
   </div>
   <div class='ocr_carea' id='block_1_6' title="bbox 393 525 1989 604">
    <p class='ocr_par' dir='ltr' id='par_1_6' title="bbox 393 525 1989 604">
     <span class='ocr_line' id='line_1_6' title="bbox 393 525 1989 604; baseline -0.006 -16"><span class='ocrx_word' id='word_1_23' title='bbox 393 536 656 600; x_wconf 74' lang='grc' dir='ltr'><strong>στίζουσιν,</strong></span> <span class='ocrx_word' id='word_1_24' title='bbox 711 531 1198 604; x_wconf 74' lang='grc' dir='ltr'><strong>ἀπαρακαλύπτως</strong></span> <span class='ocrx_word' id='word_1_25' title='bbox 1239 527 1711 600; x_wconf 81' lang='grc' dir='ltr'><strong>βλασφημοῦντες,</strong></span> <span class='ocrx_word' id='word_1_26' title='bbox 1780 528 1873 581; x_wconf 69' lang='grc' dir='ltr'><strong>καὶ</strong></span> <span class='ocrx_word' id='word_1_27' title='bbox 1920 525 1989 579; x_wconf 68' lang='grc' dir='ltr'><strong>τὰ</strong></span> 
     </span>
    </p>
   </div>
   <div class='ocr_carea' id='block_1_7' title="bbox 392 619 1810 707">
    <p class='ocr_par' dir='ltr' id='par_1_7' title="bbox 392 619 1810 707">
     <span class='ocr_line' id='line_1_7' title="bbox 392 619 1810 707; baseline -0.007 -25"><span class='ocrx_word' id='word_1_28' title='bbox 392 629 640 700; x_wconf 88' lang='grc' dir='ltr'><strong>δόγματα</strong></span> <span class='ocrx_word' id='word_1_29' title='bbox 665 624 760 680; x_wconf 88' lang='grc' dir='ltr'><strong>τοῦ</strong></span> <span class='ocrx_word' id='word_1_30' title='bbox 790 624 1039 707; x_wconf 76' lang='grc' dir='ltr'><strong>διαϐόλου</strong></span> <span class='ocrx_word' id='word_1_31' title='bbox 1077 622 1567 695; x_wconf 78' lang='grc' dir='ltr'><strong>μυσταγωγοῦντες</strong></span> <span class='ocrx_word' id='word_1_32' title='bbox 1592 619 1810 683; x_wconf 75' lang='grc' dir='ltr'><strong>αὐτούς.</strong></span> 
     </span>
    </p>
   </div>
   <div class='ocr_carea' id='block_1_8' title="bbox 466 806 1995 891">
    <p class='ocr_par' dir='ltr' id='par_1_8' title="bbox 466 806 1995 891">
     <span class='ocr_line' id='line_1_8' title="bbox 466 806 1995 891; baseline -0.005 -23"><span class='ocrx_word' id='word_1_33' title='bbox 466 813 571 891; x_wconf 38' lang='grc' dir='ltr'><strong>κζ’..</strong></span> <span class='ocrx_word' id='word_1_34' title='bbox 595 811 1109 884; x_wconf 83' lang='grc' dir='ltr'><strong>Παρερμηνεύουσιν</strong></span> <span class='ocrx_word' id='word_1_35' title='bbox 1133 810 1260 873; x_wconf 81' lang='grc' dir='ltr'><strong>ὅλας</strong></span> <span class='ocrx_word' id='word_1_36' title='bbox 1286 810 1382 871; x_wconf 75' lang='grc' dir='ltr'><strong>τὰς</strong></span> <span class='ocrx_word' id='word_1_37' title='bbox 1418 806 1823 879; x_wconf 79' lang='grc' dir='ltr'><strong>προειρημένας</strong></span> <span class='ocrx_word' id='word_1_38' title='bbox 1854 807 1995 861; x_wconf 82' lang='grc' dir='ltr'><strong>έπτά</strong></span> 
     </span>
    </p>
   </div>
   <div class='ocr_carea' id='block_1_9' title="bbox 398 898 1992 978">
    <p class='ocr_par' dir='ltr' id='par_1_9' title="bbox 398 898 1992 978">
     <span class='ocr_line' id='line_1_9' title="bbox 398 898 1992 978; baseline -0.003 -21"><span class='ocrx_word' id='word_1_39' title='bbox 398 904 641 978; x_wconf 74' lang='grc' dir='ltr'><strong>βίϐλους,</strong></span> <span class='ocrx_word' id='word_1_40' title='bbox 673 906 742 958; x_wconf 78' lang='grc' dir='ltr'><strong>τὰ</strong></span> <span class='ocrx_word' id='word_1_41' title='bbox 777 904 997 975; x_wconf 77' lang='grc' dir='ltr'><strong>ῥήματα</strong></span> <span class='ocrx_word' id='word_1_42' title='bbox 1039 904 1244 957; x_wconf 86' lang='grc' dir='ltr'><strong>τούτων</strong></span> <span class='ocrx_word' id='word_1_43' title='bbox 1297 899 1704 971; x_wconf 74' lang='grc' dir='ltr'><strong>στρεϐλοῦντες,</strong></span> <span class='ocrx_word' id='word_1_44' title='bbox 1757 900 1851 952; x_wconf 79' lang='grc' dir='ltr'><strong>καὶ</strong></span> <span class='ocrx_word' id='word_1_45' title='bbox 1892 898 1992 969; x_wconf 79' lang='grc' dir='ltr'><strong>τῆς</strong></span> 
     </span>
    </p>
   </div>
   <div class='ocr_carea' id='block_1_10' title="bbox 394 990 1992 1069">
    <p class='ocr_par' dir='ltr' id='par_1_10' title="bbox 394 990 1992 1069">
     <span class='ocr_line' id='line_1_10' title="bbox 394 990 1992 1069; baseline -0.006 -17"><span class='ocrx_word' id='word_1_46' title='bbox 394 998 565 1069; x_wconf 84' lang='grc' dir='ltr'><strong>ὀρθῆς</strong></span> <span class='ocrx_word' id='word_1_47' title='bbox 589 994 952 1067; x_wconf 76' lang='grc' dir='ltr'><strong>ἐκτρέποντες</strong></span> <span class='ocrx_word' id='word_1_48' title='bbox 972 997 1204 1058; x_wconf 74' lang='grc' dir='ltr'><strong>ἐννοίας,</strong></span> <span class='ocrx_word' id='word_1_49' title='bbox 1234 993 1329 1047; x_wconf 72' lang='grc' dir='ltr'><strong>καὶ</strong></span> <span class='ocrx_word' id='word_1_50' title='bbox 1374 992 1512 1063; x_wconf 70' lang='grc' dir='ltr'><strong>πρὺς</strong></span> <span class='ocrx_word' id='word_1_51' title='bbox 1551 990 1611 1044; x_wconf 80' lang='grc' dir='ltr'><strong>τὸ</strong></span> <span class='ocrx_word' id='word_1_52' title='bbox 1647 990 1838 1045; x_wconf 80' lang='grc' dir='ltr'><strong>δοκοῦν</strong></span> <span class='ocrx_word' id='word_1_53' title='bbox 1889 990 1992 1044; x_wconf 83' lang='grc' dir='ltr'><strong>αὐ-</strong></span> 
     </span>
    </p>
   </div>
   <div class='ocr_carea' id='block_1_11' title="bbox 394 1082 1991 1160">
    <p class='ocr_par' dir='ltr' id='par_1_11' title="bbox 394 1082 1991 1160">
     <span class='ocr_line' id='line_1_11' title="bbox 394 1082 1991 1160; baseline -0.005 -17"><span class='ocrx_word' id='word_1_54' title='bbox 394 1093 510 1153; x_wconf 88' lang='grc' dir='ltr'><strong>τοῖς</strong></span> <span class='ocrx_word' id='word_1_55' title='bbox 538 1087 961 1160; x_wconf 86' lang='grc' dir='ltr'><strong>μεταφέροντες.</strong></span> <span class='ocrx_word' id='word_1_56' title='bbox 994 1086 1102 1140; x_wconf 71' lang='grc' dir='ltr'><strong>Καὶ</strong></span> <span class='ocrx_word' id='word_1_57' title='bbox 1124 1087 1223 1138; x_wconf 82' lang='grc' dir='ltr'><strong>ὅσα</strong></span> <span class='ocrx_word' id='word_1_58' title='bbox 1259 1084 1355 1152; x_wconf 85' lang='grc' dir='ltr'><strong>μὲν</strong></span> <span class='ocrx_word' id='word_1_59' title='bbox 1389 1084 1517 1155; x_wconf 53' lang='grc' dir='ltr'><strong>περὶ⁵</strong></span> <span class='ocrx_word' id='word_1_60' title='bbox 1543 1082 1991 1155; x_wconf 79' lang='grc' dir='ltr'><strong>ἁμαρτανόντων,</strong></span> 
     </span>
    </p>
   </div>
   <div class='ocr_carea' id='block_1_12' title="bbox 395 1175 1995 1245">
    <p class='ocr_par' dir='ltr' id='par_1_12' title="bbox 395 1175 1995 1245">
     <span class='ocr_line' id='line_1_12' title="bbox 395 1175 1995 1245; baseline -0.004 -11"><span class='ocrx_word' id='word_1_61' title='bbox 395 1182 493 1234; x_wconf 76' lang='grc' dir='ltr'><strong>καὶ</strong></span> <span class='ocrx_word' id='word_1_62' title='bbox 528 1177 895 1245; x_wconf 78' lang='grc' dir='ltr'><strong>ἀσεϐούντων,</strong></span> <span class='ocrx_word' id='word_1_63' title='bbox 951 1178 1047 1229; x_wconf 71' lang='grc' dir='ltr'><strong>καὶ</strong></span> <span class='ocrx_word' id='word_1_64' title='bbox 1110 1175 1646 1244; x_wconf 84' lang='grc' dir='ltr'><strong>εἰδωλολατρούντων</strong></span> <span class='ocrx_word' id='word_1_65' title='bbox 1704 1176 1762 1227; x_wconf 82' lang='grc' dir='ltr'><strong>ὲν</strong></span> <span class='ocrx_word' id='word_1_66' title='bbox 1809 1175 1995 1239; x_wconf 82' lang='grc' dir='ltr'><strong>αὐτοῖς</strong></span> 
     </span>
    </p>
   </div>
   <div class='ocr_carea' id='block_1_13' title="bbox 395 1263 1988 1342">
    <p class='ocr_par' dir='ltr' id='par_1_13' title="bbox 395 1263 1988 1342">
     <span class='ocr_line' id='line_1_13' title="bbox 395 1263 1988 1342; baseline -0.006 -16"><span class='ocrx_word' id='word_1_67' title='bbox 395 1272 639 1342; x_wconf 76' lang='grc' dir='ltr'><strong>εἴρηται,</strong></span> <span class='ocrx_word' id='word_1_68' title='bbox 664 1269 837 1324; x_wconf 86' lang='grc' dir='ltr'><strong>ταῦτα</strong></span> <span class='ocrx_word' id='word_1_69' title='bbox 862 1270 975 1331; x_wconf 85' lang='grc' dir='ltr'><strong>τοῖς</strong></span> <span class='ocrx_word' id='word_1_70' title='bbox 1016 1266 1139 1321; x_wconf 73' lang='grc' dir='ltr'><strong>καθ’</strong></span> <span class='ocrx_word' id='word_1_71' title='bbox 1181 1268 1329 1338; x_wconf 80' lang='grc' dir='ltr'><strong>ἡμᾶς</strong></span> <span class='ocrx_word' id='word_1_72' title='bbox 1373 1268 1583 1329; x_wconf 78' lang='grc' dir='ltr'><strong>πιστοῖς</strong></span> <span class='ocrx_word' id='word_1_73' title='bbox 1616 1263 1988 1319; x_wconf 77' lang='grc' dir='ltr'><strong>ἀνατιθέασινο</strong></span> 
     </span>
    </p>
   </div>
   <div class='ocr_carea' id='block_1_14' title="bbox 397 1354 1996 1431">
    <p class='ocr_par' dir='ltr' id='par_1_14' title="bbox 397 1354 1996 1431">
     <span class='ocr_line' id='line_1_14' title="bbox 397 1354 1996 1431; baseline -0.007 -13"><span class='ocrx_word' id='word_1_74' title='bbox 397 1365 498 1418; x_wconf 81' lang='grc' dir='ltr'><strong>ὅσα</strong></span> <span class='ocrx_word' id='word_1_75' title='bbox 529 1362 585 1416; x_wconf 82' lang='grc' dir='ltr'><strong>δὲ</strong></span> <span class='ocrx_word' id='word_1_76' title='bbox 613 1363 741 1431; x_wconf 69' lang='grc' dir='ltr'><strong>περὶ</strong></span> <span class='ocrx_word' id='word_1_77' title='bbox 772 1359 1209 1431; x_wconf 84' lang='grc' dir='ltr'><strong>εὐαρεστούντων</strong></span> <span class='ocrx_word' id='word_1_78' title='bbox 1270 1356 1388 1428; x_wconf 83' lang='grc' dir='ltr'><strong>Θεῴ</strong></span> <span class='ocrx_word' id='word_1_79' title='bbox 1440 1355 1577 1429; x_wconf 83' lang='grc' dir='ltr'><strong>πρὸς</strong></span> <span class='ocrx_word' id='word_1_80' title='bbox 1630 1355 1855 1419; x_wconf 78' lang='grc' dir='ltr'><strong>ἑαυτοὺς</strong></span> <span class='ocrx_word' id='word_1_81' title='bbox 1913 1354 1996 1408; x_wconf 79' lang='grc' dir='ltr'><strong>ελ-</strong></span> 
     </span>
    </p>
   </div>
   <div class='ocr_carea' id='block_1_15' title="bbox 395 1442 1994 1526">
    <p class='ocr_par' dir='ltr' id='par_1_15' title="bbox 395 1442 1994 1526">
     <span class='ocr_line' id='line_1_15' title="bbox 395 1442 1994 1526; baseline -0.007 -14"><span class='ocrx_word' id='word_1_82' title='bbox 395 1474 576 1522; x_wconf 83' lang='grc' dir='ltr'><strong>κουσι,</strong></span> <span class='ocrx_word' id='word_1_83' title='bbox 608 1456 704 1510; x_wconf 75' lang='grc' dir='ltr'><strong>καὶ</strong></span> <span class='ocrx_word' id='word_1_84' title='bbox 732 1452 870 1526; x_wconf 88' lang='grc' dir='ltr'><strong>μετά</strong></span> <span class='ocrx_word' id='word_1_85' title='bbox 893 1451 1270 1524; x_wconf 78' lang='grc' dir='ltr'><strong>πληροφορίας</strong></span> <span class='ocrx_word' id='word_1_86' title='bbox 1294 1450 1526 1513; x_wconf 78' lang='grc' dir='ltr'><strong>ἑαυτοὺς</strong></span> <span class='ocrx_word' id='word_1_87' title='bbox 1548 1442 1688 1502; x_wconf 75' lang='grc' dir='ltr'><strong>εῖναι</strong></span> <span class='ocrx_word' id='word_1_88' title='bbox 1720 1448 1846 1512; x_wconf 81' lang='grc' dir='ltr'><strong>τοὺς</strong></span> <span class='ocrx_word' id='word_1_89' title='bbox 1898 1448 1994 1501; x_wconf 86' lang='grc' dir='ltr'><strong>ὲκ-</strong></span> 
     </span>
    </p>
   </div>
   <div class='ocr_carea' id='block_1_16' title="bbox 393 1538 1995 1614">
    <p class='ocr_par' dir='ltr' id='par_1_16' title="bbox 393 1538 1995 1614">
     <span class='ocr_line' id='line_1_16' title="bbox 393 1538 1995 1614; baseline -0.007 -11"><span class='ocrx_word' id='word_1_90' title='bbox 393 1548 640 1614; x_wconf 83' lang='grc' dir='ltr'><strong>λεκτοὺς,</strong></span> <span class='ocrx_word' id='word_1_91' title='bbox 668 1547 763 1601; x_wconf 76' lang='grc' dir='ltr'><strong>καὶ</strong></span> <span class='ocrx_word' id='word_1_92' title='bbox 794 1545 1039 1608; x_wconf 82' lang='grc' dir='ltr'><strong>δικαίους</strong></span> <span class='ocrx_word' id='word_1_93' title='bbox 1070 1542 1167 1598; x_wconf 79' lang='grc' dir='ltr'><strong>καὶ</strong></span> <span class='ocrx_word' id='word_1_94' title='bbox 1204 1541 1583 1613; x_wconf 80' lang='grc' dir='ltr'><strong>κληρονόμους</strong></span> <span class='ocrx_word' id='word_1_95' title='bbox 1636 1539 1774 1593; x_wconf 84' lang='grc' dir='ltr'><strong>Θεοῦ</strong></span> <span class='ocrx_word' id='word_1_96' title='bbox 1803 1538 1995 1607; x_wconf 87' lang='grc' dir='ltr'><strong>λέγου-</strong></span> 
     </span>
    </p>
   </div>
   <div class='ocr_carea' id='block_1_17' title="bbox 397 1630 1995 1707">
    <p class='ocr_par' dir='ltr' id='par_1_17' title="bbox 397 1630 1995 1707">
     <span class='ocr_line' id='line_1_17' title="bbox 397 1630 1995 1707; baseline -0.008 -11"><span class='ocrx_word' id='word_1_97' title='bbox 397 1658 505 1696; x_wconf 88' lang='grc' dir='ltr'><strong>σιν.</strong></span> <span class='ocrx_word' id='word_1_98' title='bbox 548 1638 819 1706; x_wconf 84' lang='grc' dir='ltr'><strong>Ἐκάστην</strong></span> <span class='ocrx_word' id='word_1_99' title='bbox 853 1638 955 1707; x_wconf 82' lang='grc' dir='ltr'><strong>μὲν</strong></span> <span class='ocrx_word' id='word_1_100' title='bbox 1000 1630 1094 1689; x_wconf 82' lang='grc' dir='ltr'><strong>οὖν</strong></span> <span class='ocrx_word' id='word_1_101' title='bbox 1125 1635 1389 1706; x_wconf 78' lang='grc' dir='ltr'><strong>ἐξήγησιν</strong></span> <span class='ocrx_word' id='word_1_102' title='bbox 1429 1631 1611 1704; x_wconf 79' lang='grc' dir='ltr'><strong>βίϐλου</strong></span> <span class='ocrx_word' id='word_1_103' title='bbox 1664 1630 1795 1703; x_wconf 85' lang='grc' dir='ltr'><strong>παρ’</strong></span> <span class='ocrx_word' id='word_1_104' title='bbox 1851 1631 1995 1685; x_wconf 81' lang='grc' dir='ltr'><strong>ὲκεί-</strong></span> 
     </span>
    </p>
   </div>
   <div class='ocr_carea' id='block_1_18' title="bbox 395 1717 1993 1801">
    <p class='ocr_par' dir='ltr' id='par_1_18' title="bbox 395 1717 1993 1801">
     <span class='ocr_line' id='line_1_18' title="bbox 395 1717 1993 1801; baseline -0.011 -12"><span class='ocrx_word' id='word_1_105' title='bbox 395 1751 502 1789; x_wconf 90' lang='grc' dir='ltr'><strong>νων</strong></span> <span class='ocrx_word' id='word_1_106' title='bbox 526 1727 939 1801; x_wconf 79' lang='grc' dir='ltr'><strong>ὑφηγουμένην,</strong></span> <span class='ocrx_word' id='word_1_107' title='bbox 976 1725 1179 1797; x_wconf 80' lang='grc' dir='ltr'><strong>μᾶλλον</strong></span> <span class='ocrx_word' id='word_1_108' title='bbox 1222 1722 1281 1777; x_wconf 80' lang='grc' dir='ltr'><strong>δὲ</strong></span> <span class='ocrx_word' id='word_1_109' title='bbox 1312 1720 1695 1794; x_wconf 81' lang='grc' dir='ltr'><strong>παρατροπὴν,</strong></span> <span class='ocrx_word' id='word_1_110' title='bbox 1750 1719 1845 1773; x_wconf 74' lang='grc' dir='ltr'><strong>καὶ</strong></span> <span class='ocrx_word' id='word_1_111' title='bbox 1899 1717 1993 1773; x_wconf 90' lang='grc' dir='ltr'><strong>τοῦ</strong></span> 
     </span>
    </p>
   </div>
   <div class='ocr_carea' id='block_1_19' title="bbox 394 1812 1989 1892">
    <p class='ocr_par' dir='ltr' id='par_1_19' title="bbox 394 1812 1989 1892">
     <span class='ocr_line' id='line_1_19' title="bbox 394 1812 1989 1892; baseline -0.011 -13"><span class='ocrx_word' id='word_1_112' title='bbox 394 1822 800 1892; x_wconf 79' lang='grc' dir='ltr'><strong>καθεστηκότος</strong></span> <span class='ocrx_word' id='word_1_113' title='bbox 820 1817 1143 1889; x_wconf 78' lang='grc' dir='ltr'><strong>ἐξαλλαγὴν,</strong></span> <span class='ocrx_word' id='word_1_114' title='bbox 1178 1815 1390 1888; x_wconf 80' lang='grc' dir='ltr'><strong>μακρὸν</strong></span> <span class='ocrx_word' id='word_1_115' title='bbox 1422 1813 1488 1868; x_wconf 83' lang='grc' dir='ltr'><strong>ἂν</strong></span> <span class='ocrx_word' id='word_1_116' title='bbox 1510 1814 1595 1882; x_wconf 74' lang='grc' dir='ltr'><strong>εἴη</strong></span> <span class='ocrx_word' id='word_1_117' title='bbox 1633 1812 1989 1883; x_wconf 85' lang='grc' dir='ltr'><strong>συγγράφειν,</strong></span> 
     </span>
    </p>
   </div>
   <div class='ocr_carea' id='block_1_20' title="bbox 395 1902 1990 1984">
    <p class='ocr_par' dir='ltr' id='par_1_20' title="bbox 395 1902 1990 1984">
     <span class='ocr_line' id='line_1_20' title="bbox 395 1902 1990 1984; baseline -0.009 -16"><span class='ocrx_word' id='word_1_118' title='bbox 395 1916 490 1967; x_wconf 78' lang='grc' dir='ltr'><strong>καὶ</strong></span> <span class='ocrx_word' id='word_1_119' title='bbox 517 1913 712 1984; x_wconf 88' lang='grc' dir='ltr'><strong>χρόνου</strong></span> <span class='ocrx_word' id='word_1_120' title='bbox 744 1911 941 1966; x_wconf 83' lang='grc' dir='ltr'><strong>πολλοῦ</strong></span> <span class='ocrx_word' id='word_1_121' title='bbox 974 1910 1250 1982; x_wconf 89' lang='grc' dir='ltr'><strong>δεόμενον,</strong></span> <span class='ocrx_word' id='word_1_122' title='bbox 1274 1908 1368 1962; x_wconf 56' lang='grc' dir='ltr'><strong>καὶ⁵</strong></span> <span class='ocrx_word' id='word_1_123' title='bbox 1397 1904 1576 1976; x_wconf 81' lang='grc' dir='ltr'><strong>σαφὴς</strong></span> <span class='ocrx_word' id='word_1_124' title='bbox 1607 1902 1990 1975; x_wconf 85' lang='grc' dir='ltr'><strong>ματαιοπονία,</strong></span> 
     </span>
    </p>
   </div>
   <div class='ocr_carea' id='block_1_21' title="bbox 395 1994 1996 2075">
    <p class='ocr_par' dir='ltr' id='par_1_21' title="bbox 395 1994 1996 2075">
     <span class='ocr_line' id='line_1_21' title="bbox 395 1994 1996 2075; baseline -0.008 -16"><span class='ocrx_word' id='word_1_125' title='bbox 395 2010 492 2061; x_wconf 67' lang='grc' dir='ltr'><strong>καὶ</strong></span> <span class='ocrx_word' id='word_1_126' title='bbox 521 2005 688 2070; x_wconf 84' lang='grc' dir='ltr'><strong>κόπος</strong></span> <span class='ocrx_word' id='word_1_127' title='bbox 712 2006 793 2068; x_wconf 82' lang='grc' dir='ltr'><strong>εἰς</strong></span> <span class='ocrx_word' id='word_1_128' title='bbox 819 2004 972 2058; x_wconf 77' lang='grc' dir='ltr'><strong>οὐδὲν</strong></span> <span class='ocrx_word' id='word_1_129' title='bbox 1008 2003 1286 2075; x_wconf 81' lang='grc' dir='ltr'><strong>χρήσιμον</strong></span> <span class='ocrx_word' id='word_1_130' title='bbox 1317 1997 1664 2069; x_wconf 83' lang='grc' dir='ltr'><strong>καταλήγων.</strong></span> <span class='ocrx_word' id='word_1_131' title='bbox 1694 1996 1857 2066; x_wconf 84' lang='grc' dir='ltr'><strong>Ἀχρι</strong></span> <span class='ocrx_word' id='word_1_132' title='bbox 1886 1994 1996 2067; x_wconf 82' lang='grc' dir='ltr'><strong>γὰρ</strong></span> 
     </span>
    </p>
   </div>
   <div class='ocr_carea' id='block_1_22' title="bbox 396 2087 1996 2170">
    <p class='ocr_par' dir='ltr' id='par_1_22' title="bbox 396 2087 1996 2170">
     <span class='ocr_line' id='line_1_22' title="bbox 396 2087 1996 2170; baseline -0.008 -18"><span class='ocrx_word' id='word_1_133' title='bbox 396 2097 580 2166; x_wconf 76' lang='grc' dir='ltr'><strong>ὀλίγου</strong></span> <span class='ocrx_word' id='word_1_134' title='bbox 644 2094 1035 2170; x_wconf 76' lang='grc' dir='ltr'><strong>προϐαίνοντες</strong></span> <span class='ocrx_word' id='word_1_135' title='bbox 1074 2095 1125 2148; x_wconf 86' lang='lat' dir='ltr'><strong>ol</strong></span> <span class='ocrx_word' id='word_1_136' title='bbox 1164 2090 1660 2161; x_wconf 84' lang='grc' dir='ltr'><strong>ἀναγινώσκοντες,</strong></span> <span class='ocrx_word' id='word_1_137' title='bbox 1709 2087 1805 2142; x_wconf 78' lang='grc' dir='ltr'><strong>καὶ</strong></span> <span class='ocrx_word' id='word_1_138' title='bbox 1858 2087 1996 2157; x_wconf 82' lang='grc' dir='ltr'><strong>πρὸς</strong></span> 
     </span>
    </p>
   </div>
   <div class='ocr_carea' id='block_1_23' title="bbox 396 2180 1993 2258">
    <p class='ocr_par' dir='ltr' id='par_1_23' title="bbox 396 2180 1993 2258">
     <span class='ocr_line' id='line_1_23' title="bbox 396 2180 1993 2258; baseline -0.006 -17"><span class='ocrx_word' id='word_1_139' title='bbox 396 2190 495 2252; x_wconf 76' lang='grc' dir='ltr'><strong>τὰς</strong></span> <span class='ocrx_word' id='word_1_140' title='bbox 523 2188 752 2252; x_wconf 82' lang='grc' dir='ltr'><strong>ἀτοπίας</strong></span> <span class='ocrx_word' id='word_1_141' title='bbox 792 2186 904 2242; x_wconf 86' lang='grc' dir='ltr'><strong>τῶν</strong></span> <span class='ocrx_word' id='word_1_142' title='bbox 953 2184 1317 2258; x_wconf 82' lang='grc' dir='ltr'><strong>βλασφημιῶν</strong></span> <span class='ocrx_word' id='word_1_143' title='bbox 1368 2182 1533 2246; x_wconf 77' lang='grc' dir='ltr'><strong>εὐθὺς</strong></span> <span class='ocrx_word' id='word_1_144' title='bbox 1580 2180 1993 2244; x_wconf 87' lang='grc' dir='ltr'><strong>ἀποκναίοντες,</strong></span> 
     </span>
    </p>
   </div>
   <div class='ocr_carea' id='block_1_24' title="bbox 397 2271 1996 2351">
    <p class='ocr_par' dir='ltr' id='par_1_24' title="bbox 397 2271 1996 2351">
     <span class='ocr_line' id='line_1_24' title="bbox 397 2271 1996 2351; baseline -0.008 -16"><span class='ocrx_word' id='word_1_145' title='bbox 397 2282 495 2335; x_wconf 75' lang='grc' dir='ltr'><strong>καὶ</strong></span> <span class='ocrx_word' id='word_1_146' title='bbox 517 2278 767 2351; x_wconf 85' lang='grc' dir='ltr'><strong>καθάπερ</strong></span> <span class='ocrx_word' id='word_1_147' title='bbox 797 2281 846 2333; x_wconf 89' lang='grc' dir='ltr'><strong>οί</strong></span> <span class='ocrx_word' id='word_1_148' title='bbox 875 2276 1206 2341; x_wconf 84' lang='grc' dir='ltr'><strong>ναυτιῶντες</strong></span> <span class='ocrx_word' id='word_1_149' title='bbox 1266 2274 1476 2345; x_wconf 77' lang='grc' dir='ltr'><strong>ἰλίγγου</strong></span> <span class='ocrx_word' id='word_1_150' title='bbox 1513 2273 1609 2327; x_wconf 77' lang='grc' dir='ltr'><strong>καὶ</strong></span> <span class='ocrx_word' id='word_1_151' title='bbox 1662 2271 1996 2335; x_wconf 88' lang='grc' dir='ltr'><strong>σκοτοδινίας</strong></span> 
     </span>
    </p>
   </div>
   <div class='ocr_carea' id='block_1_25' title="bbox 402 2360 1997 2444">
    <p class='ocr_par' dir='ltr' id='par_1_25' title="bbox 402 2360 1997 2444">
     <span class='ocr_line' id='line_1_25' title="bbox 402 2360 1997 2444; baseline -0.007 -19"><span class='ocrx_word' id='word_1_152' title='bbox 402 2377 591 2444; x_wconf 70' lang='grc' dir='ltr'><strong>μεστοὶ</strong></span> <span class='ocrx_word' id='word_1_153' title='bbox 624 2374 900 2443; x_wconf 83' lang='grc' dir='ltr'><strong>γινόμενοι</strong></span> <span class='ocrx_word' id='word_1_154' title='bbox 933 2370 1185 2443; x_wconf 75' lang='grc' dir='ltr'><strong>ῥίψουσιν</strong></span> <span class='ocrx_word' id='word_1_155' title='bbox 1213 2367 1397 2432; x_wconf 76' lang='grc' dir='ltr'><strong>εὐθὺς,</strong></span> <span class='ocrx_word' id='word_1_156' title='bbox 1421 2361 1562 2429; x_wconf 74' lang='grc' dir='ltr'><strong>οἴδα,</strong></span> <span class='ocrx_word' id='word_1_157' title='bbox 1589 2364 1658 2417; x_wconf 90' lang='grc' dir='ltr'><strong>τά</strong></span> <span class='ocrx_word' id='word_1_158' title='bbox 1684 2363 1815 2433; x_wconf 75' lang='grc' dir='ltr'><strong>περὶ</strong></span> <span class='ocrx_word' id='word_1_159' title='bbox 1870 2360 1997 2415; x_wconf 87' lang='grc' dir='ltr'><strong>τού-</strong></span> 
     </span>
    </p>
   </div>
   <div class='ocr_carea' id='block_1_26' title="bbox 398 2454 1996 2533">
    <p class='ocr_par' dir='ltr' id='par_1_26' title="bbox 398 2454 1996 2533">
     <span class='ocr_line' id='line_1_26' title="bbox 398 2454 1996 2533; baseline -0.006 -17"><span class='ocrx_word' id='word_1_160' title='bbox 398 2479 505 2516; x_wconf 74' lang='grc' dir='ltr'><strong>των</strong></span> <span class='ocrx_word' id='word_1_161' title='bbox 531 2462 907 2533; x_wconf 82' lang='grc' dir='ltr'><strong>συντάγματα,</strong></span> <span class='ocrx_word' id='word_1_162' title='bbox 956 2463 1051 2517; x_wconf 77' lang='grc' dir='ltr'><strong>καὶ</strong></span> <span class='ocrx_word' id='word_1_163' title='bbox 1086 2455 1520 2520; x_wconf 83' lang='grc' dir='ltr'><strong>καταπτύσουσι,</strong></span> <span class='ocrx_word' id='word_1_164' title='bbox 1571 2454 1668 2507; x_wconf 76' lang='grc' dir='ltr'><strong>καὶ</strong></span> <span class='ocrx_word' id='word_1_165' title='bbox 1717 2455 1996 2522; x_wconf 89' lang='grc' dir='ltr'><strong>ἀποστρα-</strong></span> 
     </span>
    </p>
   </div>
   <div class='ocr_carea' id='block_1_27' title="bbox 401 2544 1995 2624">
    <p class='ocr_par' dir='ltr' id='par_1_27' title="bbox 401 2544 1995 2624">
     <span class='ocr_line' id='line_1_27' title="bbox 401 2544 1995 2624; baseline -0.005 -17"><span class='ocrx_word' id='word_1_166' title='bbox 401 2554 693 2624; x_wconf 81' lang='grc' dir='ltr'><strong>φήσονται,</strong></span> <span class='ocrx_word' id='word_1_167' title='bbox 729 2553 932 2621; x_wconf 72' lang='grc' dir='ltr'><strong>πολλὴν</strong></span> <span class='ocrx_word' id='word_1_168' title='bbox 954 2551 1217 2623; x_wconf 81' lang='grc' dir='ltr'><strong>ἀκαιρίαν</strong></span> <span class='ocrx_word' id='word_1_169' title='bbox 1258 2545 1793 2609; x_wconf 77' lang='grc' dir='ltr'><strong>κατασκεδαννύντες</strong></span> <span class='ocrx_word' id='word_1_170' title='bbox 1815 2544 1995 2615; x_wconf 80' lang='grc' dir='ltr'><strong>ἡμῶν.</strong></span> 
     </span>
    </p>
   </div>
   <div class='ocr_carea' id='block_1_28' title="bbox 401 2639 1998 2718">
    <p class='ocr_par' dir='ltr' id='par_1_28' title="bbox 401 2639 1998 2718">
     <span class='ocr_line' id='line_1_28' title="bbox 401 2639 1998 2718; baseline -0.007 -17"><span class='ocrx_word' id='word_1_171' title='bbox 401 2646 519 2702; x_wconf 82' lang='grc' dir='ltr'><strong>Ἵνα</strong></span> <span class='ocrx_word' id='word_1_172' title='bbox 548 2647 606 2700; x_wconf 78' lang='grc' dir='ltr'><strong>δὲ</strong></span> <span class='ocrx_word' id='word_1_173' title='bbox 638 2645 715 2718; x_wconf 80' lang='grc' dir='ltr'><strong>μὴ</strong></span> <span class='ocrx_word' id='word_1_174' title='bbox 738 2646 987 2717; x_wconf 81' lang='grc' dir='ltr'><strong>δοκῶμεν</strong></span> <span class='ocrx_word' id='word_1_175' title='bbox 1011 2644 1270 2699; x_wconf 83' lang='grc' dir='ltr'><strong>πλάττειν</strong></span> <span class='ocrx_word' id='word_1_176' title='bbox 1305 2639 1625 2708; x_wconf 83' lang='grc' dir='ltr'><strong>ἀπολογίαν,</strong></span> <span class='ocrx_word' id='word_1_177' title='bbox 1661 2640 1755 2693; x_wconf 70' lang='grc' dir='ltr'><strong>καὶ</strong></span> <span class='ocrx_word' id='word_1_178' title='bbox 1799 2639 1998 2708; x_wconf 86' lang='grc' dir='ltr'><strong>πειρᾶ-</strong></span> 
     </span>
    </p>
   </div>
   <div class='ocr_carea' id='block_1_29' title="bbox 401 2728 2001 2810">
    <p class='ocr_par' dir='ltr' id='par_1_29' title="bbox 401 2728 2001 2810">
     <span class='ocr_line' id='line_1_29' title="bbox 401 2728 2001 2810; baseline -0.006 -19"><span class='ocrx_word' id='word_1_179' title='bbox 401 2737 528 2792; x_wconf 85' lang='grc' dir='ltr'><strong>σθαι</strong></span> <span class='ocrx_word' id='word_1_180' title='bbox 546 2737 945 2810; x_wconf 74' lang='grc' dir='ltr'><strong>διαδιδράσκειν</strong></span> <span class='ocrx_word' id='word_1_181' title='bbox 976 2738 1068 2789; x_wconf 74' lang='grc' dir='ltr'><strong>τὸν</strong></span> <span class='ocrx_word' id='word_1_182' title='bbox 1088 2736 1147 2789; x_wconf 84' lang='grc' dir='ltr'><strong>ὲν</strong></span> <span class='ocrx_word' id='word_1_183' title='bbox 1180 2734 1391 2797; x_wconf 80' lang='grc' dir='ltr'><strong>τούτοις</strong></span> <span class='ocrx_word' id='word_1_184' title='bbox 1431 2733 1612 2797; x_wconf 83' lang='grc' dir='ltr'><strong>πόνον,</strong></span> <span class='ocrx_word' id='word_1_185' title='bbox 1646 2730 1799 2800; x_wconf 85' lang='grc' dir='ltr'><strong>ὀλίγα</strong></span> <span class='ocrx_word' id='word_1_186' title='bbox 1858 2728 2001 2799; x_wconf 85' lang='grc' dir='ltr'><strong>ρητά</strong></span> 
     </span>
    </p>
   </div>
   <div class='ocr_carea' id='block_1_30' title="bbox 400 2821 2001 2896">
    <p class='ocr_par' dir='ltr' id='par_1_30' title="bbox 400 2821 2001 2896">
     <span class='ocr_line' id='line_1_30' title="bbox 400 2821 2001 2896; baseline -0.006 -13"><span class='ocrx_word' id='word_1_187' title='bbox 400 2830 493 2884; x_wconf 87' lang='grc' dir='ltr'><strong>τοῦ</strong></span> <span class='ocrx_word' id='word_1_188' title='bbox 550 2830 690 2884; x_wconf 84' lang='grc' dir='ltr'><strong>κατὰ</strong></span> <span class='ocrx_word' id='word_1_189' title='bbox 740 2828 1021 2884; x_wconf 81' lang='grc' dir='ltr'><strong>Ματθαϊον</strong></span> <span class='ocrx_word' id='word_1_190' title='bbox 1068 2823 1594 2896; x_wconf 66' lang='grc' dir='ltr'><strong>Εὑαγγελίουκατά</strong></span> <span class='ocrx_word' id='word_1_191' title='bbox 1625 2822 1727 2891; x_wconf 81' lang='grc' dir='ltr'><strong>τὴν</strong></span> <span class='ocrx_word' id='word_1_192' title='bbox 1772 2821 2001 2874; x_wconf 69' lang='grc' dir='ltr'><strong>ἐκείνων</strong></span> 
     </span>
    </p>
   </div>
   <div class='ocr_carea' id='block_1_31' title="bbox 401 2914 2002 2995">
    <p class='ocr_par' dir='ltr' id='par_1_31' title="bbox 401 2914 2002 2995">
     <span class='ocr_line' id='line_1_31' title="bbox 401 2914 2002 2995; baseline -0.007 -19"><span class='ocrx_word' id='word_1_193' title='bbox 401 2922 793 2995; x_wconf 83' lang='grc' dir='ltr'><strong>παραπληξίαν</strong></span> <span class='ocrx_word' id='word_1_194' title='bbox 837 2918 1351 2994; x_wconf 81' lang='grc' dir='ltr'><strong>διερμηνεύσαντες,</strong></span> <span class='ocrx_word' id='word_1_195' title='bbox 1421 2917 1509 2971; x_wconf 84' lang='grc' dir='ltr'><strong>ἵνα</strong></span> <span class='ocrx_word' id='word_1_196' title='bbox 1564 2916 1641 2987; x_wconf 79' lang='grc' dir='ltr'><strong>μὴ</strong></span> <span class='ocrx_word' id='word_1_197' title='bbox 1679 2915 1825 2986; x_wconf 83' lang='grc' dir='ltr'><strong>λόγῳ</strong></span> <span class='ocrx_word' id='word_1_198' title='bbox 1883 2914 2002 2967; x_wconf 87' lang='grc' dir='ltr'><strong>δια-</strong></span> 
     </span>
    </p>
   </div>
   <div class='ocr_carea' id='block_1_32' title="bbox 403 3004 1998 3087">
    <p class='ocr_par' dir='ltr' id='par_1_32' title="bbox 403 3004 1998 3087">
     <span class='ocr_line' id='line_1_32' title="bbox 403 3004 1998 3087; baseline -0.005 -19"><span class='ocrx_word' id='word_1_199' title='bbox 403 3016 762 3087; x_wconf 80' lang='grc' dir='ltr'><strong>στρέψαντες,</strong></span> <span class='ocrx_word' id='word_1_200' title='bbox 790 3015 1055 3086; x_wconf 81' lang='grc' dir='ltr'><strong>δείξωμεν</strong></span> <span class='ocrx_word' id='word_1_201' title='bbox 1083 3013 1191 3068; x_wconf 85' lang='grc' dir='ltr'><strong>ἀπὸ</strong></span> <span class='ocrx_word' id='word_1_202' title='bbox 1219 3011 1315 3065; x_wconf 87' lang='grc' dir='ltr'><strong>τοῦ</strong></span> <span class='ocrx_word' id='word_1_203' title='bbox 1346 3009 1620 3081; x_wconf 83' lang='grc' dir='ltr'><strong>γεύματος</strong></span> <span class='ocrx_word' id='word_1_204' title='bbox 1674 3006 1768 3061; x_wconf 72' lang='grc' dir='ltr'><strong>τὸν</strong></span> <span class='ocrx_word' id='word_1_205' title='bbox 1818 3004 1998 3073; x_wconf 83' lang='grc' dir='ltr'><strong>πίθον,</strong></span> 
     </span>
    </p>
   </div>
   <div class='ocr_carea' id='block_1_33' title="bbox 2101 531 2337 584">
    <p class='ocr_par' dir='ltr' id='par_1_33' title="bbox 2101 531 2337 584">
     <span class='ocr_line' id='line_1_33' title="bbox 2101 531 2337 584; baseline 0 -1"><span class='ocrx_word' id='word_1_206' title='bbox 2101 531 2337 584; x_wconf 82' lang='lat' dir='ltr'><strong>tradunt.</strong></span> 
     </span>
    </p>
   </div>
   <div class='ocr_carea' id='block_1_34' title="bbox 2167 790 3697 871">
    <p class='ocr_par' dir='ltr' id='par_1_34' title="bbox 2167 790 3697 871">
     <span class='ocr_line' id='line_1_34' title="bbox 2167 790 3697 871; baseline 0.008 -26"><span class='ocrx_word' id='word_1_207' title='bbox 2167 791 2259 847; x_wconf 74' lang='lat'><strong>27.</strong></span> <span class='ocrx_word' id='word_1_208' title='bbox 2281 790 2444 848; x_wconf 83' lang='lat' dir='ltr'><strong>Totos</strong></span> <span class='ocrx_word' id='word_1_209' title='bbox 2470 802 2676 863; x_wconf 88' lang='lat' dir='ltr'><strong>septem</strong></span> <span class='ocrx_word' id='word_1_210' title='bbox 2696 794 2865 851; x_wconf 88' lang='lat' dir='ltr'><strong>libros</strong></span> <span class='ocrx_word' id='word_1_211' title='bbox 2886 810 3025 866; x_wconf 90' lang='lat' dir='ltr'><strong>quos</strong></span> <span class='ocrx_word' id='word_1_212' title='bbox 3058 798 3293 855; x_wconf 84' lang='lat' dir='ltr'><strong>diximus</strong></span> <span class='ocrx_word' id='word_1_213' title='bbox 3316 799 3396 854; x_wconf 90' lang='lat' dir='ltr'><strong>sic</strong></span> <span class='ocrx_word' id='word_1_214' title='bbox 3430 799 3697 871; x_wconf 89' lang='lat' dir='ltr'><strong>interpre-</strong></span> 
     </span>
    </p>
   </div>
   <div class='ocr_carea' id='block_1_35' title="bbox 2098 890 3695 961">
    <p class='ocr_par' dir='ltr' id='par_1_35' title="bbox 2098 890 3695 961">
     <span class='ocr_line' id='line_1_35' title="bbox 2098 890 3695 961; baseline 0.007 -23"><span class='ocrx_word' id='word_1_215' title='bbox 2098 893 2306 951; x_wconf 77' lang='lat' dir='ltr'><strong>tantur,</strong></span> <span class='ocrx_word' id='word_1_216' title='bbox 2339 894 2397 940; x_wconf 85' lang='lat' dir='ltr'><strong>ut</strong></span> <span class='ocrx_word' id='word_1_217' title='bbox 2438 900 2533 941; x_wconf 90' lang='lat' dir='ltr'><strong>eos</strong></span> <span class='ocrx_word' id='word_1_218' title='bbox 2582 894 2915 956; x_wconf 87' lang='lat' dir='ltr'><strong>pervertant,</strong></span> <span class='ocrx_word' id='word_1_219' title='bbox 2966 890 3241 960; x_wconf 85' lang='lat' dir='ltr'><strong>verbaque</strong></span> <span class='ocrx_word' id='word_1_220' title='bbox 3270 893 3631 961; x_wconf 85' lang='lat' dir='ltr'><strong>detorqueant</strong></span> <span class='ocrx_word' id='word_1_221' title='bbox 3665 910 3695 949; x_wconf 88' lang='lat' dir='ltr'><strong>a</strong></span> 
     </span>
    </p>
   </div>
   <div class='ocr_carea' id='block_1_36' title="bbox 2098 978 3696 1055">
    <p class='ocr_par' dir='ltr' id='par_1_36' title="bbox 2098 978 3696 1055">
     <span class='ocr_line' id='line_1_36' title="bbox 2098 978 3696 1055; baseline 0.006 -24"><span class='ocrx_word' id='word_1_222' title='bbox 2098 986 2246 1032; x_wconf 85' lang='lat' dir='ltr'><strong>recta</strong></span> <span class='ocrx_word' id='word_1_223' title='bbox 2289 978 2581 1042; x_wconf 81' lang='lat' dir='ltr'><strong>sententia,</strong></span> <span class='ocrx_word' id='word_1_224' title='bbox 2618 987 2673 1033; x_wconf 90' lang='lat' dir='ltr'><strong>et</strong></span> <span class='ocrx_word' id='word_1_225' title='bbox 2706 980 2822 1035; x_wconf 89' lang='lat' dir='ltr'><strong>suis</strong></span> <span class='ocrx_word' id='word_1_226' title='bbox 2854 982 3267 1037; x_wconf 83' lang='lat' dir='ltr'><strong>accommodent</strong></span> <span class='ocrx_word' id='word_1_227' title='bbox 3328 985 3696 1055; x_wconf 81' lang='lat' dir='ltr'><strong>opinionibus.</strong></span> 
     </span>
    </p>
   </div>
   <div class='ocr_carea' id='block_1_37' title="bbox 2098 1066 3701 1148">
    <p class='ocr_par' dir='ltr' id='par_1_37' title="bbox 2098 1066 3701 1148">
     <span class='ocr_line' id='line_1_37' title="bbox 2098 1066 3701 1148; baseline 0.007 -26"><span class='ocrx_word' id='word_1_228' title='bbox 2098 1066 2165 1122; x_wconf 89' lang='lat' dir='ltr'><strong>Et</strong></span> <span class='ocrx_word' id='word_1_229' title='bbox 2197 1066 2455 1139; x_wconf 77' lang='lat' dir='ltr'><strong>quidquid</strong></span> <span class='ocrx_word' id='word_1_230' title='bbox 2481 1069 2536 1123; x_wconf 90' lang='lat' dir='ltr'><strong>in</strong></span> <span class='ocrx_word' id='word_1_231' title='bbox 2580 1069 2688 1125; x_wconf 91' lang='lat' dir='ltr'><strong>illis</strong></span> <span class='ocrx_word' id='word_1_232' title='bbox 2729 1070 2991 1127; x_wconf 85' lang='lat' dir='ltr'><strong>adversus</strong></span> <span class='ocrx_word' id='word_1_233' title='bbox 3054 1083 3367 1142; x_wconf 88' lang='lat' dir='ltr'><strong>peccatores</strong></span> <span class='ocrx_word' id='word_1_234' title='bbox 3423 1085 3476 1131; x_wconf 91' lang='lat' dir='ltr'><strong>et</strong></span> <span class='ocrx_word' id='word_1_235' title='bbox 3502 1076 3701 1148; x_wconf 87' lang='lat' dir='ltr'><strong>impios</strong></span> 
     </span>
    </p>
   </div>
   <div class='ocr_carea' id='block_1_38' title="bbox 2098 1155 3699 1228">
    <p class='ocr_par' dir='ltr' id='par_1_38' title="bbox 2098 1155 3699 1228">
     <span class='ocr_line' id='line_1_38' title="bbox 2098 1155 3699 1228; baseline 0.009 -15"><span class='ocrx_word' id='word_1_236' title='bbox 2098 1155 2415 1214; x_wconf 84' lang='lat' dir='ltr'><strong>idololatras</strong></span> <span class='ocrx_word' id='word_1_237' title='bbox 2452 1160 2653 1215; x_wconf 87' lang='lat' dir='ltr'><strong>dictum</strong></span> <span class='ocrx_word' id='word_1_238' title='bbox 2700 1170 2805 1228; x_wconf 87' lang='lat' dir='ltr'><strong>est,</strong></span> <span class='ocrx_word' id='word_1_239' title='bbox 2836 1163 2887 1218; x_wconf 91' lang='lat' dir='ltr'><strong>id</strong></span> <span class='ocrx_word' id='word_1_240' title='bbox 2918 1175 3109 1219; x_wconf 87' lang='lat' dir='ltr'><strong>contra</strong></span> <span class='ocrx_word' id='word_1_241' title='bbox 3154 1181 3253 1221; x_wconf 89' lang='lat' dir='ltr'><strong>nos</strong></span> <span class='ocrx_word' id='word_1_242' title='bbox 3295 1168 3497 1223; x_wconf 87' lang='lat' dir='ltr'><strong>dictum</strong></span> <span class='ocrx_word' id='word_1_243' title='bbox 3550 1186 3699 1227; x_wconf 37' lang='lat' dir='ltr'><strong>asses</strong></span> 
     </span>
    </p>
   </div>
   <div class='ocr_carea' id='block_1_39' title="bbox 2098 1253 3703 1323">
    <p class='ocr_par' dir='ltr' id='par_1_39' title="bbox 2098 1253 3703 1323">
     <span class='ocr_line' id='line_1_39' title="bbox 2098 1253 3703 1323; baseline 0.009 -18"><span class='ocrx_word' id='word_1_244' title='bbox 2098 1260 2270 1316; x_wconf 86' lang='lat' dir='ltr'><strong>runt;</strong></span> <span class='ocrx_word' id='word_1_245' title='bbox 2305 1253 2568 1323; x_wconf 89' lang='lat' dir='ltr'><strong>quidquid</strong></span> <span class='ocrx_word' id='word_1_246' title='bbox 2608 1264 2784 1310; x_wconf 90' lang='lat' dir='ltr'><strong>autem</strong></span> <span class='ocrx_word' id='word_1_247' title='bbox 2815 1256 2883 1311; x_wconf 92' lang='lat' dir='ltr'><strong>de</strong></span> <span class='ocrx_word' id='word_1_248' title='bbox 2928 1259 3120 1313; x_wconf 83' lang='lat' dir='ltr'><strong>amicis</strong></span> <span class='ocrx_word' id='word_1_249' title='bbox 3175 1260 3291 1322; x_wconf 88' lang='lat' dir='ltr'><strong>Dei.</strong></span> <span class='ocrx_word' id='word_1_250' title='bbox 3326 1262 3375 1316; x_wconf 87' lang='lat' dir='ltr'><strong>id</strong></span> <span class='ocrx_word' id='word_1_251' title='bbox 3405 1263 3472 1318; x_wconf 88' lang='lat' dir='ltr'><strong>ad</strong></span> <span class='ocrx_word' id='word_1_252' title='bbox 3504 1278 3561 1319; x_wconf 86' lang='lat' dir='ltr'><strong>se</strong></span> <span class='ocrx_word' id='word_1_253' title='bbox 3590 1275 3703 1318; x_wconf 80' lang='lat' dir='ltr'><strong>tra-</strong></span> 
     </span>
    </p>
   </div>
   <div class='ocr_carea' id='block_1_40' title="bbox 2100 1343 3701 1431">
    <p class='ocr_par' dir='ltr' id='par_1_40' title="bbox 2100 1343 3701 1431">
     <span class='ocr_line' id='line_1_40' title="bbox 2100 1343 3701 1431; baseline 0.01 -35"><span class='ocrx_word' id='word_1_254' title='bbox 2100 1343 2259 1410; x_wconf 89' lang='lat' dir='ltr'><strong>hunt,</strong></span> <span class='ocrx_word' id='word_1_255' title='bbox 2304 1344 2748 1417; x_wconf 79' lang='lat' dir='ltr'><strong>conﬁdenterque</strong></span> <span class='ocrx_word' id='word_1_256' title='bbox 2781 1348 3005 1416; x_wconf 82' lang='lat' dir='ltr'><strong>electos,</strong></span> <span class='ocrx_word' id='word_1_257' title='bbox 3043 1360 3097 1404; x_wconf 90' lang='lat' dir='ltr'><strong>et</strong></span> <span class='ocrx_word' id='word_1_258' title='bbox 3125 1350 3325 1431; x_wconf 72' lang='lat' dir='ltr'><strong>iustos,</strong></span> <span class='ocrx_word' id='word_1_259' title='bbox 3362 1362 3416 1407; x_wconf 92' lang='lat' dir='ltr'><strong>et</strong></span> <span class='ocrx_word' id='word_1_260' title='bbox 3454 1355 3701 1412; x_wconf 76' lang='lat' dir='ltr'><strong>liaeredes</strong></span> 
     </span>
    </p>
   </div>
   <div class='ocr_carea' id='block_1_41' title="bbox 2100 1433 3701 1514">
    <p class='ocr_par' dir='ltr' id='par_1_41' title="bbox 2100 1433 3701 1514">
     <span class='ocr_line' id='line_1_41' title="bbox 2100 1433 3701 1514; baseline 0.007 -25"><span class='ocrx_word' id='word_1_261' title='bbox 2100 1433 2194 1489; x_wconf 88' lang='lat' dir='ltr'><strong>Dei</strong></span> <span class='ocrx_word' id='word_1_262' title='bbox 2240 1450 2372 1491; x_wconf 84' lang='lat' dir='ltr'><strong>suos</strong></span> <span class='ocrx_word' id='word_1_263' title='bbox 2396 1450 2517 1492; x_wconf 85' lang='lat' dir='ltr'><strong>esse</strong></span> <span class='ocrx_word' id='word_1_264' title='bbox 2541 1438 2897 1496; x_wconf 88' lang='lat' dir='ltr'><strong>contendunt.</strong></span> <span class='ocrx_word' id='word_1_265' title='bbox 2921 1440 3147 1509; x_wconf 87' lang='lat' dir='ltr'><strong>Magnus</strong></span> <span class='ocrx_word' id='word_1_266' title='bbox 3176 1443 3339 1514; x_wconf 78' lang='lat' dir='ltr'><strong>igitur</strong></span> <span class='ocrx_word' id='word_1_267' title='bbox 3356 1444 3509 1501; x_wconf 87' lang='lat' dir='ltr'><strong>labor</strong></span> <span class='ocrx_word' id='word_1_268' title='bbox 3528 1458 3701 1513; x_wconf 83' lang='lat' dir='ltr'><strong>esset,</strong></span> 
     </span>
    </p>
   </div>
   <div class='ocr_carea' id='block_1_42' title="bbox 2099 1528 3702 1608">
    <p class='ocr_par' dir='ltr' id='par_1_42' title="bbox 2099 1528 3702 1608">
     <span class='ocr_line' id='line_1_42' title="bbox 2099 1528 3702 1608; baseline 0.01 -26"><span class='ocrx_word' id='word_1_269' title='bbox 2099 1536 2154 1582; x_wconf 89' lang='lat' dir='ltr'><strong>et</strong></span> <span class='ocrx_word' id='word_1_270' title='bbox 2203 1528 2415 1600; x_wconf 87' lang='lat' dir='ltr'><strong>longus,</strong></span> <span class='ocrx_word' id='word_1_271' title='bbox 2442 1538 2497 1585; x_wconf 92' lang='lat' dir='ltr'><strong>et</strong></span> <span class='ocrx_word' id='word_1_272' title='bbox 2526 1531 2749 1597; x_wconf 87' lang='lat' dir='ltr'><strong>stultus,</strong></span> <span class='ocrx_word' id='word_1_273' title='bbox 2778 1542 2941 1603; x_wconf 86' lang='lat' dir='ltr'><strong>atque</strong></span> <span class='ocrx_word' id='word_1_274' title='bbox 2969 1535 3174 1593; x_wconf 86' lang='lat' dir='ltr'><strong>inutilis</strong></span> <span class='ocrx_word' id='word_1_275' title='bbox 3202 1539 3245 1593; x_wconf 88' lang='lat' dir='ltr'><strong>si</strong></span> <span class='ocrx_word' id='word_1_276' title='bbox 3276 1541 3397 1608; x_wconf 88' lang='lat' dir='ltr'><strong>quis</strong></span> <span class='ocrx_word' id='word_1_277' title='bbox 3436 1540 3702 1598; x_wconf 88' lang='lat' dir='ltr'><strong>librorum</strong></span> 
     </span>
    </p>
   </div>
   <div class='ocr_carea' id='block_1_43' title="bbox 2100 1619 3701 1700">
    <p class='ocr_par' dir='ltr' id='par_1_43' title="bbox 2100 1619 3701 1700">
     <span class='ocr_line' id='line_1_43' title="bbox 2100 1619 3701 1700; baseline 0.009 -25"><span class='ocrx_word' id='word_1_278' title='bbox 2100 1619 2434 1690; x_wconf 87' lang='lat' dir='ltr'><strong>singulorum</strong></span> <span class='ocrx_word' id='word_1_279' title='bbox 2462 1637 2748 1692; x_wconf 86' lang='lat' dir='ltr'><strong>perversas</strong></span> <span class='ocrx_word' id='word_1_280' title='bbox 2773 1627 3171 1697; x_wconf 79' lang='lat' dir='ltr'><strong>expositiones,</strong></span> <span class='ocrx_word' id='word_1_281' title='bbox 3213 1645 3348 1700; x_wconf 87' lang='lat' dir='ltr'><strong>quas</strong></span> <span class='ocrx_word' id='word_1_282' title='bbox 3383 1633 3614 1689; x_wconf 64' lang='lat' dir='ltr'><strong>alterunt</strong></span> <span class='ocrx_word' id='word_1_283' title='bbox 3670 1654 3701 1690; x_wconf 86' lang='lat' dir='ltr'><strong>a</strong></span> 
     </span>
    </p>
   </div>
   <div class='ocr_carea' id='block_1_44' title="bbox 2102 1711 3701 1792">
    <p class='ocr_par' dir='ltr' id='par_1_44' title="bbox 2102 1711 3701 1792">
     <span class='ocr_line' id='line_1_44' title="bbox 2102 1711 3701 1792; baseline 0.009 -27"><span class='ocrx_word' id='word_1_284' title='bbox 2102 1711 2379 1782; x_wconf 89' lang='lat' dir='ltr'><strong>proposito</strong></span> <span class='ocrx_word' id='word_1_285' title='bbox 2411 1713 2775 1772; x_wconf 85' lang='lat' dir='ltr'><strong>abhorrentes</strong></span> <span class='ocrx_word' id='word_1_286' title='bbox 2812 1716 2939 1771; x_wconf 81' lang='lat' dir='ltr'><strong>velit</strong></span> <span class='ocrx_word' id='word_1_287' title='bbox 2962 1720 3228 1775; x_wconf 81' lang='lat' dir='ltr'><strong>refellere.</strong></span> <span class='ocrx_word' id='word_1_288' title='bbox 3291 1721 3497 1781; x_wconf 63' lang='lat' dir='ltr'><strong>Vereor</strong></span> <span class='ocrx_word' id='word_1_289' title='bbox 3533 1727 3701 1792; x_wconf 92' lang='lat' dir='ltr'><strong>enim,</strong></span> 
     </span>
    </p>
   </div>
   <div class='ocr_carea' id='block_1_45' title="bbox 2098 1804 3701 1888">
    <p class='ocr_par' dir='ltr' id='par_1_45' title="bbox 2098 1804 3701 1888">
     <span class='ocr_line' id='line_1_45' title="bbox 2098 1804 3701 1888; baseline 0.011 -31"><span class='ocrx_word' id='word_1_290' title='bbox 2098 1818 2166 1859; x_wconf 89' lang='lat' dir='ltr'><strong>ne</strong></span> <span class='ocrx_word' id='word_1_291' title='bbox 2187 1804 2278 1874; x_wconf 87' lang='lat' dir='ltr'><strong>qui</strong></span> <span class='ocrx_word' id='word_1_292' title='bbox 2310 1805 2514 1875; x_wconf 84' lang='lat' dir='ltr'><strong>legunt,</strong></span> <span class='ocrx_word' id='word_1_293' title='bbox 2549 1808 2825 1876; x_wconf 89' lang='lat' dir='ltr'><strong>paululum</strong></span> <span class='ocrx_word' id='word_1_294' title='bbox 2864 1812 3277 1881; x_wconf 75' lang='lat' dir='ltr'><strong>progredientes</strong></span> <span class='ocrx_word' id='word_1_295' title='bbox 3330 1816 3528 1887; x_wconf 88' lang='lat' dir='ltr'><strong>ineptis</strong></span> <span class='ocrx_word' id='word_1_296' title='bbox 3551 1818 3701 1888; x_wconf 89' lang='lat' dir='ltr'><strong>ipso-</strong></span> 
     </span>
    </p>
   </div>
   <div class='ocr_carea' id='block_1_46' title="bbox 2101 1896 3705 1969">
    <p class='ocr_par' dir='ltr' id='par_1_46' title="bbox 2101 1896 3705 1969">
     <span class='ocr_line' id='line_1_46' title="bbox 2101 1896 3705 1969; baseline 0.013 -22"><span class='ocrx_word' id='word_1_297' title='bbox 2101 1908 2219 1949; x_wconf 89' lang='lat' dir='ltr'><strong>rum</strong></span> <span class='ocrx_word' id='word_1_298' title='bbox 2259 1896 2564 1953; x_wconf 87' lang='lat' dir='ltr'><strong>maledictis</strong></span> <span class='ocrx_word' id='word_1_299' title='bbox 2590 1900 2671 1953; x_wconf 90' lang='lat' dir='ltr'><strong>sic</strong></span> <span class='ocrx_word' id='word_1_300' title='bbox 2700 1898 3066 1969; x_wconf 81' lang='lat' dir='ltr'><strong>offendantur,</strong></span> <span class='ocrx_word' id='word_1_301' title='bbox 3099 1914 3161 1959; x_wconf 89' lang='lat' dir='ltr'><strong>ut</strong></span> <span class='ocrx_word' id='word_1_302' title='bbox 3214 1910 3590 1966; x_wconf 88' lang='lat' dir='ltr'><strong>nauseantium</strong></span> <span class='ocrx_word' id='word_1_303' title='bbox 3622 1914 3705 1968; x_wconf 88' lang='lat' dir='ltr'><strong>in-</strong></span> 
     </span>
    </p>
   </div>
   <div class='ocr_carea' id='block_1_47' title="bbox 2097 1989 3703 2067">
    <p class='ocr_par' dir='ltr' id='par_1_47' title="bbox 2097 1989 3703 2067">
     <span class='ocr_line' id='line_1_47' title="bbox 2097 1989 3703 2067; baseline 0.011 -26"><span class='ocrx_word' id='word_1_304' title='bbox 2097 1994 2214 2041; x_wconf 89' lang='lat' dir='ltr'><strong>star</strong></span> <span class='ocrx_word' id='word_1_305' title='bbox 2236 1989 2499 2060; x_wconf 83' lang='lat' dir='ltr'><strong>vertigine</strong></span> <span class='ocrx_word' id='word_1_306' title='bbox 2542 2001 2598 2047; x_wconf 90' lang='lat' dir='ltr'><strong>et</strong></span> <span class='ocrx_word' id='word_1_307' title='bbox 2627 1995 2867 2050; x_wconf 88' lang='lat' dir='ltr'><strong>tenebris</strong></span> <span class='ocrx_word' id='word_1_308' title='bbox 2898 1997 3061 2065; x_wconf 87' lang='lat' dir='ltr'><strong>pleni,</strong></span> <span class='ocrx_word' id='word_1_309' title='bbox 3094 2013 3225 2067; x_wconf 68' lang='lat' dir='ltr'><strong>quas,</strong></span> <span class='ocrx_word' id='word_1_310' title='bbox 3258 2000 3327 2055; x_wconf 92' lang='lat' dir='ltr'><strong>de</strong></span> <span class='ocrx_word' id='word_1_311' title='bbox 3365 2001 3471 2058; x_wconf 87' lang='lat' dir='ltr'><strong>illis</strong></span> <span class='ocrx_word' id='word_1_312' title='bbox 3503 2006 3703 2061; x_wconf 85' lang='lat' dir='ltr'><strong>scribi-</strong></span> 
     </span>
    </p>
   </div>
   <div class='ocr_carea' id='block_1_48' title="bbox 2099 2082 3707 2166">
    <p class='ocr_par' dir='ltr' id='par_1_48' title="bbox 2099 2082 3707 2166">
     <span class='ocr_line' id='line_1_48' title="bbox 2099 2082 3707 2166; baseline 0.012 -33"><span class='ocrx_word' id='word_1_313' title='bbox 2099 2093 2245 2146; x_wconf 81' lang='lat' dir='ltr'><strong>mus,</strong></span> <span class='ocrx_word' id='word_1_314' title='bbox 2299 2082 2483 2136; x_wconf 90' lang='lat' dir='ltr'><strong>statim</strong></span> <span class='ocrx_word' id='word_1_315' title='bbox 2540 2083 2821 2156; x_wconf 85' lang='lat' dir='ltr'><strong>abjiciant,</strong></span> <span class='ocrx_word' id='word_1_316' title='bbox 2857 2089 3267 2163; x_wconf 87' lang='lat' dir='ltr'><strong>despiciamque</strong></span> <span class='ocrx_word' id='word_1_317' title='bbox 3308 2102 3365 2149; x_wconf 93' lang='lat' dir='ltr'><strong>et</strong></span> <span class='ocrx_word' id='word_1_318' title='bbox 3408 2111 3707 2166; x_wconf 83' lang='lat' dir='ltr'><strong>aspernen-</strong></span> 
     </span>
    </p>
   </div>
   <div class='ocr_carea' id='block_1_49' title="bbox 2101 2176 3703 2247">
    <p class='ocr_par' dir='ltr' id='par_1_49' title="bbox 2101 2176 3703 2247">
     <span class='ocr_line' id='line_1_49' title="bbox 2101 2176 3703 2247; baseline 0.014 -23"><span class='ocrx_word' id='word_1_319' title='bbox 2101 2182 2211 2238; x_wconf 86' lang='lat' dir='ltr'><strong>tur,</strong></span> <span class='ocrx_word' id='word_1_320' title='bbox 2238 2187 2444 2244; x_wconf 90' lang='lat' dir='ltr'><strong>nosque</strong></span> <span class='ocrx_word' id='word_1_321' title='bbox 2466 2184 2524 2229; x_wconf 92' lang='lat' dir='ltr'><strong>ut</strong></span> <span class='ocrx_word' id='word_1_322' title='bbox 2550 2176 2856 2247; x_wconf 77' lang='lat' dir='ltr'><strong>importune</strong></span> <span class='ocrx_word' id='word_1_323' title='bbox 2875 2180 3185 2240; x_wconf 87' lang='lat' dir='ltr'><strong>laborantes</strong></span> <span class='ocrx_word' id='word_1_324' title='bbox 3205 2195 3480 2243; x_wconf 84' lang='lat' dir='ltr'><strong>accusent.</strong></span> <span class='ocrx_word' id='word_1_325' title='bbox 3502 2189 3703 2246; x_wconf 86' lang='lat' dir='ltr'><strong>Verum</strong></span> 
     </span>
    </p>
   </div>
   <div class='ocr_carea' id='block_1_50' title="bbox 2102 2266 3703 2354">
    <p class='ocr_par' dir='ltr' id='par_1_50' title="bbox 2102 2266 3703 2354">
     <span class='ocr_line' id='line_1_50' title="bbox 2102 2266 3703 2354; baseline 0.014 -36"><span class='ocrx_word' id='word_1_326' title='bbox 2102 2279 2170 2319; x_wconf 89' lang='lat' dir='ltr'><strong>ne</strong></span> <span class='ocrx_word' id='word_1_327' title='bbox 2202 2266 2482 2322; x_wconf 78' lang='lat' dir='ltr'><strong>videamur</strong></span> <span class='ocrx_word' id='word_1_328' title='bbox 2518 2268 2721 2341; x_wconf 86' lang='lat' dir='ltr'><strong>lingere</strong></span> <span class='ocrx_word' id='word_1_329' title='bbox 2748 2274 3069 2345; x_wconf 83' lang='lat' dir='ltr'><strong>apologiam,</strong></span> <span class='ocrx_word' id='word_1_330' title='bbox 3092 2277 3439 2350; x_wconf 85' lang='lat' dir='ltr'><strong>laboremque</strong></span> <span class='ocrx_word' id='word_1_331' title='bbox 3495 2282 3703 2354; x_wconf 81' lang='lat' dir='ltr'><strong>fugere,</strong></span> 
     </span>
    </p>
   </div>
   <div class='ocr_carea' id='block_1_51' title="bbox 2100 2360 3707 2439">
    <p class='ocr_par' dir='ltr' id='par_1_51' title="bbox 2100 2360 3707 2439">
     <span class='ocr_line' id='line_1_51' title="bbox 2100 2360 3707 2439; baseline 0.013 -29"><span class='ocrx_word' id='word_1_332' title='bbox 2100 2372 2272 2427; x_wconf 87' lang='lat' dir='ltr'><strong>pauca</strong></span> <span class='ocrx_word' id='word_1_333' title='bbox 2298 2360 2543 2428; x_wconf 69' lang='lat' dir='ltr'><strong>quaedam</strong></span> <span class='ocrx_word' id='word_1_334' title='bbox 2580 2361 2817 2431; x_wconf 91' lang='lat' dir='ltr'><strong>ipsorum</strong></span> <span class='ocrx_word' id='word_1_335' title='bbox 2847 2366 2987 2422; x_wconf 87' lang='lat' dir='ltr'><strong>dicta</strong></span> <span class='ocrx_word' id='word_1_336' title='bbox 3012 2368 3062 2421; x_wconf 92' lang='lat' dir='ltr'><strong>in</strong></span> <span class='ocrx_word' id='word_1_337' title='bbox 3088 2368 3443 2439; x_wconf 83' lang='lat' dir='ltr'><strong>Evangelium</strong></span> <span class='ocrx_word' id='word_1_338' title='bbox 3466 2373 3707 2433; x_wconf 72' lang='lat' dir='ltr'><strong>Matthzei</strong></span> 
     </span>
    </p>
   </div>
   <div class='ocr_carea' id='block_1_52' title="bbox 2100 2450 3702 2536">
    <p class='ocr_par' dir='ltr' id='par_1_52' title="bbox 2100 2450 3702 2536">
     <span class='ocr_line' id='line_1_52' title="bbox 2100 2450 3702 2536; baseline 0.014 -34"><span class='ocrx_word' id='word_1_339' title='bbox 2100 2450 2333 2505; x_wconf 87' lang='lat' dir='ltr'><strong>strictim</strong></span> <span class='ocrx_word' id='word_1_340' title='bbox 2363 2452 2714 2525; x_wconf 84' lang='lat' dir='ltr'><strong>attingemus,</strong></span> <span class='ocrx_word' id='word_1_341' title='bbox 2744 2471 2865 2527; x_wconf 65' lang='lat' dir='ltr'><strong>quae</strong></span> <span class='ocrx_word' id='word_1_342' title='bbox 2897 2467 3151 2530; x_wconf 89' lang='lat' dir='ltr'><strong>tanquam</strong></span> <span class='ocrx_word' id='word_1_343' title='bbox 3184 2478 3250 2519; x_wconf 78' lang='lat' dir='ltr'><strong>ex</strong></span> <span class='ocrx_word' id='word_1_344' title='bbox 3281 2474 3441 2535; x_wconf 87' lang='lat' dir='ltr'><strong>gustu</strong></span> <span class='ocrx_word' id='word_1_345' title='bbox 3473 2468 3702 2536; x_wconf 84' lang='lat' dir='ltr'><strong>dolium,</strong></span> 
     </span>
    </p>
   </div>
   <div class='ocr_carea' id='block_1_53' title="bbox 2101 2544 3709 2619">
    <p class='ocr_par' dir='ltr' id='par_1_53' title="bbox 2101 2544 3709 2619">
     <span class='ocr_line' id='line_1_53' title="bbox 2101 2544 3709 2619; baseline 0.015 -23"><span class='ocrx_word' id='word_1_346' title='bbox 2101 2554 2156 2597; x_wconf 88' lang='lat' dir='ltr'><strong>et</strong></span> <span class='ocrx_word' id='word_1_347' title='bbox 2200 2558 2265 2598; x_wconf 84' lang='lat' dir='ltr'><strong>ex</strong></span> <span class='ocrx_word' id='word_1_348' title='bbox 2302 2544 2478 2602; x_wconf 86' lang='lat' dir='ltr'><strong>rivulo</strong></span> <span class='ocrx_word' id='word_1_349' title='bbox 2508 2548 2732 2616; x_wconf 82' lang='lat' dir='ltr'><strong>fontem,</strong></span> <span class='ocrx_word' id='word_1_350' title='bbox 2761 2560 2816 2607; x_wconf 84' lang='lat' dir='ltr'><strong>et</strong></span> <span class='ocrx_word' id='word_1_351' title='bbox 2849 2566 2913 2608; x_wconf 81' lang='lat' dir='ltr'><strong>ex</strong></span> <span class='ocrx_word' id='word_1_352' title='bbox 2961 2568 3055 2608; x_wconf 89' lang='lat' dir='ltr'><strong>ora</strong></span> <span class='ocrx_word' id='word_1_353' title='bbox 3090 2557 3471 2615; x_wconf 83' lang='lat' dir='ltr'><strong>vestimentum</strong></span> <span class='ocrx_word' id='word_1_354' title='bbox 3502 2563 3709 2619; x_wconf 85' lang='lat' dir='ltr'><strong>indica-</strong></span> 
     </span>
    </p>
   </div>
   <div class='ocr_carea' id='block_1_54' title="bbox 2102 2633 3707 2717">
    <p class='ocr_par' dir='ltr' id='par_1_54' title="bbox 2102 2633 3707 2717">
     <span class='ocr_line' id='line_1_54' title="bbox 2102 2633 3707 2717; baseline 0.014 -31"><span class='ocrx_word' id='word_1_355' title='bbox 2102 2633 2261 2690; x_wconf 91' lang='lat' dir='ltr'><strong>bunt.</strong></span> <span class='ocrx_word' id='word_1_356' title='bbox 2310 2635 2498 2707; x_wconf 88' lang='lat' dir='ltr'><strong>Neque</strong></span> <span class='ocrx_word' id='word_1_357' title='bbox 2569 2654 2695 2696; x_wconf 82' lang='lat' dir='ltr'><strong>vero</strong></span> <span class='ocrx_word' id='word_1_358' title='bbox 2725 2655 2787 2696; x_wconf 90' lang='lat' dir='ltr'><strong>ea</strong></span> <span class='ocrx_word' id='word_1_359' title='bbox 2857 2645 3175 2701; x_wconf 85' lang='lat' dir='ltr'><strong>conabimur</strong></span> <span class='ocrx_word' id='word_1_360' title='bbox 3229 2649 3534 2717; x_wconf 79' lang='lat' dir='ltr'><strong>confutare,</strong></span> <span class='ocrx_word' id='word_1_361' title='bbox 3582 2670 3707 2709; x_wconf 87' lang='lat' dir='ltr'><strong>cum</strong></span> 
     </span>
    </p>
   </div>
   <div class='ocr_carea' id='block_1_55' title="bbox 2104 2728 3706 2809">
    <p class='ocr_par' dir='ltr' id='par_1_55' title="bbox 2104 2728 3706 2809">
     <span class='ocr_line' id='line_1_55' title="bbox 2104 2728 3706 2809; baseline 0.013 -28"><span class='ocrx_word' id='word_1_362' title='bbox 2104 2728 2396 2798; x_wconf 83' lang='lat' dir='ltr'><strong>semetipsa</strong></span> <span class='ocrx_word' id='word_1_363' title='bbox 2427 2732 2734 2788; x_wconf 83' lang='lat' dir='ltr'><strong>confutent.</strong></span> <span class='ocrx_word' id='word_1_364' title='bbox 2790 2733 2980 2806; x_wconf 84' lang='lat' dir='ltr'><strong>Neque</strong></span> <span class='ocrx_word' id='word_1_365' title='bbox 3006 2752 3070 2792; x_wconf 90' lang='lat' dir='ltr'><strong>ea</strong></span> <span class='ocrx_word' id='word_1_366' title='bbox 3134 2755 3277 2796; x_wconf 87' lang='lat' dir='ltr'><strong>nunc</strong></span> <span class='ocrx_word' id='word_1_367' title='bbox 3333 2757 3706 2809; x_wconf 85' lang='lat' dir='ltr'><strong>recensemus,</strong></span> 
     </span>
    </p>
   </div>
   <div class='ocr_carea' id='block_1_56' title="bbox 2104 2818 3706 2909">
    <p class='ocr_par' dir='ltr' id='par_1_56' title="bbox 2104 2818 3706 2909">
     <span class='ocr_line' id='line_1_56' title="bbox 2104 2818 3706 2909; baseline 0.012 -35"><span class='ocrx_word' id='word_1_368' title='bbox 2104 2828 2162 2875; x_wconf 91' lang='lat' dir='ltr'><strong>ut</strong></span> <span class='ocrx_word' id='word_1_369' title='bbox 2198 2818 2531 2889; x_wconf 81' lang='lat' dir='ltr'><strong>refellamus,</strong></span> <span class='ocrx_word' id='word_1_370' title='bbox 2561 2824 2655 2879; x_wconf 87' lang='lat' dir='ltr'><strong>sed</strong></span> <span class='ocrx_word' id='word_1_371' title='bbox 2709 2836 2769 2880; x_wconf 90' lang='lat' dir='ltr'><strong>ut</strong></span> <span class='ocrx_word' id='word_1_372' title='bbox 2825 2842 2891 2882; x_wconf 83' lang='lat' dir='ltr'><strong>ex</strong></span> <span class='ocrx_word' id='word_1_373' title='bbox 2953 2829 3061 2886; x_wconf 88' lang='lat' dir='ltr'><strong>illis</strong></span> <span class='ocrx_word' id='word_1_374' title='bbox 3108 2836 3479 2901; x_wconf 84' lang='lat' dir='ltr'><strong>ostendamus,</strong></span> <span class='ocrx_word' id='word_1_375' title='bbox 3541 2853 3706 2909; x_wconf 90' lang='lat' dir='ltr'><strong>quam</strong></span> 
     </span>
    </p>
   </div>
   <div class='ocr_carea' id='block_1_57' title="bbox 2105 2911 3712 2995">
    <p class='ocr_par' dir='ltr' id='par_1_57' title="bbox 2105 2911 3712 2995">
     <span class='ocr_line' id='line_1_57' title="bbox 2105 2911 3712 2995; baseline 0.014 -30"><span class='ocrx_word' id='word_1_376' title='bbox 2105 2911 2284 2981; x_wconf 87' lang='lat' dir='ltr'><strong>inepta</strong></span> <span class='ocrx_word' id='word_1_377' title='bbox 2319 2914 2464 2970; x_wconf 90' lang='lat' dir='ltr'><strong>sitet</strong></span> <span class='ocrx_word' id='word_1_378' title='bbox 2494 2916 2728 2972; x_wconf 87' lang='lat' dir='ltr'><strong>absurda</strong></span> <span class='ocrx_word' id='word_1_379' title='bbox 2766 2918 3006 2989; x_wconf 87' lang='lat' dir='ltr'><strong>ipsorum</strong></span> <span class='ocrx_word' id='word_1_380' title='bbox 3063 2922 3444 2995; x_wconf 86' lang='lat' dir='ltr'><strong>interpretatio</strong></span> <span class='ocrx_word' id='word_1_381' title='bbox 3508 2930 3562 2985; x_wconf 90' lang='lat' dir='ltr'><strong>in</strong></span> <span class='ocrx_word' id='word_1_382' title='bbox 3614 2946 3712 2987; x_wconf 91' lang='lat' dir='ltr'><strong>eos</strong></span> 
     </span>
    </p>
   </div>
   <div class='ocr_carea' id='block_1_58' title="bbox 2105 3004 2809 3080">
    <p class='ocr_par' dir='ltr' id='par_1_58' title="bbox 2105 3004 2809 3080">
     <span class='ocr_line' id='line_1_58' title="bbox 2105 3004 2809 3080; baseline 0.013 -21"><span class='ocrx_word' id='word_1_383' title='bbox 2105 3004 2297 3070; x_wconf 90' lang='lat' dir='ltr'><strong>libros,</strong></span> <span class='ocrx_word' id='word_1_384' title='bbox 2321 3021 2457 3077; x_wconf 87' lang='lat' dir='ltr'><strong>quos</strong></span> <span class='ocrx_word' id='word_1_385' title='bbox 2483 3012 2809 3080; x_wconf 86' lang='lat' dir='ltr'><strong>approbant.</strong></span> 
     </span>
    </p>
   </div>
   <div class='ocr_carea' id='block_1_59' title="bbox 404 3104 3714 3195">
    <p class='ocr_par' dir='ltr' id='par_1_59' title="bbox 404 3104 3714 3195">
     <span class='ocr_line' id='line_1_59' title="bbox 404 3104 3714 3195; baseline 0.003 -28"><span class='ocrx_word' id='word_1_386' title='bbox 404 3114 503 3167; x_wconf 69' lang='grc' dir='ltr'><strong>καὶ</strong></span> <span class='ocrx_word' id='word_1_387' title='bbox 523 3113 746 3167; x_wconf 83' lang='grc' dir='ltr'><strong>ἀπὸτοῦ</strong></span> <span class='ocrx_word' id='word_1_388' title='bbox 816 3112 1036 3185; x_wconf 75' lang='grc' dir='ltr'><strong>ῥείθρου</strong></span> <span class='ocrx_word' id='word_1_389' title='bbox 1069 3111 1168 3183; x_wconf 78' lang='grc' dir='ltr'><strong>τὴν</strong></span> <span class='ocrx_word' id='word_1_390' title='bbox 1210 3109 1416 3181; x_wconf 81' lang='grc' dir='ltr'><strong>πηγὴν,</strong></span> <span class='ocrx_word' id='word_1_391' title='bbox 1454 3110 1547 3162; x_wconf 81' lang='grc' dir='ltr'><strong>καὶ</strong></span> <span class='ocrx_word' id='word_1_392' title='bbox 1592 3107 1701 3161; x_wconf 83' lang='grc' dir='ltr'><strong>ἀπὸ</strong></span> <span class='ocrx_word' id='word_1_393' title='bbox 1758 3105 1852 3160; x_wconf 88' lang='grc' dir='ltr'><strong>τοῦ</strong></span> <span class='ocrx_word' id='word_1_394' title='bbox 1902 3104 2215 3175; x_wconf 78' lang='grc' dir='ltr'><strong>κρασπέδου</strong></span> <span class='ocrx_word' id='word_1_395' title='bbox 2258 3108 2318 3160; x_wconf 73' lang='grc' dir='ltr'><strong>τὸ</strong></span> <span class='ocrx_word' id='word_1_396' title='bbox 2383 3107 2635 3179; x_wconf 78' lang='grc' dir='ltr'><strong>ὕφασμα.</strong></span> <span class='ocrx_word' id='word_1_397' title='bbox 2682 3114 2797 3168; x_wconf 82' lang='grc' dir='ltr'><strong>Οὐκ</strong></span> <span class='ocrx_word' id='word_1_398' title='bbox 2865 3116 3144 3188; x_wconf 78' lang='grc' dir='ltr'><strong>ἐπάξομεν</strong></span> <span class='ocrx_word' id='word_1_399' title='bbox 3174 3119 3231 3175; x_wconf 81' lang='grc' dir='ltr'><strong>δὲ</strong></span> <span class='ocrx_word' id='word_1_400' title='bbox 3271 3125 3366 3177; x_wconf 75' lang='grc' dir='ltr'><strong>καὶ</strong></span> <span class='ocrx_word' id='word_1_401' title='bbox 3419 3124 3714 3195; x_wconf 71' lang='grc' dir='ltr'><strong>διεστραμ-</strong></span> 
     </span>
    </p>
   </div>
   <div class='ocr_carea' id='block_1_60' title="bbox 407 3203 3714 3291">
    <p class='ocr_par' dir='ltr' id='par_1_60' title="bbox 407 3203 3714 3291">
     <span class='ocr_line' id='line_1_60' title="bbox 407 3203 3714 3291; baseline 0 -26"><span class='ocrx_word' id='word_1_402' title='bbox 407 3213 598 3283; x_wconf 77' lang='grc' dir='ltr'><strong>μέναις</strong></span> <span class='ocrx_word' id='word_1_403' title='bbox 628 3214 853 3276; x_wconf 82' lang='grc' dir='ltr'><strong>ταύταις</strong></span> <span class='ocrx_word' id='word_1_404' title='bbox 904 3210 1225 3282; x_wconf 82' lang='grc' dir='ltr'><strong>ἑρμηνείαις</strong></span> <span class='ocrx_word' id='word_1_405' title='bbox 1278 3206 1560 3279; x_wconf 75' lang='grc' dir='ltr'><strong>ἐλέγχους,</strong></span> <span class='ocrx_word' id='word_1_406' title='bbox 1618 3203 2005 3271; x_wconf 85' lang='grc' dir='ltr'><strong>αύτελέγκτοις</strong></span> <span class='ocrx_word' id='word_1_407' title='bbox 2086 3203 2297 3269; x_wconf 73' lang='grc' dir='ltr'><strong>οὔσαις.</strong></span> <span class='ocrx_word' id='word_1_408' title='bbox 2363 3207 2498 3261; x_wconf 70' lang='grc' dir='ltr'><strong>Οὐδὲ</strong></span> <span class='ocrx_word' id='word_1_409' title='bbox 2548 3210 2653 3280; x_wconf 84' lang='grc' dir='ltr'><strong>γὰρ</strong></span> <span class='ocrx_word' id='word_1_410' title='bbox 2692 3211 3075 3287; x_wconf 69' lang='grc' dir='ltr'><strong>ἀντιρῤητικὺς</strong></span> <span class='ocrx_word' id='word_1_411' title='bbox 3120 3217 3251 3289; x_wconf 80' lang='grc' dir='ltr'><strong>ἡμῖν</strong></span> <span class='ocrx_word' id='word_1_412' title='bbox 3294 3220 3322 3272; x_wconf 84' lang='grc' dir='ltr'>ὁ</span> <span class='ocrx_word' id='word_1_413' title='bbox 3365 3220 3565 3291; x_wconf 76' lang='grc' dir='ltr'><strong>ἑφεξῆς</strong></span> <span class='ocrx_word' id='word_1_414' title='bbox 3622 3224 3714 3275; x_wconf 75' lang='grc' dir='ltr'><strong>λό-</strong></span> 
     </span>
    </p>
   </div>
   <div class='ocr_carea' id='block_1_61' title="bbox 404 3295 3585 3385">
    <p class='ocr_par' dir='ltr' id='par_1_61' title="bbox 404 3295 3585 3385">
     <span class='ocr_line' id='line_1_61' title="bbox 404 3295 3585 3385; baseline 0.006 -32"><span class='ocrx_word' id='word_1_415' title='bbox 404 3325 523 3379; x_wconf 77' lang='grc' dir='ltr'><strong>γος,</strong></span> <span class='ocrx_word' id='word_1_416' title='bbox 552 3307 688 3360; x_wconf 79' lang='grc' dir='ltr'><strong>ἀλλὰ</strong></span> <span class='ocrx_word' id='word_1_417' title='bbox 717 3307 877 3379; x_wconf 84' lang='grc' dir='ltr'><strong>μόνον</strong></span> <span class='ocrx_word' id='word_1_418' title='bbox 909 3295 1253 3367; x_wconf 74' lang='grc' dir='ltr'><strong>ἐνδεικτικὸς</strong></span> <span class='ocrx_word' id='word_1_419' title='bbox 1292 3304 1392 3373; x_wconf 86' lang='grc' dir='ltr'><strong>τῆς</strong></span> <span class='ocrx_word' id='word_1_420' title='bbox 1444 3297 1835 3370; x_wconf 83' lang='grc' dir='ltr'><strong>ὲνδιαστρόφου</strong></span> <span class='ocrx_word' id='word_1_421' title='bbox 1864 3295 2072 3351; x_wconf 86' lang='grc' dir='ltr'><strong>τούτων</strong></span> <span class='ocrx_word' id='word_1_422' title='bbox 2113 3298 2427 3371; x_wconf 72' lang='grc' dir='ltr'><strong>ἐξηγήσεως</strong></span> <span class='ocrx_word' id='word_1_423' title='bbox 2458 3305 2567 3358; x_wconf 87' lang='grc' dir='ltr'><strong>τῶν</strong></span> <span class='ocrx_word' id='word_1_424' title='bbox 2595 3307 3047 3377; x_wconf 82' lang='grc' dir='ltr'><strong>παραδεχθέντων</strong></span> <span class='ocrx_word' id='word_1_425' title='bbox 3099 3312 3283 3377; x_wconf 82' lang='grc' dir='ltr'><strong>αὐτοῖς</strong></span> <span class='ocrx_word' id='word_1_426' title='bbox 3345 3314 3585 3385; x_wconf 76' lang='grc' dir='ltr'><strong>βιϐλίων.</strong></span> 
     </span>
    </p>
   </div>
   <div class='ocr_carea' id='block_1_62' title="bbox 476 3389 2000 3475">
    <p class='ocr_par' dir='ltr' id='par_1_62' title="bbox 476 3389 2000 3469">
     <span class='ocr_line' id='line_1_62' title="bbox 476 3389 2000 3469; baseline -0.007 -16"><span class='ocrx_word' id='word_1_427' title='bbox 476 3399 584 3469; x_wconf 87' lang='grc' dir='ltr'><strong>κη’.</strong></span> <span class='ocrx_word' id='word_1_428' title='bbox 604 3398 852 3468; x_wconf 83' lang='grc' dir='ltr'><strong>Βηθλεὲμ</strong></span> <span class='ocrx_word' id='word_1_429' title='bbox 872 3396 1199 3466; x_wconf 77' lang='grc' dir='ltr'><strong>ὀνομάζουσι</strong></span> <span class='ocrx_word' id='word_1_430' title='bbox 1218 3395 1317 3464; x_wconf 81' lang='grc' dir='ltr'><strong>τὴν</strong></span> <span class='ocrx_word' id='word_1_431' title='bbox 1338 3393 1662 3463; x_wconf 84' lang='grc' dir='ltr'><strong>συναγωγὴν</strong></span> <span class='ocrx_word' id='word_1_432' title='bbox 1684 3391 1913 3445; x_wconf 81' lang='grc' dir='ltr'><strong>ἑαυτῶν.</strong></span> <span class='ocrx_word' id='word_1_433' title='bbox 1933 3389 2000 3442; x_wconf 68' lang='grc' dir='ltr'><strong>Ἐε</strong></span> 
     </span>
    </p>
   </div>
   <div class='ocr_carea' id='block_1_63' title="bbox 2105 3389 3715 3475">
    <p class='ocr_par' dir='ltr' id='par_1_63' title="bbox 2197 3393 3715 3475">
     <span class='ocr_line' id='line_1_63' title="bbox 2197 3393 3715 3475; baseline 0.014 -28"><span class='ocrx_word' id='word_1_434' title='bbox 2197 3393 2290 3450; x_wconf 76' lang='grc'><strong>28.</strong></span> <span class='ocrx_word' id='word_1_435' title='bbox 2321 3394 2662 3469; x_wconf 79' lang='lat' dir='ltr'><strong>Synagogam</strong></span> <span class='ocrx_word' id='word_1_436' title='bbox 2720 3418 2875 3459; x_wconf 88' lang='lat' dir='ltr'><strong>suam</strong></span> <span class='ocrx_word' id='word_1_437' title='bbox 2931 3406 3204 3475; x_wconf 88' lang='lat' dir='ltr'><strong>appellant</strong></span> <span class='ocrx_word' id='word_1_438' title='bbox 3238 3408 3535 3468; x_wconf 85' lang='lat' dir='ltr'><strong>Bethleem.</strong></span> <span class='ocrx_word' id='word_1_439' title='bbox 3567 3412 3625 3469; x_wconf 83' lang='lat' dir='ltr'><strong>in</strong></span> <span class='ocrx_word' id='word_1_440' title='bbox 3653 3429 3715 3471; x_wconf 79' lang='lat' dir='ltr'><strong>se</strong></span> 
     </span>
    </p>
   </div>
   <div class='ocr_carea' id='block_1_64' title="bbox 405 3482 2001 3563">
    <p class='ocr_par' dir='ltr' id='par_1_64' title="bbox 405 3482 2001 3563">
     <span class='ocr_line' id='line_1_64' title="bbox 405 3482 2001 3563; baseline -0.008 -17"><span class='ocrx_word' id='word_1_441' title='bbox 405 3494 618 3555; x_wconf 76' lang='grc' dir='ltr'><strong>ἑαυτοῖς</strong></span> <span class='ocrx_word' id='word_1_442' title='bbox 651 3492 759 3563; x_wconf 84' lang='grc' dir='ltr'><strong>γὰρ</strong></span> <span class='ocrx_word' id='word_1_443' title='bbox 794 3487 1122 3559; x_wconf 66' lang='grc' dir='ltr'><strong>γεννηθῆναι</strong></span> <span class='ocrx_word' id='word_1_444' title='bbox 1146 3504 1279 3556; x_wconf 84' lang='grc' dir='ltr'><strong>φασι</strong></span> <span class='ocrx_word' id='word_1_445' title='bbox 1309 3486 1402 3539; x_wconf 80' lang='grc' dir='ltr'><strong>τὸν</strong></span> <span class='ocrx_word' id='word_1_446' title='bbox 1437 3485 1675 3557; x_wconf 71' lang='grc' dir='ltr'><strong>Χριστὸν</strong></span> <span class='ocrx_word' id='word_1_447' title='bbox 1698 3527 1712 3551; x_wconf 90' lang='grc'><strong>,</strong></span> <span class='ocrx_word' id='word_1_448' title='bbox 1742 3484 1861 3555; x_wconf 76' lang='grc' dir='ltr'><strong>ἦτοι</strong></span> <span class='ocrx_word' id='word_1_449' title='bbox 1910 3482 2001 3536; x_wconf 77' lang='grc' dir='ltr'><strong>τὸν</strong></span> 
     </span>
    </p>
   </div>
   <div class='ocr_carea' id='block_1_65' title="bbox 405 3572 2005 3651">
    <p class='ocr_par' dir='ltr' id='par_1_65' title="bbox 405 3572 2005 3651">
     <span class='ocr_line' id='line_1_65' title="bbox 405 3572 2005 3651; baseline -0.008 -14"><span class='ocrx_word' id='word_1_450' title='bbox 405 3584 578 3651; x_wconf 80' lang='grc' dir='ltr'><strong>Λόγον</strong></span> <span class='ocrx_word' id='word_1_451' title='bbox 629 3581 722 3636; x_wconf 88' lang='grc' dir='ltr'><strong>τοῦ</strong></span> <span class='ocrx_word' id='word_1_452' title='bbox 773 3579 910 3634; x_wconf 82' lang='grc' dir='ltr'><strong>Θεοῦ</strong></span> <span class='ocrx_word' id='word_1_453' title='bbox 966 3579 1059 3631; x_wconf 80' lang='grc' dir='ltr'><strong>τὸν</strong></span> <span class='ocrx_word' id='word_1_454' title='bbox 1089 3575 1428 3644; x_wconf 82' lang='grc' dir='ltr'><strong>κηρύττοντα</strong></span> <span class='ocrx_word' id='word_1_455' title='bbox 1492 3574 1593 3643; x_wconf 84' lang='grc' dir='ltr'><strong>τῆς</strong></span> <span class='ocrx_word' id='word_1_456' title='bbox 1627 3572 1863 3636; x_wconf 86' lang='grc' dir='ltr'><strong>πίστεως</strong></span> <span class='ocrx_word' id='word_1_457' title='bbox 1904 3572 2005 3643; x_wconf 77' lang='grc' dir='ltr'><strong>τὴν</strong></span> 
     </span>
    </p>
   </div>
   <div class='ocr_carea' id='block_1_66' title="bbox 406 3663 2005 3747">
    <p class='ocr_par' dir='ltr' id='par_1_66' title="bbox 406 3663 2005 3747">
     <span class='ocr_line' id='line_1_66' title="bbox 406 3663 2005 3747; baseline -0.008 -19"><span class='ocrx_word' id='word_1_458' title='bbox 406 3675 684 3747; x_wconf 80' lang='grc' dir='ltr'><strong>ἀλήθειαν.</strong></span> <span class='ocrx_word' id='word_1_459' title='bbox 729 3672 978 3744; x_wconf 80' lang='grc' dir='ltr'><strong>Ἡρώδην</strong></span> <span class='ocrx_word' id='word_1_460' title='bbox 1008 3670 1065 3723; x_wconf 75' lang='grc' dir='ltr'><strong>δὲ</strong></span> <span class='ocrx_word' id='word_1_461' title='bbox 1098 3666 1281 3722; x_wconf 83' lang='grc' dir='ltr'><strong>νοοῦσι</strong></span> <span class='ocrx_word' id='word_1_462' title='bbox 1311 3666 1408 3736; x_wconf 80' lang='grc' dir='ltr'><strong>τὴν</strong></span> <span class='ocrx_word' id='word_1_463' title='bbox 1435 3665 1556 3719; x_wconf 86' lang='grc' dir='ltr'><strong>καθ’</strong></span> <span class='ocrx_word' id='word_1_464' title='bbox 1584 3664 1732 3735; x_wconf 74' lang='grc' dir='ltr'><strong>ἡμᾶς</strong></span> <span class='ocrx_word' id='word_1_465' title='bbox 1775 3663 2005 3736; x_wconf 90' lang='grc' dir='ltr'><strong>Ἐκκλη-</strong></span> 
     </span>
    </p>
   </div>
   <div class='ocr_carea' id='block_1_67' title="bbox 322 3755 2005 3835">
    <p class='ocr_par' dir='ltr' id='par_1_67' title="bbox 322 3755 2005 3835">
     <span class='ocr_line' id='line_1_67' title="bbox 322 3755 2005 3835; baseline -0.007 -15"><span class='ocrx_word' id='word_1_466' title='bbox 322 3803 326 3807; x_wconf 64' lang='grc' dir='ltr'><strong><em>ς</em></strong></span> <span class='ocrx_word' id='word_1_467' title='bbox 408 3769 550 3832; x_wconf 80' lang='grc' dir='ltr'><strong>σίαν,</strong></span> <span class='ocrx_word' id='word_1_468' title='bbox 587 3765 942 3835; x_wconf 81' lang='grc' dir='ltr'><strong>πειρωμένην</strong></span> <span class='ocrx_word' id='word_1_469' title='bbox 966 3762 1176 3817; x_wconf 82' lang='grc' dir='ltr'><strong>ἀνελεῖν</strong></span> <span class='ocrx_word' id='word_1_470' title='bbox 1200 3761 1288 3813; x_wconf 75' lang='grc' dir='ltr'><strong>τὸν</strong></span> <span class='ocrx_word' id='word_1_471' title='bbox 1316 3759 1448 3830; x_wconf 87' lang='grc' dir='ltr'><strong>παρ’</strong></span> <span class='ocrx_word' id='word_1_472' title='bbox 1472 3758 1654 3820; x_wconf 82' lang='grc' dir='ltr'><strong>αὐτοῖς</strong></span> <span class='ocrx_word' id='word_1_473' title='bbox 1674 3755 2005 3827; x_wconf 86' lang='grc' dir='ltr'><strong>γεννηθέντα</strong></span> 
     </span>
    </p>
   </div>
   <div class='ocr_carea' id='block_1_68' title="bbox 406 3845 2005 3931">
    <p class='ocr_par' dir='ltr' id='par_1_68' title="bbox 406 3845 2005 3931">
     <span class='ocr_line' id='line_1_68' title="bbox 406 3845 2005 3931; baseline -0.005 -18"><span class='ocrx_word' id='word_1_474' title='bbox 406 3860 580 3927; x_wconf 83' lang='grc' dir='ltr'><strong>Λόγον</strong></span> <span class='ocrx_word' id='word_1_475' title='bbox 607 3862 706 3931; x_wconf 80' lang='grc' dir='ltr'><strong>τῆς</strong></span> <span class='ocrx_word' id='word_1_476' title='bbox 737 3855 1017 3929; x_wconf 86' lang='grc' dir='ltr'><strong>ἀληθείας.</strong></span> <span class='ocrx_word' id='word_1_477' title='bbox 1049 3856 1159 3909; x_wconf 74' lang='grc' dir='ltr'><strong>Καὶ</strong></span> <span class='ocrx_word' id='word_1_478' title='bbox 1187 3853 1395 3924; x_wconf 78' lang='grc' dir='ltr'><strong>μάγους</strong></span> <span class='ocrx_word' id='word_1_479' title='bbox 1417 3851 1515 3922; x_wconf 79' lang='grc' dir='ltr'><strong>μὲν</strong></span> <span class='ocrx_word' id='word_1_480' title='bbox 1542 3845 1700 3913; x_wconf 83' lang='grc' dir='ltr'><strong>αὖθις</strong></span> <span class='ocrx_word' id='word_1_481' title='bbox 1727 3862 2005 3921; x_wconf 84' lang='grc' dir='ltr'><strong>προσαγο-</strong></span> 
     </span>
    </p>
   </div>
   <div class='ocr_carea' id='block_1_69' title="bbox 410 3944 2005 4025">
    <p class='ocr_par' dir='ltr' id='par_1_69' title="bbox 410 3944 2005 4025">
     <span class='ocr_line' id='line_1_69' title="bbox 410 3944 2005 4025; baseline -0.007 -18"><span class='ocrx_word' id='word_1_482' title='bbox 410 3955 663 4025; x_wconf 77' lang='grc' dir='ltr'><strong>ρεύουσιν</strong></span> <span class='ocrx_word' id='word_1_483' title='bbox 687 3950 937 4014; x_wconf 77' lang='grc' dir='ltr'><strong>ἑαυτοὺς,</strong></span> <span class='ocrx_word' id='word_1_484' title='bbox 964 3948 1125 4003; x_wconf 87' lang='grc' dir='ltr'><strong>τοῦτο</strong></span> <span class='ocrx_word' id='word_1_485' title='bbox 1160 3949 1322 4019; x_wconf 87' lang='grc' dir='ltr'><strong>μόνον</strong></span> <span class='ocrx_word' id='word_1_486' title='bbox 1379 3944 1759 4015; x_wconf 84' lang='grc' dir='ltr'><strong>ἀληθεύοντες.</strong></span> <span class='ocrx_word' id='word_1_487' title='bbox 1805 3945 2005 4015; x_wconf 90' lang='grc' dir='ltr'><strong>Γόητες</strong></span> 
     </span>
    </p>
   </div>
   <div class='ocr_carea' id='block_1_70' title="bbox 408 4032 2007 4117">
    <p class='ocr_par' dir='ltr' id='par_1_70' title="bbox 408 4032 2007 4117">
     <span class='ocr_line' id='line_1_70' title="bbox 408 4032 2007 4117; baseline -0.009 -18"><span class='ocrx_word' id='word_1_488' title='bbox 408 4049 519 4117; x_wconf 88' lang='grc' dir='ltr'><strong>γάρ</strong></span> <span class='ocrx_word' id='word_1_489' title='bbox 559 4046 697 4097; x_wconf 81' lang='grc' dir='ltr'><strong>εἰσιν</strong></span> <span class='ocrx_word' id='word_1_490' title='bbox 719 4042 888 4105; x_wconf 76' lang='grc' dir='ltr'><strong>ὅντως</strong></span> <span class='ocrx_word' id='word_1_491' title='bbox 918 4040 1015 4094; x_wconf 80' lang='grc' dir='ltr'><strong>καὶ</strong></span> <span class='ocrx_word' id='word_1_492' title='bbox 1043 4038 1322 4110; x_wconf 88' lang='grc' dir='ltr'><strong>λυμεῶνες</strong></span> <span class='ocrx_word' id='word_1_493' title='bbox 1353 4036 1445 4091; x_wconf 74' lang='grc' dir='ltr'><strong>καὶ</strong></span> <span class='ocrx_word' id='word_1_494' title='bbox 1472 4033 1791 4104; x_wconf 87' lang='grc' dir='ltr'><strong>ἀλάστορες.</strong></span> <span class='ocrx_word' id='word_1_495' title='bbox 1843 4032 2007 4102; x_wconf 84' lang='grc' dir='ltr'><strong>Ἱερο-</strong></span> 
     </span>
    </p>
   </div>
   <div class='ocr_carea' id='block_1_71' title="bbox 409 4125 2007 4205">
    <p class='ocr_par' dir='ltr' id='par_1_71' title="bbox 409 4125 2007 4205">
     <span class='ocr_line' id='line_1_71' title="bbox 409 4125 2007 4205; baseline -0.01 -14"><span class='ocrx_word' id='word_1_496' title='bbox 409 4138 620 4205; x_wconf 60' lang='grc' dir='ltr'><strong>σόλυμα</strong></span> <span class='ocrx_word' id='word_1_497' title='bbox 652 4134 708 4189; x_wconf 81' lang='grc' dir='ltr'><strong>δὲ</strong></span> <span class='ocrx_word' id='word_1_498' title='bbox 733 4134 894 4187; x_wconf 80' lang='grc' dir='ltr'><strong>πάλιν</strong></span> <span class='ocrx_word' id='word_1_499' title='bbox 916 4132 1242 4202; x_wconf 74' lang='grc' dir='ltr'><strong>ὀνομάζουσι</strong></span> <span class='ocrx_word' id='word_1_500' title='bbox 1284 4128 1383 4199; x_wconf 83' lang='grc' dir='ltr'><strong>τὴν</strong></span> <span class='ocrx_word' id='word_1_501' title='bbox 1433 4125 1710 4197; x_wconf 80' lang='grc' dir='ltr'><strong>ἡμετέραν</strong></span> <span class='ocrx_word' id='word_1_502' title='bbox 1780 4125 2007 4192; x_wconf 83' lang='grc' dir='ltr'><strong>Ἐκκλη-</strong></span> 
     </span>
    </p>
   </div>
   <div class='ocr_carea' id='block_1_72' title="bbox 412 4217 2006 4297">
    <p class='ocr_par' dir='ltr' id='par_1_72' title="bbox 412 4217 2006 4297">
     <span class='ocr_line' id='line_1_72' title="bbox 412 4217 2006 4297; baseline -0.01 -13"><span class='ocrx_word' id='word_1_503' title='bbox 412 4232 559 4296; x_wconf 87' lang='grc' dir='ltr'><strong>σίαν,</strong></span> <span class='ocrx_word' id='word_1_504' title='bbox 590 4227 798 4297; x_wconf 78' lang='grc' dir='ltr'><strong>ἀστέρα</strong></span> <span class='ocrx_word' id='word_1_505' title='bbox 830 4226 887 4279; x_wconf 75' lang='grc' dir='ltr'><strong>δὲ</strong></span> <span class='ocrx_word' id='word_1_506' title='bbox 917 4225 1010 4280; x_wconf 77' lang='grc' dir='ltr'><strong>τὸν</strong></span> <span class='ocrx_word' id='word_1_507' title='bbox 1036 4222 1280 4285; x_wconf 87' lang='grc' dir='ltr'><strong>Μωσέως</strong></span> <span class='ocrx_word' id='word_1_508' title='bbox 1310 4220 1498 4292; x_wconf 85' lang='grc' dir='ltr'><strong>νόμον.</strong></span> <span class='ocrx_word' id='word_1_509' title='bbox 1540 4218 1663 4271; x_wconf 78' lang='grc' dir='ltr'><strong>’Υπ“</strong></span> <span class='ocrx_word' id='word_1_510' title='bbox 1694 4217 1859 4271; x_wconf 83' lang='grc' dir='ltr'><strong>αὐτοῦ</strong></span> <span class='ocrx_word' id='word_1_511' title='bbox 1895 4217 2006 4287; x_wconf 82' lang='grc' dir='ltr'><strong>γὰρ</strong></span> 
     </span>
    </p>
   </div>
   <div class='ocr_carea' id='block_1_73' title="bbox 409 4300 2009 4390">
    <p class='ocr_par' dir='ltr' id='par_1_73' title="bbox 409 4300 2009 4390">
     <span class='ocr_line' id='line_1_73' title="bbox 409 4300 2009 4390; baseline -0.011 -15"><span class='ocrx_word' id='word_1_512' title='bbox 409 4316 743 4390; x_wconf 78' lang='grc' dir='ltr'><strong>όδηγηθῆναί</strong></span> <span class='ocrx_word' id='word_1_513' title='bbox 798 4331 930 4387; x_wconf 88' lang='grc' dir='ltr'><strong>φασι</strong></span> <span class='ocrx_word' id='word_1_514' title='bbox 962 4311 1126 4387; x_wconf 86' lang='grc' dir='ltr'><strong>μέχρι</strong></span> <span class='ocrx_word' id='word_1_515' title='bbox 1156 4313 1254 4383; x_wconf 80' lang='grc' dir='ltr'><strong>τῆς</strong></span> <span class='ocrx_word' id='word_1_516' title='bbox 1279 4310 1399 4363; x_wconf 84' lang='grc' dir='ltr'><strong>καθ’</strong></span> <span class='ocrx_word' id='word_1_517' title='bbox 1430 4309 1576 4380; x_wconf 79' lang='grc' dir='ltr'><strong>ἡμᾶς</strong></span> <span class='ocrx_word' id='word_1_518' title='bbox 1600 4308 1858 4374; x_wconf 82' lang='grc' dir='ltr'><strong>πίστεως,</strong></span> <span class='ocrx_word' id='word_1_519' title='bbox 1890 4300 2009 4359; x_wconf 82' lang='grc' dir='ltr'><strong>εἶτα</strong></span> 
     </span>
    </p>
   </div>
   <div class='ocr_carea' id='block_1_74' title="bbox 414 4400 2011 4482">
    <p class='ocr_par' dir='ltr' id='par_1_74' title="bbox 414 4400 2011 4482">
     <span class='ocr_line' id='line_1_74' title="bbox 414 4400 2011 4482; baseline -0.011 -15"><span class='ocrx_word' id='word_1_520' title='bbox 414 4413 566 4482; x_wconf 86' lang='grc' dir='ltr'><strong>παρὰ</strong></span> <span class='ocrx_word' id='word_1_521' title='bbox 596 4412 704 4464; x_wconf 88' lang='grc' dir='ltr'><strong>τῶν</strong></span> <span class='ocrx_word' id='word_1_522' title='bbox 734 4407 1041 4479; x_wconf 82' lang='grc' dir='ltr'><strong>ἀρχιερέων</strong></span> <span class='ocrx_word' id='word_1_523' title='bbox 1080 4404 1272 4473; x_wconf 76' lang='grc' dir='ltr'><strong>αὐτῆς,</strong></span> <span class='ocrx_word' id='word_1_524' title='bbox 1310 4403 1403 4454; x_wconf 75' lang='grc' dir='ltr'><strong>καὶ</strong></span> <span class='ocrx_word' id='word_1_525' title='bbox 1446 4402 1555 4454; x_wconf 91' lang='grc' dir='ltr'><strong>τῶν</strong></span> <span class='ocrx_word' id='word_1_526' title='bbox 1599 4400 1775 4455; x_wconf 76' lang='grc' dir='ltr'><strong>ἄλλων</strong></span> <span class='ocrx_word' id='word_1_527' title='bbox 1830 4416 2011 4470; x_wconf 87' lang='grc' dir='ltr'><strong>γραμ-</strong></span> 
     </span>
    </p>
   </div>
   <div class='ocr_carea' id='block_1_75' title="bbox 381 4490 2010 4574">
    <p class='ocr_par' dir='ltr' id='par_1_75' title="bbox 381 4490 2010 4574">
     <span class='ocr_line' id='line_1_75' title="bbox 381 4490 2010 4574; baseline -0.01 -17"><span class='ocrx_word' id='word_1_528' title='bbox 381 4490 656 4574; x_wconf 65' lang='grc' dir='ltr'><strong>’ματέων,</strong></span> <span class='ocrx_word' id='word_1_529' title='bbox 691 4498 788 4557; x_wconf 74' lang='grc' dir='ltr'><strong>καὶ</strong></span> <span class='ocrx_word' id='word_1_530' title='bbox 818 4493 1156 4551; x_wconf 76' lang='grc' dir='ltr'><strong>διδασκάλων</strong></span> <span class='ocrx_word' id='word_1_531' title='bbox 1200 4491 1393 4563; x_wconf 78' lang='grc' dir='ltr'><strong>μαθεῖν</strong></span> <span class='ocrx_word' id='word_1_532' title='bbox 1423 4490 1641 4554; x_wconf 77' lang='grc' dir='ltr'><strong>αὐτοὺς,</strong></span> <span class='ocrx_word' id='word_1_533' title='bbox 1671 4491 1752 4542; x_wconf 85' lang='grc' dir='ltr'><strong>ὅτι</strong></span> <span class='ocrx_word' id='word_1_534' title='bbox 1789 4491 1816 4542; x_wconf 81' lang='grc' dir='ltr'><strong>ό</strong></span> <span class='ocrx_word' id='word_1_535' title='bbox 1873 4490 2010 4558; x_wconf 81' lang='grc' dir='ltr'><strong>Χρι-</strong></span> 
     </span>
    </p>
   </div>
   <div class='ocr_carea' id='block_1_76' title="bbox 415 4577 2009 4663">
    <p class='ocr_par' dir='ltr' id='par_1_76' title="bbox 415 4577 2009 4663">
     <span class='ocr_line' id='line_1_76' title="bbox 415 4577 2009 4663; baseline -0.011 -15"><span class='ocrx_word' id='word_1_536' title='bbox 415 4596 539 4658; x_wconf 82' lang='grc' dir='ltr'><strong>στὸς</strong></span> <span class='ocrx_word' id='word_1_537' title='bbox 570 4596 627 4647; x_wconf 81' lang='grc' dir='ltr'><strong>έν</strong></span> <span class='ocrx_word' id='word_1_538' title='bbox 658 4593 724 4661; x_wconf 68' lang='grc' dir='ltr'><strong>τῇ</strong></span> <span class='ocrx_word' id='word_1_539' title='bbox 761 4587 1069 4663; x_wconf 77' lang='grc' dir='ltr'><strong>δηλωθείσῃ</strong></span> <span class='ocrx_word' id='word_1_540' title='bbox 1091 4584 1349 4655; x_wconf 84' lang='grc' dir='ltr'><strong>γεννᾶται</strong></span> <span class='ocrx_word' id='word_1_541' title='bbox 1373 4578 1647 4652; x_wconf 80' lang='grc' dir='ltr'><strong>Βηθλεέμ.</strong></span> <span class='ocrx_word' id='word_1_542' title='bbox 1689 4578 1808 4648; x_wconf 68' lang='grc' dir='ltr'><strong>Ἀφ’</strong></span> <span class='ocrx_word' id='word_1_543' title='bbox 1849 4577 2009 4650; x_wconf 74' lang='grc' dir='ltr'><strong>ἡμῶν</strong></span> 
     </span>
    </p>
   </div>
   <div class='ocr_carea' id='block_1_77' title="bbox 413 4671 1881 4758">
    <p class='ocr_par' dir='ltr' id='par_1_77' title="bbox 413 4671 1881 4758">
     <span class='ocr_line' id='line_1_77' title="bbox 413 4671 1881 4758; baseline -0.011 -18"><span class='ocrx_word' id='word_1_544' title='bbox 413 4690 523 4758; x_wconf 83' lang='grc' dir='ltr'><strong>γὰρ</strong></span> <span class='ocrx_word' id='word_1_545' title='bbox 562 4683 818 4753; x_wconf 86' lang='grc' dir='ltr'><strong>γενέσθαι</strong></span> <span class='ocrx_word' id='word_1_546' title='bbox 849 4681 973 4743; x_wconf 74' lang='grc' dir='ltr'><strong>τοὺς</strong></span> <span class='ocrx_word' id='word_1_547' title='bbox 1008 4677 1258 4748; x_wconf 83' lang='grc' dir='ltr'><strong>πρώτους</strong></span> <span class='ocrx_word' id='word_1_548' title='bbox 1292 4672 1644 4736; x_wconf 83' lang='grc' dir='ltr'><strong>διδασκάλους</strong></span> <span class='ocrx_word' id='word_1_549' title='bbox 1675 4671 1881 4725; x_wconf 81' lang='grc' dir='ltr'><strong>αὐτῶν.</strong></span> 
     </span>
    </p>
   </div>
   <div class='ocr_carea' id='block_1_78' title="bbox 486 4764 2002 4839">
    <p class='ocr_par' dir='ltr' id='par_1_78' title="bbox 486 4764 2002 4839">
     <span class='ocr_line' id='line_1_78' title="bbox 486 4764 2002 4839; baseline -0.009 -10"><span class='ocrx_word' id='word_1_550' title='bbox 486 4779 595 4832; x_wconf 69' lang='grc' dir='ltr'><strong>κθν.</strong></span> <span class='ocrx_word' id='word_1_551' title='bbox 625 4772 976 4833; x_wconf 83' lang='grc' dir='ltr'><strong>Μυθεύονται</strong></span> <span class='ocrx_word' id='word_1_552' title='bbox 1018 4768 1225 4839; x_wconf 81' lang='grc' dir='ltr'><strong>Ῥαχὴλ</strong></span> <span class='ocrx_word' id='word_1_553' title='bbox 1259 4768 1548 4836; x_wconf 86' lang='grc' dir='ltr'><strong>γεγονέναι</strong></span> <span class='ocrx_word' id='word_1_554' title='bbox 1593 4764 1715 4817; x_wconf 80' lang='grc' dir='ltr'><strong>τινὰ</strong></span> <span class='ocrx_word' id='word_1_555' title='bbox 1765 4765 2002 4832; x_wconf 76' lang='grc' dir='ltr'><strong>γυναῖκα</strong></span> 
     </span>
    </p>
   </div>
   <div class='ocr_carea' id='block_1_79' title="bbox 414 4858 2004 4945">
    <p class='ocr_par' dir='ltr' id='par_1_79' title="bbox 414 4858 2004 4945">
     <span class='ocr_line' id='line_1_79' title="bbox 414 4858 2004 4945; baseline -0.009 -19"><span class='ocrx_word' id='word_1_556' title='bbox 414 4876 609 4945; x_wconf 81' lang='grc' dir='ltr'><strong>χήραν.</strong></span> <span class='ocrx_word' id='word_1_557' title='bbox 636 4873 730 4925; x_wconf 84' lang='grc' dir='ltr'><strong>δύο</strong></span> <span class='ocrx_word' id='word_1_558' title='bbox 755 4870 1067 4938; x_wconf 85' lang='grc' dir='ltr'><strong>θυγατέρας</strong></span> <span class='ocrx_word' id='word_1_559' title='bbox 1090 4866 1326 4938; x_wconf 76' lang='grc' dir='ltr'><strong>ἔχουσαν</strong></span> <span class='ocrx_word' id='word_1_560' title='bbox 1370 4862 1573 4935; x_wconf 85' lang='grc' dir='ltr'><strong>νηπίαν</strong></span> <span class='ocrx_word' id='word_1_561' title='bbox 1603 4858 1845 4928; x_wconf 84' lang='grc' dir='ltr'><strong>ἀγούσας</strong></span> <span class='ocrx_word' id='word_1_562' title='bbox 1888 4860 2004 4930; x_wconf 83' lang='grc' dir='ltr'><strong>ἡλι-</strong></span> 
     </span>
    </p>
   </div>
   <div class='ocr_carea' id='block_1_80' title="bbox 414 4952 1997 5033">
    <p class='ocr_par' dir='ltr' id='par_1_80' title="bbox 414 4952 1997 5033">
     <span class='ocr_line' id='line_1_80' title="bbox 414 4952 1997 5033; baseline -0.009 -14"><span class='ocrx_word' id='word_1_563' title='bbox 414 4968 565 5021; x_wconf 86' lang='grc' dir='ltr'><strong>κίαν.</strong></span> <span class='ocrx_word' id='word_1_564' title='bbox 588 4964 719 5019; x_wconf 78' lang='grc' dir='ltr'><strong>Ὅτε</strong></span> <span class='ocrx_word' id='word_1_565' title='bbox 758 4962 816 5015; x_wconf 82' lang='grc' dir='ltr'><strong>δὲ</strong></span> <span class='ocrx_word' id='word_1_566' title='bbox 852 4961 921 5014; x_wconf 81' lang='grc' dir='ltr'><strong>τὰ</strong></span> <span class='ocrx_word' id='word_1_567' title='bbox 950 4961 1158 5033; x_wconf 74' lang='grc' dir='ltr'><strong>ἄρρενα</strong></span> <span class='ocrx_word' id='word_1_568' title='bbox 1188 4958 1365 5029; x_wconf 87' lang='grc' dir='ltr'><strong>βρέφη</strong></span> <span class='ocrx_word' id='word_1_569' title='bbox 1394 4956 1630 5026; x_wconf 82' lang='grc' dir='ltr'><strong>συνῆγεν</strong></span> <span class='ocrx_word' id='word_1_570' title='bbox 1652 4957 1679 5007; x_wconf 90' lang='grc' dir='ltr'><strong>ό</strong></span> <span class='ocrx_word' id='word_1_571' title='bbox 1719 4952 1997 5024; x_wconf 82' lang='grc' dir='ltr'><strong>Ἡρώδης,</strong></span> 
     </span>
    </p>
   </div>
   <div class='ocr_carea' id='block_1_81' title="bbox 416 5044 2005 5126">
    <p class='ocr_par' dir='ltr' id='par_1_81' title="bbox 416 5044 2005 5126">
     <span class='ocr_line' id='line_1_81' title="bbox 416 5044 2005 5126; baseline -0.008 -14"><span class='ocrx_word' id='word_1_572' title='bbox 416 5056 803 5113; x_wconf 82' lang='grc' dir='ltr'><strong>ὑπολαὸοῦσαν</strong></span> <span class='ocrx_word' id='word_1_573' title='bbox 855 5054 1023 5126; x_wconf 80' lang='grc' dir='ltr'><strong>τιμῆς</strong></span> <span class='ocrx_word' id='word_1_574' title='bbox 1059 5053 1223 5119; x_wconf 79' lang='grc' dir='ltr'><strong>αὐτὰ,</strong></span> <span class='ocrx_word' id='word_1_575' title='bbox 1274 5051 1368 5106; x_wconf 80' lang='grc' dir='ltr'><strong>καὶ</strong></span> <span class='ocrx_word' id='word_1_576' title='bbox 1427 5049 1671 5120; x_wconf 85' lang='grc' dir='ltr'><strong>χαρίτων</strong></span> <span class='ocrx_word' id='word_1_577' title='bbox 1718 5044 2005 5114; x_wconf 77' lang='grc' dir='ltr'><strong>ἀξιοῦσθαι</strong></span> 
     </span>
    </p>
   </div>
   <div class='ocr_carea' id='block_1_82' title="bbox 416 5140 2002 5222">
    <p class='ocr_par' dir='ltr' id='par_1_82' title="bbox 416 5140 2002 5222">
     <span class='ocr_line' id='line_1_82' title="bbox 416 5140 2002 5222; baseline -0.011 -15"><span class='ocrx_word' id='word_1_578' title='bbox 416 5150 550 5222; x_wconf 86' lang='grc' dir='ltr'><strong>παρ’</strong></span> <span class='ocrx_word' id='word_1_579' title='bbox 609 5148 804 5216; x_wconf 82' lang='grc' dir='ltr'><strong>αὑτοῦ,</strong></span> <span class='ocrx_word' id='word_1_580' title='bbox 864 5144 1357 5219; x_wconf 85' lang='grc' dir='ltr'><strong>μετασχηματίσαι</strong></span> <span class='ocrx_word' id='word_1_581' title='bbox 1392 5141 1597 5205; x_wconf 86' lang='grc' dir='ltr'><strong>ταύτας</strong></span> <span class='ocrx_word' id='word_1_582' title='bbox 1627 5141 1704 5203; x_wconf 88' lang='grc' dir='ltr'><strong>είς</strong></span> <span class='ocrx_word' id='word_1_583' title='bbox 1741 5140 2002 5210; x_wconf 78' lang='grc' dir='ltr'><strong>ἀρῤενας,</strong></span> 
     </span>
    </p>
   </div>
   <div class='ocr_carea' id='block_1_83' title="bbox 418 5233 2007 5313">
    <p class='ocr_par' dir='ltr' id='par_1_83' title="bbox 418 5233 2007 5313">
     <span class='ocr_line' id='line_1_83' title="bbox 418 5233 2007 5313; baseline -0.009 -14"><span class='ocrx_word' id='word_1_584' title='bbox 418 5248 516 5299; x_wconf 75' lang='grc' dir='ltr'><strong>καὶ</strong></span> <span class='ocrx_word' id='word_1_585' title='bbox 543 5244 922 5313; x_wconf 86' lang='grc' dir='ltr'><strong>προσαγαγεῖν</strong></span> <span class='ocrx_word' id='word_1_586' title='bbox 955 5241 1033 5303; x_wconf 85' lang='grc' dir='ltr'><strong>ὡς</strong></span> <span class='ocrx_word' id='word_1_587' title='bbox 1056 5235 1233 5301; x_wconf 79' lang='grc' dir='ltr'><strong>υἱούς.</strong></span> <span class='ocrx_word' id='word_1_588' title='bbox 1280 5233 1439 5289; x_wconf 69' lang='grc' dir='ltr'><strong>Ἐπεὶ</strong></span> <span class='ocrx_word' id='word_1_589' title='bbox 1467 5235 1523 5288; x_wconf 78' lang='grc' dir='ltr'><strong>δὲ</strong></span> <span class='ocrx_word' id='word_1_590' title='bbox 1556 5236 1650 5288; x_wconf 79' lang='grc' dir='ltr'><strong>καὶ</strong></span> <span class='ocrx_word' id='word_1_591' title='bbox 1681 5234 1857 5287; x_wconf 87' lang='grc' dir='ltr'><strong>ταῦτα</strong></span> <span class='ocrx_word' id='word_1_592' title='bbox 1892 5236 2007 5296; x_wconf 86' lang='grc' dir='ltr'><strong>τοῖς</strong></span> 
     </span>
    </p>
   </div>
   <div class='ocr_carea' id='block_1_84' title="bbox 417 5326 2007 5408">
    <p class='ocr_par' dir='ltr' id='par_1_84' title="bbox 417 5326 2007 5408">
     <span class='ocr_line' id='line_1_84' title="bbox 417 5326 2007 5408; baseline -0.008 -17"><span class='ocrx_word' id='word_1_593' title='bbox 417 5336 625 5403; x_wconf 76' lang='grc' dir='ltr'><strong>ἄλλοις,</strong></span> <span class='ocrx_word' id='word_1_594' title='bbox 683 5336 761 5399; x_wconf 84' lang='grc' dir='ltr'><strong>ὡς</strong></span> <span class='ocrx_word' id='word_1_595' title='bbox 806 5336 1038 5408; x_wconf 76' lang='grc' dir='ltr'><strong>ἄρρενα,</strong></span> <span class='ocrx_word' id='word_1_596' title='bbox 1099 5328 1472 5403; x_wconf 82' lang='grc' dir='ltr'><strong>συνανῃρέθη,</strong></span> <span class='ocrx_word' id='word_1_597' title='bbox 1527 5327 1627 5389; x_wconf 72' lang='grc' dir='ltr'><strong>τὰς</strong></span> <span class='ocrx_word' id='word_1_598' title='bbox 1668 5327 1770 5397; x_wconf 73' lang='grc' dir='ltr'><strong>μὲν</strong></span> <span class='ocrx_word' id='word_1_599' title='bbox 1840 5326 2007 5388; x_wconf 84' lang='grc' dir='ltr'><strong>ἄλλας</strong></span> 
     </span>
    </p>
   </div>
   <div class='ocr_carea' id='block_1_85' title="bbox 422 5419 2011 5500">
    <p class='ocr_par' dir='ltr' id='par_1_85' title="bbox 422 5419 2011 5500">
     <span class='ocr_line' id='line_1_85' title="bbox 422 5419 2011 5500; baseline -0.004 -21"><span class='ocrx_word' id='word_1_600' title='bbox 422 5429 668 5500; x_wconf 85' lang='grc' dir='ltr'><strong>μητέρας</strong></span> <span class='ocrx_word' id='word_1_601' title='bbox 709 5428 923 5483; x_wconf 84' lang='grc' dir='ltr'><strong>κλαίειν</strong></span> <span class='ocrx_word' id='word_1_602' title='bbox 950 5424 1170 5487; x_wconf 82' lang='grc' dir='ltr'><strong>ἁπλῶς,</strong></span> <span class='ocrx_word' id='word_1_603' title='bbox 1205 5424 1307 5494; x_wconf 78' lang='grc' dir='ltr'><strong>τὴν</strong></span> <span class='ocrx_word' id='word_1_604' title='bbox 1341 5422 1400 5476; x_wconf 80' lang='grc' dir='ltr'><strong>δὲ</strong></span> <span class='ocrx_word' id='word_1_605' title='bbox 1443 5420 1650 5492; x_wconf 80' lang='grc' dir='ltr'><strong>Ῥαχὴλ</strong></span> <span class='ocrx_word' id='word_1_606' title='bbox 1675 5419 2011 5493; x_wconf 82' lang='grc' dir='ltr'><strong>ἀπαράκλη-</strong></span> 
     </span>
    </p>
   </div>
   <div class='ocr_carea' id='block_1_86' title="bbox 419 5514 2004 5588">
    <p class='ocr_par' dir='ltr' id='par_1_86' title="bbox 419 5514 2004 5588">
     <span class='ocr_line' id='line_1_86' title="bbox 419 5514 2004 5588; baseline -0.004 -12"><span class='ocrx_word' id='word_1_607' title='bbox 419 5540 509 5588; x_wconf 88' lang='grc' dir='ltr'><strong>τα,</strong></span> <span class='ocrx_word' id='word_1_608' title='bbox 565 5522 705 5576; x_wconf 89' lang='grc' dir='ltr'><strong>διότι</strong></span> <span class='ocrx_word' id='word_1_609' title='bbox 757 5521 1046 5576; x_wconf 87' lang='grc' dir='ltr'><strong>σπεύσασα</strong></span> <span class='ocrx_word' id='word_1_610' title='bbox 1097 5515 1574 5586; x_wconf 87' lang='grc' dir='ltr'><strong>κατασοφίσασθαι</strong></span> <span class='ocrx_word' id='word_1_611' title='bbox 1629 5514 2004 5585; x_wconf 84' lang='grc' dir='ltr'><strong>κατεσοφίσθη</strong></span> 
     </span>
    </p>
   </div>
   <div class='ocr_carea' id='block_1_87' title="bbox 424 5608 2005 5689">
    <p class='ocr_par' dir='ltr' id='par_1_87' title="bbox 424 5608 2005 5689">
     <span class='ocr_line' id='line_1_87' title="bbox 424 5608 2005 5689; baseline -0.004 -18"><span class='ocrx_word' id='word_1_612' title='bbox 424 5617 652 5686; x_wconf 78' lang='grc' dir='ltr'><strong>μᾶλλον,</strong></span> <span class='ocrx_word' id='word_1_613' title='bbox 688 5615 783 5672; x_wconf 80' lang='grc' dir='ltr'><strong>καὶ</strong></span> <span class='ocrx_word' id='word_1_614' title='bbox 821 5617 921 5678; x_wconf 84' lang='grc' dir='ltr'><strong>τάς</strong></span> <span class='ocrx_word' id='word_1_615' title='bbox 965 5610 1447 5689; x_wconf 84' lang='grc' dir='ltr'><strong>θυγατέρας-αὑτὴ</strong></span> <span class='ocrx_word' id='word_1_616' title='bbox 1483 5612 1661 5680; x_wconf 83' lang='grc' dir='ltr'><strong>μάτην</strong></span> <span class='ocrx_word' id='word_1_617' title='bbox 1699 5608 2005 5665; x_wconf 82' lang='grc' dir='ltr'><strong>ἀπώλεσεν.</strong></span> 
     </span>
    </p>
   </div>
   <div class='ocr_carea' id='block_1_88' title="bbox 434 5703 2010 5781">
    <p class='ocr_par' dir='ltr' id='par_1_88' title="bbox 434 5703 2010 5781">
     <span class='ocr_line' id='line_1_88' title="bbox 434 5703 2010 5781; baseline -0.006 -16"><span class='ocrx_word' id='word_1_618' title='bbox 434 5707 901 5781; x_wconf 81' lang='grc' dir='ltr'><strong>Ἀλληγοροῦντες</strong></span> <span class='ocrx_word' id='word_1_619' title='bbox 934 5707 990 5760; x_wconf 84' lang='grc' dir='ltr'><strong>δὲ</strong></span> <span class='ocrx_word' id='word_1_620' title='bbox 1023 5709 1117 5763; x_wconf 84' lang='grc' dir='ltr'><strong>τὸν</strong></span> <span class='ocrx_word' id='word_1_621' title='bbox 1139 5708 1297 5775; x_wconf 78' lang='grc' dir='ltr'><strong>λόγον</strong></span> <span class='ocrx_word' id='word_1_622' title='bbox 1326 5708 1483 5775; x_wconf 72' lang='grc' dir='ltr'><strong>φασὶ,</strong></span> <span class='ocrx_word' id='word_1_623' title='bbox 1517 5703 1724 5775; x_wconf 79' lang='grc' dir='ltr'><strong>Ῥαχὴλ</strong></span> <span class='ocrx_word' id='word_1_624' title='bbox 1775 5703 1875 5773; x_wconf 77' lang='grc' dir='ltr'><strong>μὲν</strong></span> <span class='ocrx_word' id='word_1_625' title='bbox 1918 5703 2010 5755; x_wconf 74' lang='grc' dir='ltr'><strong>τὸν</strong></span> 
     </span>
    </p>
   </div>
   <div class='ocr_carea' id='block_1_89' title="bbox 426 5796 2010 5875">
    <p class='ocr_par' dir='ltr' id='par_1_89' title="bbox 426 5796 2010 5875">
     <span class='ocr_line' id='line_1_89' title="bbox 426 5796 2010 5875; baseline -0.004 -19"><span class='ocrx_word' id='word_1_626' title='bbox 426 5803 752 5875; x_wconf 70' lang='grc' dir='ltr'><strong>ὲπευράνιον</strong></span> <span class='ocrx_word' id='word_1_627' title='bbox 784 5799 1027 5869; x_wconf 78' lang='grc' dir='ltr'><strong>Πατέρα,</strong></span> <span class='ocrx_word' id='word_1_628' title='bbox 1058 5802 1224 5855; x_wconf 69' lang='grc' dir='ltr'><strong>τέκνα</strong></span> <span class='ocrx_word' id='word_1_629' title='bbox 1270 5800 1326 5853; x_wconf 78' lang='grc' dir='ltr'><strong>δὲ</strong></span> <span class='ocrx_word' id='word_1_630' title='bbox 1380 5797 1549 5854; x_wconf 82' lang='grc' dir='ltr'><strong>αὐτοῦ</strong></span> <span class='ocrx_word' id='word_1_631' title='bbox 1588 5799 1689 5869; x_wconf 75' lang='grc' dir='ltr'><strong>τήν</strong></span> <span class='ocrx_word' id='word_1_632' title='bbox 1732 5814 1790 5852; x_wconf 84' lang='grc' dir='ltr'><strong>τε</strong></span> <span class='ocrx_word' id='word_1_633' title='bbox 1830 5796 2010 5871; x_wconf 65' lang='grc' dir='ltr'><strong>ψυχὴν</strong></span> 
     </span>
    </p>
   </div>
   <div class='ocr_carea' id='block_1_90' title="bbox 724 5896 1467 5965">
    <p class='ocr_par' dir='ltr' id='par_1_90' title="bbox 724 5896 1467 5965">
     <span class='ocr_line' id='line_1_90' title="bbox 724 5896 1467 5965; baseline -0.007 0"><span class='ocrx_word' id='word_1_634' title='bbox 724 5900 1015 5965; x_wconf 69' lang='lat' dir='ltr'><strong>.PquL.</strong></span> <span class='ocrx_word' id='word_1_635' title='bbox 1060 5900 1179 5961; x_wconf 74' lang='lat' dir='ltr'><strong>Gn.</strong></span> <span class='ocrx_word' id='word_1_636' title='bbox 1227 5896 1467 5960; x_wconf 80' lang='lat' dir='ltr'><strong>CXXX.</strong></span> 
     </span>
    </p>
   </div>
   <div class='ocr_carea' id='block_1_91' title="bbox 2109 3486 3716 3575">
    <p class='ocr_par' dir='ltr' id='par_1_91' title="bbox 2109 3486 3716 3575">
     <span class='ocr_line' id='line_1_91' title="bbox 2109 3486 3716 3575; baseline 0.014 -34"><span class='ocrx_word' id='word_1_637' title='bbox 2109 3486 2254 3541; x_wconf 83' lang='lat' dir='ltr'><strong>enim</strong></span> <span class='ocrx_word' id='word_1_638' title='bbox 2269 3487 2544 3546; x_wconf 87' lang='lat' dir='ltr'><strong>Christum</strong></span> <span class='ocrx_word' id='word_1_639' title='bbox 2566 3493 2754 3549; x_wconf 89' lang='lat' dir='ltr'><strong>dicunt</strong></span> <span class='ocrx_word' id='word_1_640' title='bbox 2772 3496 2946 3561; x_wconf 90' lang='lat' dir='ltr'><strong>nasci,</strong></span> <span class='ocrx_word' id='word_1_641' title='bbox 2961 3511 3057 3553; x_wconf 84' lang='lat' dir='ltr'><strong>seu</strong></span> <span class='ocrx_word' id='word_1_642' title='bbox 3077 3497 3312 3555; x_wconf 78' lang='lat' dir='ltr'><strong>Verbum</strong></span> <span class='ocrx_word' id='word_1_643' title='bbox 3333 3501 3450 3569; x_wconf 88' lang='lat' dir='ltr'><strong>Dei,</strong></span> <span class='ocrx_word' id='word_1_644' title='bbox 3466 3521 3573 3575; x_wconf 91' lang='lat' dir='ltr'><strong>quo</strong></span> <span class='ocrx_word' id='word_1_645' title='bbox 3590 3508 3716 3563; x_wconf 71' lang='lat' dir='ltr'><strong>ﬁdei</strong></span> 
     </span>
    </p>
   </div>
   <div class='ocr_carea' id='block_1_92' title="bbox 2110 3581 3712 3654">
    <p class='ocr_par' dir='ltr' id='par_1_92' title="bbox 2110 3581 3712 3654">
     <span class='ocr_line' id='line_1_92' title="bbox 2110 3581 3712 3654; baseline 0.014 -21"><span class='ocrx_word' id='word_1_646' title='bbox 2110 3581 2315 3636; x_wconf 81' lang='lat' dir='ltr'><strong>veritas</strong></span> <span class='ocrx_word' id='word_1_647' title='bbox 2343 3585 2688 3651; x_wconf 83' lang='lat' dir='ltr'><strong>praedicatur.</strong></span> <span class='ocrx_word' id='word_1_648' title='bbox 2718 3586 2969 3643; x_wconf 81' lang='lat' dir='ltr'><strong>Nostram</strong></span> <span class='ocrx_word' id='word_1_649' title='bbox 2993 3602 3172 3647; x_wconf 86' lang='lat' dir='ltr'><strong>autem</strong></span> <span class='ocrx_word' id='word_1_650' title='bbox 3219 3593 3517 3652; x_wconf 83' lang='lat' dir='ltr'><strong>Ecclesiam</strong></span> <span class='ocrx_word' id='word_1_651' title='bbox 3546 3598 3712 3654; x_wconf 85' lang='lat' dir='ltr'><strong>Hero-</strong></span> 
     </span>
    </p>
   </div>
   <div class='ocr_carea' id='block_1_93' title="bbox 2111 3673 3714 3756">
    <p class='ocr_par' dir='ltr' id='par_1_93' title="bbox 2111 3673 3714 3756">
     <span class='ocr_line' id='line_1_93' title="bbox 2111 3673 3714 3756; baseline 0.013 -29"><span class='ocrx_word' id='word_1_652' title='bbox 2111 3673 2704 3746; x_wconf 82' lang='lat' dir='ltr'><strong>deminterpretantur,</strong></span> <span class='ocrx_word' id='word_1_653' title='bbox 2741 3697 2861 3749; x_wconf 81' lang='lat' dir='ltr'><strong>qua:</strong></span> <span class='ocrx_word' id='word_1_654' title='bbox 2879 3679 3113 3739; x_wconf 86' lang='lat' dir='ltr'><strong>Verbum</strong></span> <span class='ocrx_word' id='word_1_655' title='bbox 3130 3688 3273 3756; x_wconf 85' lang='lat' dir='ltr'><strong>apud</strong></span> <span class='ocrx_word' id='word_1_656' title='bbox 3286 3704 3381 3745; x_wconf 88' lang='lat' dir='ltr'><strong>eos</strong></span> <span class='ocrx_word' id='word_1_657' title='bbox 3409 3700 3590 3745; x_wconf 89' lang='lat' dir='ltr'><strong>natum</strong></span> <span class='ocrx_word' id='word_1_658' title='bbox 3624 3709 3714 3751; x_wconf 63' lang='lat' dir='ltr'><strong>eoo</strong></span> 
     </span>
    </p>
   </div>
   <div class='ocr_carea' id='block_1_94' title="bbox 2110 3768 3709 3854">
    <p class='ocr_par' dir='ltr' id='par_1_94' title="bbox 2110 3768 3709 3854">
     <span class='ocr_line' id='line_1_94' title="bbox 2110 3768 3709 3854; baseline 0.016 -36"><span class='ocrx_word' id='word_1_659' title='bbox 2110 3776 2274 3821; x_wconf 91' lang='lat' dir='ltr'><strong>netur</strong></span> <span class='ocrx_word' id='word_1_660' title='bbox 2301 3768 2572 3825; x_wconf 73' lang='lat' dir='ltr'><strong>occidere.</strong></span> <span class='ocrx_word' id='word_1_661' title='bbox 2606 3770 2790 3841; x_wconf 83' lang='lat' dir='ltr'><strong>Magos</strong></span> <span class='ocrx_word' id='word_1_662' title='bbox 2808 3776 2938 3830; x_wconf 82' lang='lat' dir='ltr'><strong>item</strong></span> <span class='ocrx_word' id='word_1_663' title='bbox 2968 3791 3026 3830; x_wconf 90' lang='lat' dir='ltr'><strong>se</strong></span> <span class='ocrx_word' id='word_1_664' title='bbox 3058 3777 3204 3846; x_wconf 86' lang='lat' dir='ltr'><strong>ipsos</strong></span> <span class='ocrx_word' id='word_1_665' title='bbox 3232 3791 3446 3848; x_wconf 82' lang='lat' dir='ltr'><strong>vocant,</strong></span> <span class='ocrx_word' id='word_1_666' title='bbox 3471 3798 3573 3852; x_wconf 89' lang='lat' dir='ltr'><strong>qua</strong></span> <span class='ocrx_word' id='word_1_667' title='bbox 3594 3787 3709 3854; x_wconf 91' lang='lat' dir='ltr'><strong>qui-</strong></span> 
     </span>
    </p>
   </div>
   <div class='ocr_carea' id='block_1_95' title="bbox 2110 3857 3704 3947">
    <p class='ocr_par' dir='ltr' id='par_1_95' title="bbox 2110 3857 3704 3947">
     <span class='ocr_line' id='line_1_95' title="bbox 2110 3857 3704 3947; baseline 0.014 -35"><span class='ocrx_word' id='word_1_668' title='bbox 2110 3857 2230 3913; x_wconf 92' lang='lat' dir='ltr'><strong>dem</strong></span> <span class='ocrx_word' id='word_1_669' title='bbox 2262 3859 2314 3913; x_wconf 90' lang='lat' dir='ltr'><strong>in</strong></span> <span class='ocrx_word' id='word_1_670' title='bbox 2348 3875 2404 3914; x_wconf 91' lang='lat' dir='ltr'><strong>re</strong></span> <span class='ocrx_word' id='word_1_671' title='bbox 2446 3863 2561 3917; x_wconf 87' lang='lat' dir='ltr'><strong>sola</strong></span> <span class='ocrx_word' id='word_1_672' title='bbox 2597 3880 2783 3920; x_wconf 90' lang='lat' dir='ltr'><strong>verum</strong></span> <span class='ocrx_word' id='word_1_673' title='bbox 2822 3868 3028 3926; x_wconf 86' lang='lat' dir='ltr'><strong>dicunt.</strong></span> <span class='ocrx_word' id='word_1_674' title='bbox 3060 3869 3199 3927; x_wconf 84' lang='lat' dir='ltr'><strong>Sunt</strong></span> <span class='ocrx_word' id='word_1_675' title='bbox 3222 3874 3365 3928; x_wconf 88' lang='lat' dir='ltr'><strong>enim</strong></span> <span class='ocrx_word' id='word_1_676' title='bbox 3401 3890 3529 3932; x_wconf 88' lang='lat' dir='ltr'><strong>vere</strong></span> <span class='ocrx_word' id='word_1_677' title='bbox 3574 3892 3704 3947; x_wconf 89' lang='lat' dir='ltr'><strong>per-</strong></span> 
     </span>
    </p>
   </div>
   <div class='ocr_carea' id='block_1_96' title="bbox 2112 3948 3714 4040">
    <p class='ocr_par' dir='ltr' id='par_1_96' title="bbox 2112 3948 3714 4040">
     <span class='ocr_line' id='line_1_96' title="bbox 2112 3948 3714 4040; baseline 0.014 -39"><span class='ocrx_word' id='word_1_678' title='bbox 2112 3948 2305 4004; x_wconf 83' lang='lat' dir='ltr'><strong>niciosi</strong></span> <span class='ocrx_word' id='word_1_679' title='bbox 2335 3956 2758 4025; x_wconf 66' lang='lat' dir='ltr'><strong>praestigiatores</strong></span> <span class='ocrx_word' id='word_1_680' title='bbox 2787 3969 2843 4014; x_wconf 90' lang='lat' dir='ltr'><strong>et</strong></span> <span class='ocrx_word' id='word_1_681' title='bbox 2895 3962 3241 4030; x_wconf 83' lang='lat' dir='ltr'><strong>itnpostores.</strong></span> <span class='ocrx_word' id='word_1_682' title='bbox 3281 3964 3714 4040; x_wconf 81' lang='lat' dir='ltr'><strong>llieroso&#39;ymam</strong></span> 
     </span>
    </p>
   </div>
   <div class='ocr_carea' id='block_1_97' title="bbox 2112 4048 3715 4121">
    <p class='ocr_par' dir='ltr' id='par_1_97' title="bbox 2112 4048 3715 4121">
     <span class='ocr_line' id='line_1_97' title="bbox 2112 4048 3715 4121; baseline 0.014 -26"><span class='ocrx_word' id='word_1_683' title='bbox 2112 4053 2354 4098; x_wconf 84' lang='lat' dir='ltr'><strong>nostrain</strong></span> <span class='ocrx_word' id='word_1_684' title='bbox 2406 4048 2678 4117; x_wconf 88' lang='lat' dir='ltr'><strong>appellant</strong></span> <span class='ocrx_word' id='word_1_685' title='bbox 2713 4049 3056 4121; x_wconf 78' lang='lat' dir='ltr'><strong>Ecclesium;</strong></span> <span class='ocrx_word' id='word_1_686' title='bbox 3101 4058 3315 4113; x_wconf 86' lang='lat' dir='ltr'><strong>stellam</strong></span> <span class='ocrx_word' id='word_1_687' title='bbox 3354 4072 3533 4116; x_wconf 89' lang='lat' dir='ltr'><strong>autem</strong></span> <span class='ocrx_word' id='word_1_688' title='bbox 3595 4062 3715 4117; x_wconf 79' lang='lat' dir='ltr'><strong>Mo-</strong></span> 
     </span>
    </p>
   </div>
   <div class='ocr_carea' id='block_1_98' title="bbox 2111 4135 3713 4222">
    <p class='ocr_par' dir='ltr' id='par_1_98' title="bbox 2111 4135 3713 4222">
     <span class='ocr_line' id='line_1_98' title="bbox 2111 4135 3713 4222; baseline 0.012 -32"><span class='ocrx_word' id='word_1_689' title='bbox 2111 4135 2189 4192; x_wconf 85' lang='lat' dir='ltr'><strong>sis</strong></span> <span class='ocrx_word' id='word_1_690' title='bbox 2234 4136 2537 4203; x_wconf 79' lang='lat' dir='ltr'><strong>legemzea</strong></span> <span class='ocrx_word' id='word_1_691' title='bbox 2588 4143 2731 4197; x_wconf 87' lang='lat' dir='ltr'><strong>enim</strong></span> <span class='ocrx_word' id='word_1_692' title='bbox 2762 4146 2897 4201; x_wconf 89' lang='lat' dir='ltr'><strong>duce</strong></span> <span class='ocrx_word' id='word_1_693' title='bbox 2946 4148 3013 4202; x_wconf 88' lang='lat' dir='ltr'><strong>ad</strong></span> <span class='ocrx_word' id='word_1_694' title='bbox 3053 4160 3298 4206; x_wconf 69' lang='lat' dir='ltr'><strong>nosnam</strong></span> <span class='ocrx_word' id='word_1_695' title='bbox 3352 4169 3522 4222; x_wconf 82' lang='lat' dir='ltr'><strong>usque</strong></span> <span class='ocrx_word' id='word_1_696' title='bbox 3550 4154 3713 4210; x_wconf 84' lang='lat' dir='ltr'><strong>iidem</strong></span> 
     </span>
    </p>
   </div>
   <div class='ocr_carea' id='block_1_99' title="bbox 2112 4232 3713 4318">
    <p class='ocr_par' dir='ltr' id='par_1_99' title="bbox 2112 4232 3713 4318">
     <span class='ocr_line' id='line_1_99' title="bbox 2112 4232 3713 4318; baseline 0.014 -36"><span class='ocrx_word' id='word_1_697' title='bbox 2112 4232 2403 4298; x_wconf 83' lang='lat' dir='ltr'><strong>perveniri.</strong></span> <span class='ocrx_word' id='word_1_698' title='bbox 2445 4232 2642 4289; x_wconf 80' lang='lat' dir='ltr'><strong>Deinde</strong></span> <span class='ocrx_word' id='word_1_699' title='bbox 2670 4250 2701 4290; x_wconf 91' lang='lat' dir='ltr'><strong>a</strong></span> <span class='ocrx_word' id='word_1_700' title='bbox 2754 4240 3126 4299; x_wconf 83' lang='lat' dir='ltr'><strong>sacerdotibus</strong></span> <span class='ocrx_word' id='word_1_701' title='bbox 3172 4242 3358 4313; x_wconf 87' lang='lat' dir='ltr'><strong>ipsius,</strong></span> <span class='ocrx_word' id='word_1_702' title='bbox 3412 4256 3465 4301; x_wconf 90' lang='lat' dir='ltr'><strong>et</strong></span> <span class='ocrx_word' id='word_1_703' title='bbox 3495 4248 3713 4318; x_wconf 85' lang='lat' dir='ltr'><strong>scribis,</strong></span> 
     </span>
    </p>
   </div>
   <div class='ocr_carea' id='block_1_100' title="bbox 2114 4322 3714 4397">
    <p class='ocr_par' dir='ltr' id='par_1_100' title="bbox 2114 4322 3714 4397">
     <span class='ocr_line' id='line_1_100' title="bbox 2114 4322 3714 4397; baseline 0.012 -22"><span class='ocrx_word' id='word_1_704' title='bbox 2114 4330 2170 4375; x_wconf 92' lang='lat' dir='ltr'><strong>et</strong></span> <span class='ocrx_word' id='word_1_705' title='bbox 2201 4322 2515 4381; x_wconf 83' lang='lat' dir='ltr'><strong>doctoribus</strong></span> <span class='ocrx_word' id='word_1_706' title='bbox 2552 4328 2738 4384; x_wconf 90' lang='lat' dir='ltr'><strong>dicunt</strong></span> <span class='ocrx_word' id='word_1_707' title='bbox 2770 4344 2831 4386; x_wconf 91' lang='lat' dir='ltr'><strong>se</strong></span> <span class='ocrx_word' id='word_1_708' title='bbox 2880 4330 3094 4391; x_wconf 82' lang='lat' dir='ltr'><strong>discere</strong></span> <span class='ocrx_word' id='word_1_709' title='bbox 3126 4334 3402 4392; x_wconf 88' lang='lat' dir='ltr'><strong>Christum</strong></span> <span class='ocrx_word' id='word_1_710' title='bbox 3455 4340 3599 4396; x_wconf 86' lang='lat' dir='ltr'><strong>nasci</strong></span> <span class='ocrx_word' id='word_1_711' title='bbox 3657 4344 3714 4397; x_wconf 91' lang='lat' dir='ltr'><strong>in</strong></span> 
     </span>
    </p>
   </div>
   <div class='ocr_carea' id='block_1_101' title="bbox 2113 4412 3711 4502">
    <p class='ocr_par' dir='ltr' id='par_1_101' title="bbox 2113 4412 3711 4502">
     <span class='ocr_line' id='line_1_101' title="bbox 2113 4412 3711 4502; baseline 0.014 -36"><span class='ocrx_word' id='word_1_712' title='bbox 2113 4412 2390 4471; x_wconf 86' lang='lat' dir='ltr'><strong>Bethleem</strong></span> <span class='ocrx_word' id='word_1_713' title='bbox 2424 4420 2717 4475; x_wconf 87' lang='lat' dir='ltr'><strong>antedicta.</strong></span> <span class='ocrx_word' id='word_1_714' title='bbox 2755 4424 2797 4476; x_wconf 88' lang='lat' dir='ltr'><strong>A</strong></span> <span class='ocrx_word' id='word_1_715' title='bbox 2837 4424 2995 4482; x_wconf 85' lang='lat' dir='ltr'><strong>nobis</strong></span> <span class='ocrx_word' id='word_1_716' title='bbox 3049 4427 3192 4483; x_wconf 89' lang='lat' dir='ltr'><strong>enim</strong></span> <span class='ocrx_word' id='word_1_717' title='bbox 3232 4430 3442 4498; x_wconf 86' lang='lat' dir='ltr'><strong>primos</strong></span> <span class='ocrx_word' id='word_1_718' title='bbox 3466 4432 3711 4502; x_wconf 86' lang='lat' dir='ltr'><strong>ipsorum</strong></span> 
     </span>
    </p>
   </div>
   <div class='ocr_carea' id='block_1_102' title="bbox 2115 4512 2882 4583">
    <p class='ocr_par' dir='ltr' id='par_1_102' title="bbox 2115 4512 2882 4583">
     <span class='ocr_line' id='line_1_102' title="bbox 2115 4512 2882 4583; baseline 0.01 -20"><span class='ocrx_word' id='word_1_719' title='bbox 2115 4512 2407 4579; x_wconf 86' lang='lat' dir='ltr'><strong>magistros</strong></span> <span class='ocrx_word' id='word_1_720' title='bbox 2423 4526 2543 4568; x_wconf 88' lang='lat' dir='ltr'><strong>esse</strong></span> <span class='ocrx_word' id='word_1_721' title='bbox 2590 4513 2882 4583; x_wconf 79' lang='lat' dir='ltr'><strong>proiectos.</strong></span> 
     </span>
    </p>
   </div>
   <div class='ocr_carea' id='block_1_103' title="bbox 2177 4778 3707 4861">
    <p class='ocr_par' dir='ltr' id='par_1_103' title="bbox 2177 4778 3707 4861">
     <span class='ocr_line' id='line_1_103' title="bbox 2177 4778 3707 4861; baseline 0.012 -29"><span class='ocrx_word' id='word_1_722' title='bbox 2177 4778 2269 4833; x_wconf 76' lang='lat'><strong>29.</strong></span> <span class='ocrx_word' id='word_1_723' title='bbox 2295 4778 2532 4850; x_wconf 85' lang='lat' dir='ltr'><strong>Fingnnt</strong></span> <span class='ocrx_word' id='word_1_724' title='bbox 2567 4780 2860 4839; x_wconf 64' lang='lat' dir='ltr'><strong>Rachelem</strong></span> <span class='ocrx_word' id='word_1_725' title='bbox 2890 4783 3060 4841; x_wconf 78' lang='lat' dir='ltr'><strong>fuisse</strong></span> <span class='ocrx_word' id='word_1_726' title='bbox 3100 4787 3379 4845; x_wconf 88' lang='lat' dir='ltr'><strong>mulierem</strong></span> <span class='ocrx_word' id='word_1_727' title='bbox 3413 4794 3707 4861; x_wconf 84' lang='lat' dir='ltr'><strong>quamdam</strong></span> 
     </span>
    </p>
   </div>
   <div class='ocr_carea' id='block_1_104' title="bbox 2106 4872 3708 4955">
    <p class='ocr_par' dir='ltr' id='par_1_104' title="bbox 2106 4872 3708 4955">
     <span class='ocr_line' id='line_1_104' title="bbox 2106 4872 3708 4955; baseline 0.009 -29"><span class='ocrx_word' id='word_1_728' title='bbox 2106 4872 2323 4927; x_wconf 78' lang='lat' dir='ltr'><strong>viluam</strong></span> <span class='ocrx_word' id='word_1_729' title='bbox 2357 4889 2479 4943; x_wconf 73' lang='lat' dir='ltr'><strong>quae</strong></span> <span class='ocrx_word' id='word_1_730' title='bbox 2510 4891 2630 4928; x_wconf 86' lang='lat' dir='ltr'><strong>Clllll</strong></span> <span class='ocrx_word' id='word_1_731' title='bbox 2668 4876 2805 4933; x_wconf 86' lang='lat' dir='ltr'><strong>duas</strong></span> <span class='ocrx_word' id='word_1_732' title='bbox 2836 4877 3061 4935; x_wconf 85' lang='lat' dir='ltr'><strong>haberet</strong></span> <span class='ocrx_word' id='word_1_733' title='bbox 3106 4881 3341 4937; x_wconf 81' lang='lat' dir='ltr'><strong>infantes</strong></span> <span class='ocrx_word' id='word_1_734' title='bbox 3398 4884 3557 4952; x_wconf 76' lang='lat' dir='ltr'><strong>tilias,</strong></span> <span class='ocrx_word' id='word_1_735' title='bbox 3599 4904 3708 4955; x_wconf 83' lang='lat' dir='ltr'><strong>quo</strong></span> 
     </span>
    </p>
   </div>
   <div class='ocr_carea' id='block_1_105' title="bbox 2109 4964 3707 5046">
    <p class='ocr_par' dir='ltr' id='par_1_105' title="bbox 2109 4964 3707 5046">
     <span class='ocr_line' id='line_1_105' title="bbox 2109 4964 3707 5046; baseline 0.01 -28"><span class='ocrx_word' id='word_1_736' title='bbox 2109 4973 2352 5035; x_wconf 78' lang='lat' dir='ltr'><strong>tempore</strong></span> <span class='ocrx_word' id='word_1_737' title='bbox 2386 4964 2628 5021; x_wconf 84' lang='lat' dir='ltr'><strong>Herodes</strong></span> <span class='ocrx_word' id='word_1_738' title='bbox 2683 4984 2880 5038; x_wconf 81' lang='lat' dir='ltr'><strong>pueros</strong></span> <span class='ocrx_word' id='word_1_739' title='bbox 2907 4986 3083 5027; x_wconf 89' lang='lat' dir='ltr'><strong>mares</strong></span> <span class='ocrx_word' id='word_1_740' title='bbox 3132 4979 3501 5046; x_wconf 82' lang='lat' dir='ltr'><strong>congregavit,</strong></span> <span class='ocrx_word' id='word_1_741' title='bbox 3536 4981 3707 5034; x_wconf 86' lang='lat' dir='ltr'><strong>hono-</strong></span> 
     </span>
    </p>
   </div>
   <div class='ocr_carea' id='block_1_106' title="bbox 2108 5059 3757 5132">
    <p class='ocr_par' dir='ltr' id='par_1_106' title="bbox 2108 5059 3757 5132">
     <span class='ocr_line' id='line_1_106' title="bbox 2108 5059 3757 5132; baseline 0.009 -21"><span class='ocrx_word' id='word_1_742' title='bbox 2108 5071 2223 5112; x_wconf 87' lang='lat' dir='ltr'><strong>rem</strong></span> <span class='ocrx_word' id='word_1_743' title='bbox 2253 5067 2306 5112; x_wconf 92' lang='lat' dir='ltr'><strong>et</strong></span> <span class='ocrx_word' id='word_1_744' title='bbox 2337 5059 2566 5128; x_wconf 85' lang='lat' dir='ltr'><strong>gratiam</strong></span> <span class='ocrx_word' id='word_1_745' title='bbox 2596 5059 2738 5129; x_wconf 86' lang='lat' dir='ltr'><strong>apud</strong></span> <span class='ocrx_word' id='word_1_746' title='bbox 2768 5060 2944 5130; x_wconf 88' lang='lat' dir='ltr'><strong>ipsum</strong></span> <span class='ocrx_word' id='word_1_747' title='bbox 2977 5078 3038 5119; x_wconf 91' lang='lat' dir='ltr'><strong>se</strong></span> <span class='ocrx_word' id='word_1_748' title='bbox 3064 5067 3388 5123; x_wconf 79' lang='lat' dir='ltr'><strong>existimans</strong></span> <span class='ocrx_word' id='word_1_749' title='bbox 3422 5072 3700 5132; x_wconf 89' lang='lat' dir='ltr'><strong>inituram.</strong></span> <span class='ocrx_word' id='word_1_750' title='bbox 3750 5063 3757 5104; x_wconf 43' lang='grc' dir='ltr'><em>Τ</em></span> 
     </span>
    </p>
   </div>
   <div class='ocr_carea' id='block_1_107' title="bbox 2106 5151 3699 5221">
    <p class='ocr_par' dir='ltr' id='par_1_107' title="bbox 2106 5151 3699 5221">
     <span class='ocr_line' id='line_1_107' title="bbox 2106 5151 3699 5221; baseline 0.006 -13"><span class='ocrx_word' id='word_1_751' title='bbox 2106 5166 2201 5208; x_wconf 88' lang='lat' dir='ltr'><strong>eas</strong></span> <span class='ocrx_word' id='word_1_752' title='bbox 2228 5152 2283 5206; x_wconf 88' lang='lat' dir='ltr'><strong>in</strong></span> <span class='ocrx_word' id='word_1_753' title='bbox 2325 5151 2554 5206; x_wconf 87' lang='lat' dir='ltr'><strong>marium</strong></span> <span class='ocrx_word' id='word_1_754' title='bbox 2584 5153 2820 5221; x_wconf 83' lang='lat' dir='ltr'><strong>speciem</strong></span> <span class='ocrx_word' id='word_1_755' title='bbox 2854 5164 3092 5212; x_wconf 89' lang='lat' dir='ltr'><strong>mutatas</strong></span> <span class='ocrx_word' id='word_1_756' title='bbox 3121 5160 3317 5215; x_wconf 89' lang='lat' dir='ltr'><strong>attulit.</strong></span> <span class='ocrx_word' id='word_1_757' title='bbox 3351 5160 3549 5215; x_wconf 82' lang='lat' dir='ltr'><strong>Vetuin</strong></span> <span class='ocrx_word' id='word_1_758' title='bbox 3575 5178 3699 5217; x_wconf 88' lang='lat' dir='ltr'><strong>cum</strong></span> 
     </span>
    </p>
   </div>
   <div class='ocr_carea' id='block_1_108' title="bbox 2107 5244 3703 5315">
    <p class='ocr_par' dir='ltr' id='par_1_108' title="bbox 2107 5244 3703 5315">
     <span class='ocr_line' id='line_1_108' title="bbox 2107 5244 3703 5315; baseline 0.006 -17"><span class='ocrx_word' id='word_1_759' title='bbox 2107 5254 2159 5298; x_wconf 88' lang='lat' dir='ltr'><strong>ct</strong></span> <span class='ocrx_word' id='word_1_760' title='bbox 2194 5244 2314 5299; x_wconf 72' lang='lat' dir='ltr'><strong>ﬁliae</strong></span> <span class='ocrx_word' id='word_1_761' title='bbox 2342 5260 2455 5300; x_wconf 67' lang='lat' dir='ltr'><strong>suae</strong></span> <span class='ocrx_word' id='word_1_762' title='bbox 2518 5257 2771 5315; x_wconf 79' lang='lat' dir='ltr'><strong>tanquam</strong></span> <span class='ocrx_word' id='word_1_763' title='bbox 2798 5262 2980 5304; x_wconf 89' lang='lat' dir='ltr'><strong>mares</strong></span> <span class='ocrx_word' id='word_1_764' title='bbox 3012 5264 3117 5307; x_wconf 81' lang='lat' dir='ltr'><strong>una</strong></span> <span class='ocrx_word' id='word_1_765' title='bbox 3162 5266 3284 5306; x_wconf 87' lang='lat' dir='ltr'><strong>cuin</strong></span> <span class='ocrx_word' id='word_1_766' title='bbox 3337 5253 3459 5307; x_wconf 85' lang='lat' dir='ltr'><strong>aliis</strong></span> <span class='ocrx_word' id='word_1_767' title='bbox 3513 5266 3703 5308; x_wconf 68' lang='lat' dir='ltr'><strong>es‘scttt</strong></span> 
     </span>
    </p>
   </div>
   <div class='ocr_carea' id='block_1_109' title="bbox 2107 5336 3697 5410">
    <p class='ocr_par' dir='ltr' id='par_1_109' title="bbox 2107 5336 3697 5410">
     <span class='ocr_line' id='line_1_109' title="bbox 2107 5336 3697 5410; baseline 0.005 -20"><span class='ocrx_word' id='word_1_768' title='bbox 2107 5336 2435 5404; x_wconf 67' lang='lat' dir='ltr'><strong>interfectae,</strong></span> <span class='ocrx_word' id='word_1_769' title='bbox 2466 5346 2520 5391; x_wconf 87' lang='lat' dir='ltr'><strong>et</strong></span> <span class='ocrx_word' id='word_1_770' title='bbox 2552 5337 2773 5408; x_wconf 67' lang='lat' dir='ltr'><strong>reliquae</strong></span> <span class='ocrx_word' id='word_1_771' title='bbox 2809 5350 3011 5396; x_wconf 86' lang='lat' dir='ltr'><strong>matres</strong></span> <span class='ocrx_word' id='word_1_772' title='bbox 3060 5341 3327 5410; x_wconf 88' lang='lat' dir='ltr'><strong>lugerent,</strong></span> <span class='ocrx_word' id='word_1_773' title='bbox 3364 5342 3565 5397; x_wconf 79' lang='lat' dir='ltr'><strong>Rachel</strong></span> <span class='ocrx_word' id='word_1_774' title='bbox 3625 5345 3697 5398; x_wconf 88' lang='lat' dir='ltr'><strong>ita</strong></span> 
     </span>
    </p>
   </div>
   <div class='ocr_carea' id='block_1_110' title="bbox 2107 5427 3698 5502">
    <p class='ocr_par' dir='ltr' id='par_1_110' title="bbox 2107 5427 3698 5502">
     <span class='ocr_line' id='line_1_110' title="bbox 2107 5427 3698 5502; baseline 0.004 -21"><span class='ocrx_word' id='word_1_775' title='bbox 2107 5427 2361 5499; x_wconf 86' lang='lat' dir='ltr'><strong>plorabat</strong></span> <span class='ocrx_word' id='word_1_776' title='bbox 2394 5438 2454 5481; x_wconf 93' lang='lat' dir='ltr'><strong>ut</strong></span> <span class='ocrx_word' id='word_1_777' title='bbox 2481 5428 2683 5484; x_wconf 88' lang='lat' dir='ltr'><strong>nullam</strong></span> <span class='ocrx_word' id='word_1_778' title='bbox 2713 5429 3025 5486; x_wconf 88' lang='lat' dir='ltr'><strong>admitteret</strong></span> <span class='ocrx_word' id='word_1_779' title='bbox 3053 5432 3502 5496; x_wconf 85' lang='lat' dir='ltr'><strong>consolationem,</strong></span> <span class='ocrx_word' id='word_1_780' title='bbox 3559 5448 3698 5502; x_wconf 89' lang='lat' dir='ltr'><strong>quo-</strong></span> 
     </span>
    </p>
   </div>
   <div class='ocr_carea' id='block_1_111' title="bbox 2115 5520 3701 5591">
    <p class='ocr_par' dir='ltr' id='par_1_111' title="bbox 2115 5520 3701 5591">
     <span class='ocr_line' id='line_1_111' title="bbox 2115 5520 3701 5591; baseline 0.002 -18"><span class='ocrx_word' id='word_1_781' title='bbox 2115 5520 2262 5573; x_wconf 89' lang='lat' dir='ltr'><strong>niam</strong></span> <span class='ocrx_word' id='word_1_782' title='bbox 2292 5521 2416 5573; x_wconf 92' lang='lat' dir='ltr'><strong>dum</strong></span> <span class='ocrx_word' id='word_1_783' title='bbox 2445 5529 2740 5575; x_wconf 80' lang='lat' dir='ltr'><strong>conaretur</strong></span> <span class='ocrx_word' id='word_1_784' title='bbox 2766 5522 3013 5589; x_wconf 89' lang='lat' dir='ltr'><strong>decipere</strong></span> <span class='ocrx_word' id='word_1_785' title='bbox 3038 5520 3262 5591; x_wconf 85' lang='lat' dir='ltr'><strong>decepta</strong></span> <span class='ocrx_word' id='word_1_786' title='bbox 3294 5521 3492 5585; x_wconf 79' lang='lat' dir='ltr'><strong>fuerat,</strong></span> <span class='ocrx_word' id='word_1_787' title='bbox 3527 5522 3701 5576; x_wconf 75' lang='lat' dir='ltr'><strong>filias-</strong></span> 
     </span>
    </p>
   </div>
   <div class='ocr_carea' id='block_1_112' title="bbox 2118 5608 3705 5681">
    <p class='ocr_par' dir='ltr' id='par_1_112' title="bbox 2118 5608 3705 5681">
     <span class='ocr_line' id='line_1_112' title="bbox 2118 5608 3705 5681; baseline 0.001 -19"><span class='ocrx_word' id='word_1_788' title='bbox 2118 5624 2224 5681; x_wconf 91' lang='lat' dir='ltr'><strong>que</strong></span> <span class='ocrx_word' id='word_1_789' title='bbox 2251 5610 2364 5681; x_wconf 86' lang='lat' dir='ltr'><strong>ipsa</strong></span> <span class='ocrx_word' id='word_1_790' title='bbox 2398 5623 2529 5664; x_wconf 81' lang='lat' dir='ltr'><strong>suas</strong></span> <span class='ocrx_word' id='word_1_791' title='bbox 2564 5619 2768 5664; x_wconf 86' lang='lat' dir='ltr'><strong>temere</strong></span> <span class='ocrx_word' id='word_1_792' title='bbox 2810 5608 3138 5678; x_wconf 84' lang='lat' dir='ltr'><strong>perdiderat.</strong></span> <span class='ocrx_word' id='word_1_793' title='bbox 3170 5615 3347 5676; x_wconf 79' lang='lat' dir='ltr'><strong>Atque</strong></span> <span class='ocrx_word' id='word_1_794' title='bbox 3406 5609 3508 5662; x_wconf 91' lang='lat' dir='ltr'><strong>hoc</strong></span> <span class='ocrx_word' id='word_1_795' title='bbox 3573 5610 3705 5663; x_wconf 87' lang='lat' dir='ltr'><strong>alle-</strong></span> 
     </span>
    </p>
   </div>
   <div class='ocr_carea' id='block_1_113' title="bbox 2118 5696 3712 5771">
    <p class='ocr_par' dir='ltr' id='par_1_113' title="bbox 2118 5696 3712 5771">
     <span class='ocr_line' id='line_1_113' title="bbox 2118 5696 3712 5771; baseline 0 -16"><span class='ocrx_word' id='word_1_796' title='bbox 2118 5701 2303 5771; x_wconf 79' lang='lat' dir='ltr'><strong>gorice</strong></span> <span class='ocrx_word' id='word_1_797' title='bbox 2327 5701 2750 5771; x_wconf 88' lang='lat' dir='ltr'><strong>interpretantes</strong></span> <span class='ocrx_word' id='word_1_798' title='bbox 2778 5700 2990 5764; x_wconf 87' lang='lat' dir='ltr'><strong>dicunt,</strong></span> <span class='ocrx_word' id='word_1_799' title='bbox 3019 5698 3309 5754; x_wconf 79' lang='lat' dir='ltr'><strong>Rachelem</strong></span> <span class='ocrx_word' id='word_1_800' title='bbox 3334 5696 3553 5755; x_wconf 82' lang='lat' dir='ltr'><strong>Patrem</strong></span> <span class='ocrx_word' id='word_1_801' title='bbox 3589 5713 3712 5755; x_wconf 80' lang='lat' dir='ltr'><strong>esse</strong></span> 
     </span>
    </p>
   </div>
   <div class='ocr_carea' id='block_1_114' title="bbox 2118 5790 3715 5866">
    <p class='ocr_par' dir='ltr' id='par_1_114' title="bbox 2118 5790 3715 5866">
     <span class='ocr_line' id='line_1_114' title="bbox 2118 5790 3715 5866; baseline -0.005 -13"><span class='ocrx_word' id='word_1_802' title='bbox 2118 5794 2423 5864; x_wconf 72' lang='lat' dir='ltr'><strong>ctelestem,</strong></span> <span class='ocrx_word' id='word_1_803' title='bbox 2482 5792 2635 5866; x_wconf 83' lang='lat' dir='ltr'><strong>cujus</strong></span> <span class='ocrx_word' id='word_1_804' title='bbox 2696 5791 2820 5850; x_wconf 74' lang='lat' dir='ltr'><strong>filia:</strong></span> <span class='ocrx_word' id='word_1_805' title='bbox 2876 5792 2985 5851; x_wconf 83' lang='lat' dir='ltr'><strong>sint</strong></span> <span class='ocrx_word' id='word_1_806' title='bbox 3032 5791 3207 5849; x_wconf 85' lang='lat' dir='ltr'><strong>anima</strong></span> <span class='ocrx_word' id='word_1_807' title='bbox 3256 5791 3386 5847; x_wconf 70' lang='lat' dir='ltr'><strong>Adae</strong></span> <span class='ocrx_word' id='word_1_808' title='bbox 3434 5801 3488 5848; x_wconf 90' lang='lat' dir='ltr'><strong>et</strong></span> <span class='ocrx_word' id='word_1_809' title='bbox 3537 5790 3715 5848; x_wconf 81' lang='lat' dir='ltr'><strong>anima</strong></span> 
     </span>
    </p>
   </div>
   <div class='ocr_carea' id='block_1_115' title="bbox 3180 5886 3257 5950">
    <p class='ocr_par' dir='ltr' id='par_1_115' title="bbox 3180 5886 3257 5950">
     <span class='ocr_line' id='line_1_115' title="bbox 3180 5886 3257 5950; baseline -0.026 0"><span class='ocrx_word' id='word_1_810' title='bbox 3180 5886 3257 5950; x_wconf 77' lang='lat'><strong>42</strong></span> 
     </span>
    </p>
   </div>
  </div>
