4132 6410
437 374 584 439 ’1323

1679 368 1990 429 EUTHYM
2008 368 2059 425 ll
2122 367 2480 429 ZIGABENI

3593 366 3731 433 1ἴ³Ξ4

443 489 671 552 Christi,
706 487 903 556 quibus
933 487 998 540 ab
1025 484 1255 572 Herode,
1283 485 1332 539 id
1372 493 1475 548 est,
1500 499 1527 537 a
1555 484 1735 538 mundi
1772 479 2038 552 principe,

2148 481 2240 533 τοῦ
2279 480 2476 550 Ἀδὰμ,
2533 479 2628 536 καὶ
2660 481 2758 550 τὴν
2785 479 2968 551 ψυχὴν
2999 477 3094 532 τοῦ
3117 477 3384 550 Χριστοῦ,
3413 473 3488 532 ὦν
3511 480 3736 550 ἀναιρε-

446 581 698 646 sublatis,
732 591 938 648 patrem
969 579 1151 649 lugere
1180 585 1412 631 mortem
1439 577 1676 641 illarum,
1713 589 1813 629 nec
1872 573 2033 627 ullam

442 673 873 730 consolationem
905 672 1212 726 admittere.

501 853 594 911 30.
613 853 731 922 ipse
747 850 1002 917 Joannes,
1020 850 1217 918 inquit,
1233 850 1464 905 habebat
1477 849 1856 904 vestimentum
1881 862 2038 902 suum

442 949 511 1004 de
531 946 654 1016 pilis
675 943 1031 1005 camelorum,
1055 955 1108 997 et
1164 957 1358 997 zonam
1398 941 1681 1012 pelliceam
1711 941 1854 994 circa
1891 939 2035 992 lum-

441 1042 546 1096 bos
567 1053 714 1094 suos.
743 1039 810 1090 Et
839 1037 994 1092 cibus
1020 1037 1136 1108 ejus
1165 1046 1320 1091 erant
1348 1036 1593 1098 locustae,
1633 1042 1688 1088 et
1715 1033 1818 1086 mel
1852 1031 2032 1101 sylve-

435 1142 579 1187 stre.
607 1131 736 1186 Haec
755 1138 881 1185 sunt
897 1128 1242 1198 evangelista:
1261 1127 1446 1182 verba.
1465 1125 1889 1181 Consideremus
1906 1121 2038 1193 quid

444 1225 623 1281 dehis
653 1224 814 1280 etiam
850 1222 1035 1277 dicant
1067 1222 1300 1286 attoniti,
1328 1230 1382 1275 et
1418 1220 1616 1284 insani,
1649 1233 1713 1274 ac
1748 1226 2039 1290 nugatores

442 1319 558 1374 isti.
583 1315 786 1372 Cameli
811 1315 947 1384 pilos
967 1313 1215 1370 Mosaicae
1234 1313 1367 1384 legis
1395 1312 1584 1368 dicunt
1600 1325 1721 1367 esse
1743 1317 2036 1380 praecepta.

444 1411 575 1475 Quae
627 1408 740 1476 ipsa
785 1419 1020 1475 quoque,
1057 1413 1114 1458 ut
1140 1403 1398 1467 camelus,
1427 1402 1637 1471 impura
1696 1402 1934 1463 sit,cum
1986 1408 2042 1454 et

425 1515 595 1554 csum
626 1496 895 1556 carnium,
923 1495 1156 1564 nuptias,
1179 1491 1652 1562 etjusjurandum,
1679 1500 1730 1546 et
1751 1489 2038 1553 sacriﬁcia,

444 1601 502 1644 et
529 1591 722 1651 caedes,
753 1599 806 1641 et
837 1587 937 1641 alia
958 1586 1123 1640 multa
1153 1585 1236 1640 his
1259 1583 1457 1640 similia
1485 1583 1714 1644 subditis
1737 1581 2037 1652 permittat.

448 1681 653 1765 Zonam
687 1696 811 1734 vero
834 1677 1114 1749 pelliceam
1144 1692 1359 1730 sacrum
1383 1674 1734 1744 Evangeliutn
1769 1675 2038 1742 interpre-

2145 574 2344 629 θεισῶν
2391 576 2544 643 παρά
2600 574 2693 629 τοῦ
2761 573 3030 645 ’11ρὼδου,
3083 571 3333 642 δηλονότι
3387 570 3482 624 τοῦ
3529 589 3733 640 κοσμο-

2145 667 2438 738 κράτορος,
2475 667 2688 719 κλαίειν
2722 665 3095 738 ἀπαράκλητα
3124 666 3219 718 τὸν
3260 662 3475 735 πατέρα
3501 663 3589 718 διὰ
3636 664 3730 716 τον

2143 759 2350 813 τούτων
2383 759 2697 830 ἀναίρεσιν.
3607 747 3613 756 ’

2221 853 2286 908 λ’.
2325 851 2498 916 Αὐτὸς
2527 851 2608 918 δὲ,
2637 852 2824 923 φησὶν,
2843 853 2869 904 δ
2898 850 3150 920 Ἰωάννης
3173 845 3286 920 εἶχε
3315 847 3375 900 τδ
3403 848 3609 919 ἔνδυμα
3635 847 3736 900 αῦ-

2140 944 2239 998 τοῦ
2266 945 2375 998 ἀπὸ
2394 943 2602 1016 τριχῶν
2621 944 2894 1014 καμήλου,
2923 943 3018 995 καὶ
3043 941 3221 1012 ζώνην
3243 940 3578 1012 δερματίνην
3600 956 3668 992 πε
3679 941 3735 1004 pi.

2140 1039 2240 1109 τὴν
2275 1037 2448 1105 ὀσφὺν
2479 1035 2670 1090 αὑτοῦ.
2705 1017 2772 1088 Ἦ
2800 1036 2856 1088 δὲ
2883 1033 3061 1106 τροφὴ
3083 1034 3248 1088 αὑτοῦ
3273 1029 3343 1106 ἦν
3382 1034 3606 1104 ἀκρίδες
3637 1032 3733 1084 καὶ

2142 1129 2265 1199 μέλι
2289 1129 2502 1199 ἀγριον.
2535 1125 2726 1180 Ταῦτα
2755 1126 2858 1196 μὲν
2883 1126 2952 1178 τὰ
2984 1123 3080 1178 τοῦ
3121 1121 3530 1192 Εὐαγγελιστοῦ
3562 1123 3729 1192 ῥητά·

2146 1221 2457 1290 σκοπητέον
2477 1219 2533 1272 δὲ
2557 1218 2655 1272 καὶ
2688 1218 2742 1270 τί
2768 1218 2990 1285 Λέγουσι
3023 1216 3151 1286 περὶ
3179 1216 3390 1270 τούτων
3406 1217 3454 1268 οί
3490 1213 3732 1284 ἐμϐρόν-

2141 1331 2320 1385 τητοι,
2371 1313 2467 1366 καὶ
2503 1311 2836 1383 μεμηνότες,
2879 1311 2976 1362 καὶ
3023 1309 3462 1382 παραπαίοντες.
3519 1307 3732 1384 Τργίχας

2146 1407 2249 1478 μὲν
2269 1404 2524 1476 καμήλου
2552 1404 2688 1475 φασὶ
2725 1403 2824 1466 τὰς
2850 1403 3070 1466 ἐντολὰς
3099 1402 3193 1456 τοῦ
3229 1400 3508 1473 μωσαῖκοῦ
3540 1400 3733 1470 νόμου.

2143 1499 2258 1554 Καὶ
2289 1497 2483 1552 τοῦτον
2517 1496 2627 1566 γὰρ
2692 1494 3006 1564 ἀκάθαρτον
3047 1488 3200 1546 ἐἶναι
3230 1494 3374 1547 κατὰ
3415 1493 3514 1564 τὴν
3544 1491 3736 1561 κάμη-

2143 1594 2255 1657 λον,
2304 1592 2378 1656 ὼς
2433 1591 2814 1662 κρεωφαγίαν,
2869 1589 2966 1641 καί
3014 1589 3214 1658 γάμον,
3265 1588 3361 1642 καὶ
3422 1589 3608 1656 ὅρκον,
3639 1585 3737 1638 καὶ

2144 1681 2360 1749 Θυσίας,
2416 1681 2514 1736 καλ⁵
2553 1681 2774 1750 φόνους,
2810 1681 2906 1733 καὶ
2941 1679 3118 1732 πολλὰ
3157 1678 3386 1732 τοιαῦτα
3436 1679 3548 1740 τοῖς
3594 1677 3739 1745 ὑπη-

444 1762 652 1835 tantur,
684 1770 827 1837 quod
865 1768 1048 1822 ovium
1113 1766 1342 1835 pellibus
1381 1766 1698 1834 inscriptum
1729 1774 1834 1821 est.
1893 1762 2033 1842 Rur-

2148 1777 2289 1839 κόοις
2319 1773 2728 1844 ἐντελλόμενον.
2809 1771 2998 1840 Ζώνην
3037 1770 3093 1823 δὲ
3128 1771 3350 1838 λέγουσι
3397 1769 3736 1840 δερματίνην

445 1878 672 1932 sumque
699 1857 946 1915 MoSaica:
981 1858 1114 1928 legis
1149 1858 1554 1912 adhortationes
1585 1862 1822 1911 locustas
1855 1859 2040 1926 appel-

445 1957 581 2019 lant,
617 1969 735 2023 quae
787 1951 1086 2021 diiudicare
1119 1957 1394 2017 nequeunt
1442 1962 1506 2002 ea
1534 1962 1655 2018 quae
1698 1959 1845 2002 recta
1893 1957 2040 2009 sunt,

446 2061 621 2116 neque
652 2046 703 2099 id
768 2042 1075 2114 perspicere
1110 2040 1258 2118 quod.
1300 2040 1494 2095 melius
1542 2049 1648 2096 est.
1708 2037 1807 2093 Mel
1859 2051 2040 2093 autem

447 2141 712 2211 sylvesue
737 2144 933 2191 vocant
965 2133 1336 2202 Evangelium,
1363 2132 1512 2202 quod
1545 2131 1648 2186 mel
1681 2133 1888 2186 videtur
1911 2133 2038 2205 illis,

445 2249 476 2284 a
513 2231 712 2299 quibus
744 2229 1040 2295 suscipitur
1066 2244 1079 2280 :
1109 2227 1281 2291 Quam
1307 2226 1487 2280 dulcia
1509 2226 1665 2287 enim,
1701 2226 1894 2294 inquit.
1922 2235 2044 2294 gut-

447 2327 553 2378 turi
581 2307 692 2378 meo
724 2320 931 2391 eloquia
966 2329 1080 2396 ιιια,
1104 2334 1259 2387 super
1288 2321 1386 2372 mel
1409 2317 1487 2371 ori
1528 2334 1641 2372 meo
1679 2317 1733 2385 ';
1783 2319 2044 2387 sylvestre

445 2428 626 2472 autem
658 2414 764 2470 illis
791 2412 880 2484 qui
919 2413 1091 2482 ipsum
1128 2426 1233 2466 non
1271 2411 1591 2481 suscipiant,
1641 2420 1860 2480 propter
1891 2425 2044 2464 acer-

445 2512 668 2565 bitatem
694 2516 940 2578 angustae
971 2513 1139 2576 portae
1161 2516 1215 2561 et
1246 2514 1411 2560 arcta:
1457 2504 1576 2566 viae,
1598 2506 1760 2574 quain
1781 2505 2041 2559 ostendit.

445 2606 847 2662 Prmcursorem
909 2601 1052 2655 enim
1108 2614 1233 2654 esse
1291 2599 1529 2652 medium
1583 2599 1724 2652 inter
1767 2599 2043 2668 antiquam

448 2701 620 2766 lt'gcm
650 2705 704 2750 et
735 2703 1023 2758 novam,et
1048 2693 1328 2760 utriusque
1355 2690 1521 2746 fuisse
1540 2690 1878 2759 participem,
1904 2689 2044 2743 illius

453 2790 674 2858 quidem
714 2787 891 2855 prius,
929 2784 1094 2854 hujus
1131 2791 1310 2854 autem
1343 2782 1633 2852 posterius.

522 2880 614 2935 5-1.
659 2878 768 2934 Nos
799 2879 984 2932 dicunt
1006 2891 1126 2932 esse
1148 2876 1452 2932 Pharisaees
1475 2887 1526 2931 et
1554 2874 1878 2931 Sadducazos
1899 2875 2043 2937 illos.

446 2979 536 3042 qui
569 2972 635 3026 ad
692 2970 918 3025 Joannis
968 2971 1294 3038 baptismum
1345 2969 1698 3024 accedebant.
1772 2965 1817 3022 Ο
1870 2969 2047 3036 impu-

446 3066 629 3121 dentia
661 3065 672 3117 l
705 3062 908 3118 Deinde
937 3077 1059 3115 cum
1091 3060 1386 3130 ignominia
1423 3075 1521 3114 nos
1549 3070 1742 3115 vocant
1770 3060 2042 3130 genintina

2144 1870 2206 1923 τὸ
2237 1868 2384 1938 ἱερὸν
2436 1866 2796 1935 Εὑαγγέλιον,
2848 1864 2926 1928 ὡς
2971 1864 3206 1935 δέρμασι
3242 1863 3535 1935 προϐάτων
3569 1863 3735 1930 ἐγγε-

2144 1959 2492 2032 γραμμένονο
2529 1953 2624 2012 καὶ
2652 1952 2812 2018 αὖθις
2843 1956 3072 2028 ἀκρίδας
3106 1953 3208 2024 μὲν
3249 1954 3347 2016 τὰς
3376 1951 3468 2005 τοῦ
3519 1955 3736 2022 μωσαῖ-

2145 2052 2241 2106 κοῦ
2269 2052 2438 2119 νόμου
2469 2048 2872 2121 παραγγελίας,
2897 2046 2970 2109 ὡς
2996 2046 3071 2116 μὴ
3097 2041 3390 2116 κρινούσας
3422 2043 3578 2115 ὀροὰ,
3600 2043 3736 2112 μηδὲ

2142 2144 2523 2216 διακρινοὺσας
2556 2143 2615 2194 τὸ
2657 2141 2904 2212 βέλτιον·
2943 2139 3066 2202 μέλι
3113 2137 3168 2191 δὲ
3214 2137 3405 2205 ἄγριον
3457 2138 3521 2189 τὸ
3591 2135 3738 2189 Θεϊον

2147 2237 2509 2307 Εὑαγγέλιον,
2541 2235 2666 2303 μέλι
2703 2235 2800 2304 μὲν
2832 2231 3164 2302 φαινόμενον
3194 2231 3308 2292 τοῖς
3355 2229 3740 2300 παραδεχομέ-

2143 2346 2255 2393 νοις
2279 2327 2433 2382 αὑτό·
2473 2327 2570 2391 Ὠς
2604 2321 2831 2394 γλυκέα
2867 2325 3000 2392 γὰρ,
3041 2321 3195 2391 φησὶ,
3225 2319 3305 2386 τῷ
3336 2319 3597 2389 λάρυγγί
3615 2337 3736 2388 μου

2143 2422 2216 2476 τὰ
2237 2419 2413 2490 λόγιὰ
2441 2433 2560 2472 σου
2593 2433 2605 2448 ·
2647 2417 2844 2486 ἄγριον
2903 2417 2958 2468 δὲ
2979 2417 3091 2476 τοῖς
3141 2413 3216 2484 μὴ
3269 2413 3738 2482 παραδεχομένοις

2144 2515 2233 2568 διά
2275 2513 2373 2584 τὴν
2408 2511 2639 2586 πικρίαν
2684 2510 2786 2581 τῆς
2831 2508 2955 2563 κατ’
3003 2507 3136 2561 αὐτὸ
3185 2504 3608 2577 στενῆς-πύλης
3639 2505 3738 2557 καὶ
3810 2506 3817 2511 ”

2161 2606 2532 2677 τεθλιμμένης
2563 2601 2709 2658 ὁδοῦ.
2737 2601 2842 2655 Τὸν
2871 2599 3189 2672 Πρόδρομον
3219 2598 3328 2682 γὰρ
3388 2597 3556 2668 μέσον
3591 2596 3740 2665 γενέ-

2149 2701 2276 2755 σθαι
2313 2698 2412 2752 καὶ
2443 2697 2540 2750 τοῦ
2573 2693 2809 2750 παλαιοῦ
2843 2693 3039 2763 νόμου,
3079 2693 3176 2746 καὶ
3220 2690 3314 2744 τοῦ
3345 2690 3494 2753 νέου,
3517 2690 3614 2744 καὶ
3646 2707 3738 2759 με·

2147 2794 2370 2862 τασχεῖν
2383 2789 2736 2861 ἀμφοτέρων,
2753 2786 2848 2840 τοῦ
2871 2787 2970 2857 μὲν
2986 2785 3274 2857 πρότερον,
3292 2782 3386 2838 τοῦ
3409 2784 3463 2837 δὲ
3486 2782 3611 2836 ὓστε
3622 2800 3736 2852 ρον.

2215 2881 2323 2935 λα’.
2355 2880 2686 2950 Φαρισαίους
2718 2875 2814 2931 καὶ
2833 2874 3228 2936 Σαδδουκαίους
3271 2873 3603 2943 ἐρχομένους
3636 2871 3736 2922 ἐπὶ

2141 2975 2212 3044 ¹τὸ
2258 2971 2560 3044 βάπτισμα
2605 2969 2858 3024 Ἰωάννου
2904 2965 3380 3038 προσαγορεύουσι
3432 2966 3560 3028 τοὺς
3611 2961 3736 3015 καθ’

2149 3067 2300 3136 ἡμᾶς
2329 3061 2579 3124 πιστούς.
2636 3059 2702 3111 Ὢ
2719 3059 2820 3124 τῆς
2846 3057 3234 3126 ἀναισχυντίας
3261 3055 3274 3107 ί
3316 3051 3449 3107 Εἶτα
3475 3051 3740 3122 καθυϐρί-

452 3157 788 3226 viperarum,
815 3154 932 3209 sive
973 3154 1237 3221 serpentis
1262 3151 1490 3214 semina,
1518 3151 1629 3218 qui,
1657 3159 1714 3205 ut
1747 3151 1845 3220 ipsi
1873 3151 2041 3215 aiunt,

2150 3157 2336 3221 ζον-τες
2371 3152 2736 3224 ὀνομάζουσιν
2767 3152 2916 3222 ἡμᾶς
2935 3147 3256 3220 γεννῆματα
3289 3147 3532 3218 ἐχιδνῶν,
3567 3147 3738 3217 ἤγουν

437 3264 573 3303 eum
602 3247 708 3300 Eva
733 3243 1041 3298 concubuit.
1065 3240 1134 3295 Et
1157 3241 1398 3309 monent,
1418 3251 1476 3295 ut
1497 3259 1600 3297 non
1619 3259 1760 3313 πετο
1782 3245 2037 3308 feramus,

447 3341 591 3410 quod
623 3355 651 3391 a
681 3335 923 3404 Baptista
953 3333 1316 3389 Joanne‘vere
1337 3336 1601 3391 nominati
1638 3351 1846 3392 sumus.

524 3604 614 3659 52.
641 3601 842 3658 Christi
871 3602 1239 3658 calceamenta
1273 3602 1457 3657 dicunt
1485 3617 1603 3658 esse
1627 3603 1907 3669 miracula,
1926 3607 2044 3674 qua:

448 3693 727 3764 discipulis
783 3700 837 3749 et
901 3691 1074 3748 turbis
1143 3692 1555 3747 demonstravit.
1623 3692 1754 3759 Quae
1827 3695 2043 3763 quidem

445 3788 815 3841 calceamenta
846 3782 1082 3840 Joannes
1115 3796 1328 3853 gesmre
1383 3799 1486 3839 non
1552 3793 1782 3853 poterat,
1845 3787 2045 3856 quippe

446 3880 543 3950 qui
569 3878 714 3932 nullo
773 3876 936 3932 modo
966 3877 1181 3932 valebat
1213 3891 1276 3932 ea
1325 3876 1588 3931 miracula
1650 3875 2040 3934 demonstrare.

449 3977 519 4026 At
555 3972 913 4026 vcntilabrum
941 3969 1142 4026 Christi
1175 3978 1367 4023 vocant
1399 3967 1674 4039 Evangelii
1711 3983 2044 4037 sermonem,

452 4077 503 4117 ιιι
536 4066 625 4133 qui
650 4080 715 4118 ex
747 4063 890 4118 illius
937 4077 1030 4117 ore
1060 4061 1352 4131 profectus.
1392 4061 1584 4117 Areant
1619 4065 1862 4121 homines
1892 4065 2050 4120 Chri-

450 4161 682 4223 stianos,
735 4159 922 4227 inqua
968 4157 1100 4211 varii
1151 4157 1459 4227 diversique
1490 4168 1647 4224 sunt,
1711 4169 1822 4213 ttttn
1881 4171 2044 4227 recte,

451 4263 567 4305 tum
603 4261 794 4305 contra
829 4249 1152 4305 sentientes.
1205 4245 1472 4304 Triticum
1512 4262 1690 4303 autem
1724 4266 1876 4305 suam
1902 4253 2048 4319 ipso-

453 4359 578 4396 rum
629 4341 811 4404 tidem,
878 4347 1066 4408 utpote
1108 4354 1298 4407 puram
1357 4347 1410 4392 et
1461 4339 1783 4408 salutarem;
1838 4342 2049 4412 paleam

452 4449 584 4488 vero
619 4433 780 4488 ﬁdem
835 4442 1076 4485 nostram
1137 4440 1388 4499 tanquam
1444 4430 1686 4486 inutilem
1736 4444 1896 4504 atque
1927 4435 2049 4506 igne

453 4527 669 4594 dignam
705 4524 999 4595 appellant.
1025 4523 1280 4589 Quasnam
1307 4523 1451 4576 auris
1477 4523 1560 4590 pia
1596 4526 1764 4593 possit
1819 4526 2047 4581 istorum

452 4618 864 4672 ittaledictorum
916 4614 1248 4683 impietatem
1326 4613 1609 4684 perferre?
1663 4613 2052 4673 Stomachatur

455 4712 635 4764 anima
693 4725 809 4762 mea
857 4708 922 4761 ad
975 4707 1204 4762 istorum
1270 4707 1521 4779 ineptias,
1580 4717 1632 4760 et
1701 4724 1891 4765 sensus
1943 4714 2048 4767 mei

455 4802 863 4869 perturbantur,
919 4811 975 4852 ut
1009 4801 1086 4853 ait
1121 4799 1443 4868 propheta‘,
1500 4811 1554 4854 et
1592 4803 1749 4856 velim
1809 4807 2048 4860 sermoni

458 4891 675 4944 modum
705 4891 1005 4958 impenere,
1067 4905 1172 4943 nec
1240 4889 1448 4958 longius
1502 4892 1772 4961 progredi,
1838 4908 1937 4947 nec
1987 4893 2040 4948 in

455 4983 632 5037 lucem
671 4982 940 5047 proferre,
987 4994 1040 5036 et
1089 4985 1366 5036 memoria:
1405 4987 1788 5040 commendare
1833 4999 1894 5040 ea
1924 5001 2043 5056 quae

455 5075 694 5132 tenebris
725 5083 776 5129 et
815 5074 1084 5129 oblivione
1135 5086 1260 5129 sunt
1293 5075 1472 5144 digna.

523 5357 611 5411 55.
652 5354 890 5410 Montem
921 5351 1084 5406 altum
1122 5350 1310 5406 dicunt
1336 5368 1456 5409 esse
1492 5357 1784 5412 secundum
1820 5359 2035 5428 caelum,

455 5465 563 5518 quo
588 5449 839 5504 Christus
875 5461 904 5501 a
933 5445 1151 5502 diabolo
1179 5446 1421 5503 sublatus
1446 5448 1643 5505 viderit
1668 5452 1846 5506 otnnia
1874 5471 2034 5525 regna

423 5543 664 5617 _mundi.
732 5541 1059 5611 Adduntqtte
1119 5541 1386 5598 diabolum
1453 5543 1503 5596 in
1568 5543 1696 5599 illud
1743 5550 2035 5604 secundum

454 5633 649 5689 uelum
711 5651 815 5692 non
875 5633 1042 5690 fuisse
1105 5651 1552 5704 conscensurutn,
1610 5638 1710 5694 nisi
1764 5643 2038 5713 preprium

533 5813 549 5842 ¹
579 5811 720 5869 i‘sal.
753 5829 942 5882 cum,
980 5815 1102 5872 105.
1180 5816 1200 5846 ¹
1235 5816 1437 5872 Jercm.
1471 5830 1543 5886 tv,
1573 5816 1662 5872 i9.

2145 3249 2439 3320 σπέρματα
2467 3245 2562 3300 τοῦ
2593 3246 2772 3314 ὄφεως
2800 3243 2892 3296 τοῦ
2919 3240 3474 3310 συγκατακλιθέντος,
3497 3240 3573 3302 ὡς
3599 3256 3739 3309 προ·

2141 3341 2467 3410 δεδήλωται,
2494 3341 2560 3409 τῇ
2598 3336 2736 3406 Εὕα,
2759 3336 2853 3389 καὶ
2885 3331 3218 3401 παραινοῦσι
3253 3331 3328 3403 μὴ
3355 3331 3736 3400 δυσχεραίνειν

2143 3434 2221 3496 ὡς
2267 3433 2372 3508 ὑπὸ
2425 3430 2518 3484 τοῦ
2577 3426 2887 3482 Βαπτιστοῦ
2962 3424 3209 3479 Ἰωάννου
3281 3423 3532 3494 ἀψευδῶς
3576 3425 3738 3478 τοῦτο

2144 3523 2716 3596 προσαγορευθέντας.

2215 3617 2314 3689 λβ’.
2362 3617 2714 3686 ’Υποδήματα
2744 3614 2844 3683 μὲν
2862 3611 2954 3666 τοῦ
2995 3611 3233 3682 Χριστοῦ
3260 3611 3480 3680 λέγουσι
3501 3611 3570 3665 τὰ
3600 3611 3735 3664 ὑπο-

2147 3709 2419 3777 δείγματα
2448 3705 2554 3757 τῶν
2595 3705 2862 3775 σημείων,
2885 3704 3025 3775 ἆπερ
3049 3703 3297 3768 ὑπέδειξε
3320 3707 3434 3767 τοῖς
3462 3706 3737 3774 μαθηταῖς

2147 3801 2243 3853 καὶ
2279 3800 2392 3862 τοῖς
2433 3797 2635 3867 ὄχλοις,
2669 3797 2817 3866 ἀμὴ
2857 3795 3120 3850 δύνασθαι
3151 3795 3421 3866 βαστάσαι
3455 3797 3546 3851 τδν
3617 3797 3737 3849 Ἰω-

2148 3891 2313 3960 άννην
2342 3890 2416 3953 ὡς
2444 3887 2811 3943 ἀδυνατοῦντα
2837 3889 3058 3950 πάντως
3083 3888 3362 3952 ὑποδεῖξαι
3383 3888 3612 3946 τοιαῦτα
3635 3889 3734 3944 καὶ

2151 3981 2346 4035 αὐτόν’
2383 3980 2552 4034 πτύον
2579 3981 2634 4032 δὲ
2683 3978 2776 4032 τοῦ
2827 3980 3067 4051 Χριστοῦ
3099 3980 3189 4032 τὸν
3230 3981 3595 4049 εὐαγγελικδν
3645 3982 3734 4033 λό-

2154 4091 2273 4144 γον,
2317 4073 2393 4137 ὠς
2445 4073 2874 4126 ἀποπτυσοὲντα
2927 4074 3014 4127 διὰ
3062 4076 3155 4126 τοῦ
3215 4073 3484 4142 στόματος
3538 4075 3730 4137 αὑτοῦ,

2155 4166 2251 4220 καὶ
2291 4164 2476 4218 ἀλωνα
2532 4165 2632 4233 μὲν
2678 4165 2806 4227 τοὺς
2855 4165 3220 4235 Χριστιανοὺς
3268 4166 3344 4230 ὼς
3393 4166 3588 4229 ἄλλους
3636 4169 3734 4220 καὶ

2155 4257 2349 4318 ἄλλους
2368 4255 2523 4318 ’τοὺς
2555 4255 2652 4324 μὲν
2682 4256 2792 4327 γὰρ
2822 4257 3139 4326 ὀρθοδόξους
3165 4252 3327 4319 εἷναι,
3353 4258 3480 4323 τοὺς
3504 4258 3558 4310 δδ
3579 4260 3736 4312 τοῦνο

2159 4349 2348 4403 αντίον
2416 4347 2784 4420 ἐτεροδόξους·
2832 4353 2976 4403 σῖτον
3023 4351 3082 4404 δὲ
3133 4349 3234 4421 τὴν
3288 4352 3500 4404 ἑαυτῶν
3530 4353 3733 4416 πίστιν,

2161 4444 2236 4507 ὼς
2271 4443 2521 4512 καθαράν
2550 4459 2608 4494 τε
2637 4441 2732 4495 καὶ
2773 4442 3060 4512 τρόφιμον·
3105 4443 3304 4514 ἄχυρον
3358 4443 3416 4495 δὲ
3455 4443 3555 4514 τὴν
3613 4443 3736 4495 καθ’

2160 4539 2326 4607 ἡμᾶς,
2356 4535 2432 4598 ὡς
2465 4534 2743 4605 ἄχρηστον
2775 4535 2870 4587 καὶ
2920 4535 3090 4606 πυρὸς
3120 4535 3298 4600 ἀξίαν.
3339 4535 3434 4598 Τίς
3470 4533 3536 4589 ἂν
3575 4535 3738 4587 εὗσε-

2155 4629 2255 4696 6ὴς
2306 4625 2446 4696 ἀκοὴ
2486 4625 2747 4677 τοιούτων
2815 4625 3110 4695 ἀνάσχοιτο
3142 4623 3545 4696 βλασφημιῶν;
3590 4626 3740 4679 Οῐδεῖ

2159 4717 2297 4788 πρὸς
2331 4717 2431 4780 τὰς
2476 4715 2705 4778 ἀτοπίας
2737 4715 2942 4780 ταύτας
2979 4718 3011 4788 ἡ
3044 4716 3152 4788 ἐμὴ
3180 4715 3354 4787 ψυχὴ,
3389 4717 3483 4770 καὶ
3512 4716 3580 4769 τά
3642 4719 3734 4768 αἰ-

2154 4808 2434 4878 σθητήρια
2471 4823 2572 4875 μου
2609 4807 2938 4876 μαιμάσσει,
2989 4810 3130 4860 κατά
3174 4809 3266 4860 τὸν
3297 4809 3607 4878 προςήτην,
3641 4808 3738 4863 καὶ

2154 4901 2421 4970 βούλομαι
2458 4901 2549 4952 τὸν
2583 4902 2741 4968 λόγον
2773 4899 3028 4969 ἐκκόψαι,
3078 4901 3171 4952 καὶ
3223 4899 3301 4970 μὴ
3337 4900 3608 4972 προϐῆναι
3643 4915 3736 4952 πε-

2147 4991 2414 5062 ραιτέρω,
2454 4991 2589 5062 μηδὲ
2621 4992 2766 5059 φωτὶ⁵
2801 4992 2896 5044 καὶ
2952 4993 3143 5064 μνήμῃ
3175 4991 3360 5046 δοῦναι
3404 4993 3476 5046 τὰ
3504 4991 3732 5054 σκότους

2139 5083 2236 5138 καὶ
2293 5083 2468 5154 λήθης
2516 5077 2664 5148 ἀξια.
2731 5083 3144 5154 Παραὸιαστέον
3187 5084 3242 5136 δὲ
3280 5085 3473 5156 μικρὸν
3509 5085 3610 5154 ἔτι,
3639 5086 3734 5138 καὶ

2162 5176 2528 5247 καρτερητέον
2565 5176 2690 5247 ἄχρι
2721 5175 2865 5238 τινὸς
2901 5177 2999 5246 τὴν
3029 5176 3414 5246 γλωσσαλγίαν
3443 5177 3551 5230 τῶν
3594 5178 3736 5230 ἀπε⁴

2154 5271 2496 5345 ραντολόγων
2527 5272 2759 5340 τούτων,
2788 5272 2880 5323 καὶ
2915 5273 3271 5343 παραφόρων,
3303 5275 3397 5324 καὶ
3444 5269 3737 5340 βδελυρῶν.

2219 5364 2320 5434 λγ’.
2372 5368 2537 5438 Ὄρος
2573 5367 2772 5437 ὑψηλὸν
2797 5367 3019 5436 λέγουσι
3065 5365 3156 5419 τὸν
3180 5365 3433 5436 δεύτερον
3483 5364 3744 5434 οὐρανὸν,

2150 5459 2248 5512 καὶ
2282 5461 2361 5522 είς
2381 5457 2408 5511 δ
2435 5461 2525 5513 τὸν
2558 5459 2794 5531 Χριστὸν
2824 5459 3422 5531 ἀναϐιϐασθῆναιπαρά
3439 5459 3533 5513 τοῦ
3551 5459 3739 5511 διαδό-

2147 5552 2266 5614 λου,
2301 5551 2395 5604 καὶ
2433 5552 2562 5604 ίδεῐν
2591 5552 2771 5615 πάσας
2803 5553 2900 5615 τὰς
2932 5551 3209 5623 βασιλείας
3241 5553 3337 5605 τοῦ
3371 5554 3610 5621 κόσμου’
3638 5551 3737 5604 καί

2147 5663 2337 5715 φασιν,
2360 5646 2442 5700 ὅτι
2473 5647 2573 5700 οὐκ
2607 5644 2672 5700 ἂν
2717 5647 2743 5699 ὁ
2770 5647 3017 5709 δ.άὸολος
3075 5645 3309 5716 ἀνῆλθεν
3355 5650 3434 5709 εἰς
3461 5645 3642 5713 αὐτὸν,
3686 5647 3735 5698 εί
