4132 6454
412 459 556 530 1325

1333 463 1714 525 PANOPLIA
1752 464 2216 527 DOGMATICA.
2248 494 2318 506 -
2352 470 2503 535 ΤΙΤ.
2546 471 2794 533 XXVII.

3543 474 3685 557 132‘s

412 579 487 647 μὴ
514 577 725 647 ποίημα
760 577 950 632 τοῦτον
992 579 1122 633 ἴδιον
1171 580 1490 649 ἐγίνωσκεν.
1525 579 1649 634 Οὐδ’
1694 582 1759 634 ἂν
1810 580 1985 652 ἑαυτῷ

2097 583 2273 652 ipsum
2296 599 2419 643 esse
2445 600 2581 657 opus
2602 589 2931 657 agnovisset.
2974 587 3157 659 Neque
3178 589 3379 655 omnia,
3402 589 3680 659 inquiunt,

409 670 812 739 παραδεδρσθαι
842 670 1023 737 πάσας
1053 672 1150 737 τὰς
1178 671 1461 743 βασιλείας
1502 667 1678 739 εἶπεν,
1718 673 1766 725 εἰ
1791 673 1866 745 μὴ
1894 672 1989 727 καὶ

410 765 511 831 τὴν
540 763 749 817 τούτων
787 765 1151 835 συνεχωρήθη
1188 765 1535 836 κυριαρχίαν,
1564 765 1638 827 ῶς
1665 765 1793 835 παρ’
1822 762 1987 819 αὐτοῦ

405 856 813 924 γεγενημένων,
848 856 1030 920 καθὼς
1056 858 1490 929 προδεδήλωται.

474 948 567 998 λδν.
589 949 699 1001 Καὶ
738 950 1106 1017 καταλιπὼν,
1134 952 1318 1019 φησὶν,
1341 954 1372 1005 ό
1411 952 1640 1019 Ἰησοῦς
1664 950 1778 1019 τὴν
1798 950 1988 1011 Ναζα-

398 1039 523 1105 ρὲτ,
558 1039 747 1095 ἐλθὼν
772 1041 1127 1108 κατῴκησεν
1153 1045 1239 1109 εις
1275 1043 1691 1111 Καπερναούμ.
1729 1042 1987 1113 Ναζαρὲτ

407 1133 508 1198 μὲν
549 1133 697 1202 ἡμᾶς
726 1135 1224 1204 προσαγορεύουσι,
1247 1136 1623 1206 Καπερναοὺμ
1655 1134 1712 1188 δὲ
1736 1133 1985 1199 ἑαυτούς.

404 1223 516 1276 Καὶ
537 1224 633 1278 νῦν
664 1229 943 1281 κατοικεῖν
972 1229 1071 1298 μὲν
1106 1230 1237 1301 παρ’
1269 1230 1450 1292 αὐτοῖς
1483 1229 1704 1298 λέγουσι
1736 1226 1828 1281 τὸν
1857 1228 1991 1298 Χρι-

402 1318 528 1369 στὸν
561 1319 936 1376 καταλιπόντα
970 1323 1070 1391 τὴν
1096 1323 1372 1393 ἡμετέραν
1407 1323 1756 1393 συναγωγήν.

471 1410 565 1464 λε’.
596 1411 734 1474 Τοὺς
792 1415 1186 1482 μακαρισμοὺς
1250 1415 1460 1476 πάντας
1496 1415 1627 1484 περὶ
1655 1414 1835 1487 μόνων
1883 1414 1992 1468 τῶν

397 1504 520 1555 κατ’
551 1503 751 1566 αὐτοὺς
780 1505 1012 1577 πιστῶν,
1047 1506 1167 1575 ἤτοι.
1193 1505 1301 1559 τῶν
1343 1507 1661 1576 Βογομίλων
1690 1508 1867 1559 εἰπεῖν
1897 1505 1989 1559 τὸν

396 1596 636 1663 Χριστὸν
700 1596 1169 1653 δια6ε6α;οῦνται.
1249 1600 1543 1664 Τοιούτους
1598 1601 1706 1673 γὰρ
1780 1600 1985 1664 αὐτοὺς

394 1683 536 1741 εἶναι
578 1688 832 1757 πτωχοὺς
867 1690 947 1759 τῷ
984 1689 1280 1760 πνεύματι,
1336 1692 1430 1746 καὶ
1486 1691 1842 1759 πενθοῦντας,
1892 1692 1987 1747 καὶ.

396 1781 730 1846 πεινῶντας,
768 1784 863 1836 καὶ
894 1783 1172 1853 διψῶντας
1232 1785 1329 1855 τὴν
1380 1786 1756 1858 δικαιοσύνην,
1784 1787 1880 1841 καὶ
1919 1787 1987 1840 τὰ

2091 675 2165 730 illi
2196 689 2365 748 regna
2415 677 2643 734 dixisset
2678 694 2800 735 esse
2849 679 3131 749 daturum,
3194 681 3295 736 nisi
3357 682 3682 739 obtinuisset

2090 783 2277 823 eorum
2323 771 2684 837 dominatum,
2742 781 2798 827 ut
2835 788 2954 844 qua:
3011 788 3039 826 a
3071 788 3131 828 se
3186 783 3369 830 essent
3420 773 3581 842 facta,
3625 787 3683 829 nt

2092 858 2430 914 declaratum
2462 871 2564 915 est.

2162 952 2255 1009 3L
2282 949 2352 1005 Et
2376 954 2582 1021 relicto,
2610 956 2804 1024 inquit,
2826 956 3117 1024 Nazareth,
3137 958 3401 1028 profectus
3423 958 3681 1037 habitavit

2091 1043 2145 1097 in
2180 1040 2518 1113 Capernaum
2566 1048 2605 1101 ί.
2637 1045 2747 1104 Nos
2779 1050 2965 1106 dicunt
2990 1065 3109 1106 esse
3142 1048 3430 1117 Nazaretli,
3454 1065 3512 1106 se
3554 1066 3681 1106 vero

2091 1130 2456 1202 Capernaum.
2515 1134 2580 1189 Et
2608 1152 2751 1193 nunc
2810 1140 2963 1210 apud.
2990 1156 3049 1197 se
3093 1140 3367 1196 Christum
3432 1142 3681 1213 habitare

2090 1228 2277 1285 relicta
2311 1231 2551 1288 Ecclesia
2583 1244 2784 1289 nostra.

2162 1411 2251 1466 55.
2295 1412 2665 1469 Beatitudines
2712 1430 2901 1470 omnes
2953 1417 3017 1470 de
3052 1415 3344 1485 Bogouilis
3398 1414 3676 1468 Christum

2094 1504 2296 1559 dixisse
2323 1506 2678 1562 contendunt.
2706 1508 2777 1563 Se
2806 1509 2949 1563 enim
2971 1524 3092 1564 esse
3108 1525 3371 1578 pauperes
3387 1510 3605 1579 Spiritu,
3624 1516 3679 1561 et

2091 1596 2298 1668 lugere,
2334 1607 2387 1652 et
2417 1602 2649 1663 esurire,
2716 1610 2877 1669 atque
2934 1602 3086 1657 sitire
3117 1602 3408 1673 justitiam,
3445 1613 3499 1655 et
3556 1616 3676 1669 qua:

2089 1703 2409 1761 sequuntur.
2447 1689 2518 1747 Se
2578 1696 2758 1750 vocari
2812 1694 2891 1749 sal
2927 1705 3102 1759 terrae,
3142 1705 3196 1750 et
3256 1696 3437 1750 mundi
3457 1696 3672 1758 lucem,

2088 1795 2141 1841 et
2168 1786 2431 1856 quidquid
2462 1786 2529 1841 de
2563 1787 2822 1857 apostolis
2855 1786 3105 1844 Christus
3128 1788 3284 1843 dixit.

392 1870 544 1939 ἑξῆς.
581 1871 822 1934 Τούτους
888 1871 946 1925 δὲ
997 1873 1270 1944 κληθῆναι
1326 1876 1421 1928 καὶ
1468 1876 1604 1940 ἃλας
1635 1880 1733 1945 τῆς
1782 1878 1905 1947 γῆς,
1936 1876 2029 1929 κοιλ⁹
2068 1876 2183 1943 φῶς
2219 1874 2313 1928 τοῦ
2358 1876 2589 1944 κόσμου,
2645 1876 2741 1929 καὶ
2787 1877 2887 1929 ὅσα
2953 1878 3084 1949 περὶ
3133 1878 3243 1931 τῶν
3284 1879 3603 1934 ἀποστόλων
3648 1878 3677 1931 ὁ

392 1966 603 2034 Κύριος
632 1966 881 2035 εἴρηκεν.

458 2057 568 2123 λς’.
600 2059 786 2127 Ἰὧτα,
823 2064 1013 2133 φησιν,
1043 2064 1113 2117 ἓν
1138 2064 1175 2133 ἣ
1199 2067 1309 2135 μία
1327 2068 1536 2135 xepala
1556 2069 1628 2121 οὺ
1651 2067 1737 2137 μὴ
1760 2068 1983 2135 παρέλ-
2015 2072 2057 2130 Β

392 2156 465 2222 θη
486 2154 605 2209 ἀπὸ
637 2155 744 2209 τοῦ
782 2157 990 2226 νόμου,
1021 2158 1134 2225 ἕως
1166 2161 1244 2214 ἂν
1275 2160 1474 2215 πάντα
1516 2162 1781 2232 γένηται.
1820 2161 1973 2215 Ίῶτα

395 2247 493 2315 μὲν
547 2247 646 2316 τὴν
708 2249 1015 2317 Δεκάλογον
1061 2251 1156 2305 τοῦ
1206 2253 1372 2324 νόμου
1426 2253 1702 2319 νοοῦντες,
1744 2254 1973 2326 κεραίαν

394 2335 446 2386 δὲ
479 2335 639 2388 πάλιν
658 2336 758 2406 τὴν
780 2338 971 2409 αὑτήν.
1009 2340 1119 2415 Τὴν
1138 2340 1245 2413 γὰρ
1280 2344 1531 2414 κεραίαν,
1550 2346 1708 2409 εἴτις
1741 2343 1973 2416 ὀρθώσει

395 2427 640 2493 πλαγίως
677 2433 976 2500 κειμένην,
1013 2432 1147 2486 ἰῶτα
1176 2434 1420 2505 ποιήσει.
1456 2431 1590 2489 Εἶτα
1638 2437 1977 2508 ἑρμηνεύου-

393 2534 497 2583 σιν,
531 2521 613 2571 ὅτι
638 2522 698 2574 οὗ
734 2522 811 2591 μὴ
840 2523 1089 2596 παρέλθῃ
1116 2528 1148 2594 ἡ
1170 2527 1475 2596 Δεκάλογος
1502 2530 1595 2583 τοῦ
1624 2531 1811 2600 νόμου,
1839 2531 1976 2585 ἀλλά

398 2614 554 2681 μενεί
611 2615 1002 2687 φυλαττομένη
1062 2618 1215 2689 πσρά
1268 2622 1383 2684 τοῖς
1423 2621 1729 2692 Ἑϐραίοις,
1771 2624 1875 2688 ἕως
1910 2624 1976 2679 ἂν

396 2704 644 2777 παρέλθῃ
666 2707 693 2759 ὁ
725 2709 955 2779 οὐρανὸς
984 2712 1077 2764 καὶ
1102 2713 1135 2782 ἠ
1162 2712 1253 2781 γῆ.
1280 2715 1401 2768 Οὐκ
1427 2710 1616 2785 ἦλθον
1648 2718 1779 2787 γὰρ,
1812 2719 1972 2786 φησι,

394 2800 737 2855 καταλῦσαι
773 2802 887 2856 τὸν
918 2808 1107 2873 νεῖμον
1166 2807 1449 2874 Μωσέως,
1484 2809 1643 2863 ἀλλὰ
1664 2811 1979 2878 πληρῶσαι

395 2892 485 2944 τὸν
520 2893 751 2961 οὐρανὸν
774 2895 1089 2950 κενωθέντα
1128 2898 1297 2953 πάλαι
1331 2901 1440 2954 τῶν
1494 2902 1848 2956 ἐνοικούντων
1875 2902 1979 2970 ἀγα

396 2982 591 3049 γέλων,
645 2984 738 3038 καὶ
776 2986 1173 3058 ἀναπληρῶσαι
1219 2992 1289 3043 τὰ
1340 2992 1597 3062 τάγματα
1628 2993 1737 3046 τῶν
1771 2995 1979 3051 ἀποπέ-

398 3077 692 3129 πτωκυιῶν
714 3078 1020 3148 δυνάμεων.

467 3164 564 3231 λζ’.
609 3167 750 3221 Ἐὰν
794 3168 880 3239 μὴ
927 3175 1329 3243 περισσεύσῃ,
1356 3177 1978 3249 φησὶν,ἡδικαιου’ύνη

397 3257 568 3328 ὑμῶν
596 3261 811 3314 πλεῖον
826 3260 946 3317 τῶν
968 3270 1360 3336 γραμματέων
1393 3270 1491 3324 καὶ
1524 3272 1881 3341 Φαρισαίων,
1908 3275 1981 3328 οὐ

395 3350 477 3419 μὴ
523 3351 831 3407 είσέλθετε
876 3358 959 3423 εἰς
1018 3358 1132 3426 τὴν
1163 3361 1494 3423 ,βασιλείαν
1532 3364 1651 3417 τῶν
1683 3364 1980 3434 οὐρανῶν.

2162 2059 2417 2127 36.101a,
2457 2063 2649 2132 inquit,
2680 2077 2867 2129 unum,
2894 2071 2985 2116 aut
3012 2079 3145 2117 unus
3179 2081 3311 2133 apex
3336 2084 3438 2119 non
3461 2080 3677 2133 prseter-

2086 2155 2181 2208 ibit
2212 2170 2241 2206 a
2278 2154 2406 2223 lege,
2435 2154 2598 2207 donec
2631 2155 2806 2208 omnia
2833 2154 2965 2221 ﬁant
2985 2156 3024 2209 ³.
3054 2154 3165 2211 lota
3196 2157 3331 2225 legis
3358 2158 3445 2211 Dei
3465 2160 3675 2230 alogum

2083 2246 2440 2310 arbitrantur,
2469 2246 2678 2314 apicem
2727 2260 2915 2301 rursus
2945 2246 3191 2301 eamdem
3226 2248 3418 2320 legem.
3454 2250 3507 2305 Si
3556 2252 3679 2321 quis

2084 2336 2227 2392 enim
2264 2334 2471 2403 apicem
2505 2351 2568 2389 ex
2604 2344 2915 2390 transverso
2943 2336 3216 2406 jacentem
3249 2342 3510 2408 erexerit,
3566 2344 3673 2397 iota

2085 2431 2397 2482 constituet.
2459 2426 2637 2495 Atque
2704 2426 2774 2479 ita
2845 2435 3121 2494 exponunt
3181 2429 3506 2500 Decalogum
3566 2448 3674 2487 non

2089 2521 2464 2595 transiturum,
2501 2519 2593 2574 sed
2654 2532 3064 2589 permansurum
3117 2522 3467 2578 observatum
3533 2529 3674 2595 apud

2090 2594 2369 2675 Hebraeos,
2422 2612 2596 2669 donec
2656 2622 2893 2669 transeat
2963 2617 3159 2669 coelum
3222 2625 3276 2669 et
3324 2626 3489 2671 terra.
3551 2594 3675 2673 Non

2089 2708 2226 2769 ueni,
2285 2706 2483 2774 inquit,
2544 2715 2601 2758 ut
2643 2705 2804 2775 legem
2873 2706 3151 2772 solverem,
3204 2708 3295 2761 sed
3357 2720 3411 2762 ut
3471 2712 3671 2765 cmlum

2090 2800 2357 2868 implerem
2407 2797 2450 2863 ³,
2522 2799 2665 2868 quod
2712 2798 2936 2868 angelis,
3002 2800 3095 2869 qui
3154 2799 3279 2854 illud
3344 2801 3672 2869 incolebant,

2087 2892 2321 2947 exclusis
2353 2906 2579 2946 vacuum
2634 2893 2853 2955 mansit,
2885 2903 2938 2947 et
2972 2904 3029 2947 ut
3072 2893 3288 2949 ordines
3344 2904 3671 2965 potestatum

2088 2981 2382 3050 explerem,
2413 2993 2531 3048 quae
2560 2981 2892 3035 ceciderunt.

2161 3162 2253 3217 '57.
2304 3162 2424 3215 Nisi
2450 3162 2815 3227 abunfaverit,
2855 3160 3051 3231 inquit,
3078 3162 3297 3231 justitia
3336 3172 3509 3217 vestra
3556 3163 3673 3233 pius

2091 3271 2252 3324 quam
2287 3254 2593 3309 Scribarum
2646 3264 2694 3307 et
2739 3251 3153 3320 Pharisarorum,
3189 3271 3291 3308 non
3327 3256 3591 3311 intrabitis
3623 3260 3675 3311 in

2097 3364 2311 3417 regnum
2345 3346 2592 3401 cwlorum
2618 3347 2658 3399 ⁸.
2694 3345 2917 3403 Scribas
2941 3357 2995 3401 et
3024 3345 3331 3403 Pliarisasos
3370 3363 3467 3403 nos
3493 3349 3678 3420 appel-

398 3442 759 3515 Γραμματεῖς
778 3446 879 3518 μὲν
898 3448 989 3502 καί
1004 3449 1335 3520 Φαρισαίους
1363 3456 1511 3524 ἡμᾶς
1541 3432 1985 3529 προσαγορεύου-

2095 3437 2229 3503 lant,
2269 3448 2325 3493 ut
2355 3439 2447 3508 qui
2480 3439 2781 3494 litterarum
2816 3440 3012 3495 studiis
3041 3441 3436 3506 incumbamus,
3468 3452 3521 3496 et
3543 3442 3675 3512 ipsis

399 3553 507 3604 σιν,
536 3539 611 3603 ὼς
641 3540 741 3609 τὴν
774 3544 1175 3617 γραμματικὴν
1212 3548 1493 3605 παίδευσιν
1523 3553 1855 3621 ἀσκοῦντας,
1888 3556 1983 3609 κα)⁸

400 3634 883 3705 μεγαλαυχοῦντας
904 3637 992 3690 ἐπ’
1029 3639 1165 3710 αὐτῇ
1188 3658 1203 3671 ’
1230 3642 1574 3711 περισσεύειν
1617 3644 1672 3698 δὲ
1706 3644 1862 3713 ἡμῶν
1886 3645 1984 3717 τὴν

397 3728 748 3799 δικαιοσύνην
784 3730 967 3785 αὐτῶν
1016 3732 1271 3801 λέγουσιν
1314 3738 1371 3787 ἐν
1416 3737 1494 3806 τῷ
1535 3737 1812 3791 διδάσκειν
1847 3739 1983 3807 ἀλη-

399 3821 659 3892 θέστερα,
717 3825 812 3879 καὶ
868 3827 1120 3895 μετιέναι
1180 3828 1464 3882 πολιτείαν
1491 3828 1891 3905 ἀκριϐεστέραν
1922 3847 1983 3883 τε

400 3914 496 3967 καί
544 3916 948 3987 καθαρωτέραν
1011 3920 1391 3991 ἀπεχομένους
1444 3923 1823 3992 κρεωφαγίας,
1889 3924 1985 3976 καὶ

397 4007 581 4078 τυροῦ,
608 4010 703 4062 καὶ
741 4009 872 4074 ὠοῦ,
904 4010 1001 4079 καὶ
1033 4012 1233 4081 γάμου,
1269 4013 1364 4066 καὶ
1386 4014 1495 4066 τῶν
1526 4014 1803 4067 τοιούτων.

471 4099 577 4170 λη’.
602 4103 776 4164 Ἰσθι,
800 4104 987 4173 φησιν,
1003 4105 1236 4160 εὐνοῶν
1263 4106 1339 4171 τῷ
1356 4105 1639 4172 ἀντιδίκῳ
1660 4122 1795 4159 σου.
1816 4106 1985 4161 Ἀντί-

399 4192 553 4246 δικον
585 4193 693 4248 τῶν
714 4194 811 4248 ἀνθ
823 4196 1022 4267 ρώπων
1047 4197 1301 4267 λέγοντες
1324 4200 1417 4252 τὸν
1439 4198 1708 4266 διάϐολον,
1728 4200 1822 4253 καὶ
1849 4216 1984 4271 φρε-

400 4286 679 4352 νοϐλαϐῶς
715 4289 1144 4360 ἑρμηνεύοντες,
1198 4295 1279 4345 ὅτι
1316 4292 1423 4362 χρὴ
1456 4294 1663 4346 εὐνοεῖν
1694 4292 1863 4363 αὐτῷ,
1892 4294 1987 4345 καὶ

401 4378 734 4448 θεραπεύειν
768 4379 858 4433 διὰ
902 4382 1355 4451 προσκυνήσεως,
1394 4383 1470 4445 ὡς
1510 4382 1767 4453 ἀνωτέρω
1809 4398 1987 4450 παρα-

402 4470 742 4541 δεδώκαμεν,
804 4472 895 4523 ἴνα
976 4474 1052 4540 μὴ
1109 4474 1433 4542 πτερνίσας.
1498 4474 1594 4525 καὶ
1662 4472 1987 4525 καταϐαλὼν

400 4564 530 4627 τοὺς
573 4561 942 4625 ἀπειθοῦντας
994 4563 1303 4635 παραδώσῃ
1366 4564 1443 4633 τῷ
1484 4566 1647 4634 κριτῇ
1701 4563 1795 4617 καὶ
1842 4563 1984 4633 Θεῷ,

402 4658 549 4710 κατὰ
582 4656 682 4725 τὴν
711 4656 928 4726 ἡμέραν
956 4656 1058 4726 τῆς
1093 4656 1331 4726 κρίσεως
1362 4656 1522 4723 λόγον
1571 4655 1867 4721 ὑφέξοντας
1887 4656 1985 4725 τῆς

401 4749 831 4813 ὐποσκελίσεως.

471 4843 570 4897 λθ’.
616 4843 773 4897 Ἐπεὶ
798 4843 879 4909 τὸ,
913 4842 1059 4908 Πᾶς,
1089 4842 1159 4910 ὃς
1189 4844 1265 4897 ἂν
1285 4845 1573 4913 ἀπολύσῃ
1596 4845 1711 4915 τὴν
1732 4843 1990 4915 γυναῖκα

400 4939 591 4993 αὐτου
622 4937 917 5005 παρεκτὸς
949 4939 1138 5007 λόγου
1179 4939 1486 5006 πορνείας,
1520 4939 1614 4993 καὶ
1639 4940 1706 4993 τὰ
1742 4939 1870 5006 ἑξῆς
1893 4935 1987 4990 τοῦ

405 5027 594 5100 ῥητοῦ,
622 5028 700 5099 τῷ
732 5029 864 5099 περὶ
919 5028 1015 5082 τοῦ
1068 5031 1144 5100 μὴ
1184 5030 1591 5099 συζεύγνυσθαι
1620 5032 1843 5099 γυναικὶ
1867 5030 1991 5098 δόγ-

407 5140 541 5192 ματι
586 5122 798 5176 τούτων
856 5122 1188 5188 ἀντίκειται,
1240 5126 1407 5191 φασιν
1474 5126 1765 5196 ἀπόρρητα
1822 5126 1990 5176 πᾶσιν

404 5209 549 5266 εἷναι
576 5215 774 5283 ταῦτα,
807 5217 902 5270 καὶ
933 5216 1341 5287 ἀνερμήνευτα,
1390 5216 1485 5269 καὶ
1519 5216 1703 5284 μόνοις
1734 5213 1990 5283 γνώριμα

402 5307 517 5368 τοῖς
549 5307 971 5379 ἁποτιθεμένοις
1017 5307 1117 5379 τὴν
1165 5309 1366 5378 σάρκα.
1421 5305 1779 5368 Βεὸαιοῦντες
1825 5304 1880 5357 δὲ
1927 5304 1987 5357 τὸ

403 5396 581 5465 δόγμα
602 5398 706 5467 τῆς
731 5399 999 5470 ἀγαμίας,
1030 5398 1430 5469 προκομίζουσι
1454 5397 1548 5451 τοῦ
1580 5397 1785 5469 Κυρίου
1806 5394 1988 5465 λόγον,

405 5491 713 5561 είρηκότος.
745 5494 827 5547 ὅτι
875 5495 980 5549 Ἐν
1020 5494 1093 5564 τῇ
1119 5494 1461 5551 ἀναστάσει
1490 5494 1630 5548 οὔτε
1666 5491 1988 5563 γαμοῦσιν,

404 5584 544 5639 οὔτε
601 5585 1035 5655 ἐκγαμίζονται,
1096 5588 1341 5651 νοοῦντες
1396 5588 1642 5657 ἀνοήτως
1690 5587 1991 5640 ἀνάστασιν

402 5674 503 5745 τὴν
533 5677 822 5746 μετάνοιαν
857 5681 953 5733 καὶ
997 5681 1095 5749 τὴν
1124 5678 1492 5752 εὐαγγελικὴν
1516 5678 1816 5733 πολιτείαν.

483 5858 723 5915 'Matth.
772 5876 847 5922 vr,
916 5862 1006 5917 i3.

1117 5867 1136 5897 ³
1168 5864 1362 5921 Matth.
1400 5884 1452 5935 ν,
1492 5870 1577 5923 l8.

408 5938 427 5969 ν
463 5928 658 5986 Matth.
697 5945 829 5999 XXII,
859 5930 950 5985 50.
1008 5945 1019 5958 ’

1693 5870 1710 5900 ³
1741 5867 1871 5921 illiti.
1908 5865 1996 5919 17.
2077 5862 2096 5894 ’⁵
2128 5861 2313 5915 Matth.
2353 5879 2399 5925 γ,
2434 5864 2522 5916 9.0.

2088 3523 2401 3593 gloriemur.
2434 3521 2705 3577 Justitiam
2737 3539 2867 3578 vero
2897 3524 3136 3593 ipsorum
3172 3534 3373 3580 nostrae
3415 3537 3677 3595 praestare

2089 3614 2141 3668 in
2164 3615 2229 3672 iis
2256 3615 2531 3681 docendis,
2585 3630 2706 3685 quae
2725 3616 2937 3671 veriora
2968 3626 3113 3682 sunt,
3148 3624 3198 3672 et
3222 3620 3391 3687 magis
3417 3619 3481 3671 ad
3508 3620 3672 3673 vitam

2088 3713 2236 3761 recte
2279 3706 2336 3761 et
2377 3722 2508 3775 pure
2552 3706 2937 3763 instituendam
2966 3711 3410 3776 accommodata,
3452 3724 3575 3765 cum
3605 3714 3674 3767 ab

2086 3812 2183 3854 esu
2216 3797 2422 3866 carnis,
2472 3809 2526 3854 ct
2567 3801 2705 3865 ovis,
2744 3808 2800 3855 et
2858 3801 3086 3870 nuptiis,
3140 3811 3196 3856 et
3248 3802 3366 3858 aliis
3405 3801 3674 3873 ejusmodi

2090 3892 2257 3947 rebus
2286 3891 2594 3947 abstineant

2159 4102 2254 4157 58.
2306 4100 2455 4163 Esto,
2507 4098 2700 4169 inquit,
2757 4099 3087 4156 consentiens
3138 4104 3443 4157 adversario
3490 4114 3579 4158 tuo
3626 4107 3671 4163 '.

2088 4194 2477 4250 Adversarium
2508 4203 2751 4248 nostrum
2785 4190 2875 4247 hic
2899 4193 3169 4249 diabolum
3231 4198 3561 4267 intelligunt.
3609 4198 3675 4253 Et

2094 4297 2277 4345 mente
2340 4287 2480 4358 capti
2533 4302 2657 4341 cum
2724 4285 3122 4352 benevolentia,
3189 4298 3244 4343 et
3306 4289 3675 4353 observantia,

2089 4390 2250 4450 atque
2307 4380 2629 4435 adoratione
2701 4379 3101 4436 observandum
3198 4380 3404 4446 dicunt,
3466 4390 3523 4434 ut
3584 4398 3674 4435 sn-

2090 4474 2276 4541 perius
2327 4472 2684 4535 ostendimus,
2746 4485 2813 4525 ne
2867 4471 3221 4539 supplantans
3269 4483 3322 4526 et
3380 4466 3675 4540 subjicici’m

2090 4573 2442 4618 contumaces
2483 4565 2660 4618 tradat
2693 4561 2975 4632 eosjutlici
3008 4573 3062 4618 et
3107 4564 3217 4618 Deo
3252 4565 3302 4619 in
3352 4566 3439 4620 die
3483 4566 3675 4635 judit-ii

2091 4658 2551 4729 supplantationis
2582 4672 2770 4727 poenas
2792 4657 3089 4712 subituros.

2164 4840 2255 4895 59.
2290 4840 2554 4906 Quoniam
2588 4838 2718 4892 illud
2745 4856 2759 4894 :
2789 4837 2971 4894 Omnis
3003 4840 3093 4908 qui
3117 4839 3375 4892 dimiserit
3433 4854 3672 4905 uxorem,

2089 4943 2304 5000 excepta
2352 4933 2722 5002 fornicationis
2786 4932 3024 4998 causa‘,
3083 4944 3135 4986 et
3175 4948 3294 5000 qua:
3346 4941 3675 4999 sequuntur,

2090 5026 2324 5097 dogmati
2366 5027 2609 5094 ipsorum
2646 5023 2710 5077 de
2744 5039 2914 5077 uxore
2952 5038 3061 5076 non
3110 5024 3352 5077 ducenda
3411 5034 3675 5091 repugnat

2088 5128 2143 5173 et
2175 5118 2519 5179 adversatur,
2566 5115 2755 5167 dicunt
2800 5128 2861 5168 ea
2918 5115 3083 5168 verba
3126 5130 3251 5169 esse
3302 5129 3525 5179 arcana,
3578 5129 3676 5166 nec

2089 5212 2158 5266 ab
2186 5209 2293 5264 ullo
2320 5222 2480 5278 posse
2528 5206 2781 5274 intelligi,
2837 5205 2938 5259 nisi
2995 5207 3085 5274 qui
3157 5219 3381 5259 carnem
3438 5202 3673 5256 exuerit.

2088 5303 2607 5369 Conﬁrmantesque
2666 5299 2956 5354 cmlibatns
3047 5301 3352 5361 rationem,
3437 5294 3676 5349 af'erunt

2089 5408 2398 5449 sermonem
2427 5391 2669 5454 Domini,
2707 5389 2822 5458 qui,
2890 5387 2954 5441 In
3011 5387 3410 5451 resurrectione,
3474 5384 3673 5454 inquit,

2090 5503 2253 5559 neque
2292 5486 2503 5547 nubent,
2538 5500 2699 5551 neque
2749 5483 2940 5536 ducent
2985 5496 3173 5533 uxores
3204 5481 3247 5533 ⁷.
3299 5479 3677 5532 Resurrectio-

2090 5593 2326 5649 nemque
2386 5575 2761 5647 paenitentiam
2830 5584 2883 5625 et
2940 5573 3103 5623 vitam
3159 5569 3526 5639 evangelicam
3593 5568 3675 5621 in-

2096 5679 2486 5742 terpretantur.

2640 5863 2659 5893 ³
2690 5854 2881 5909 Matth.
2919 5866 2972 5917 γ,
2998 5850 3088 5905 25.
3202 5855 3223 5885 ⁸
3251 5850 3464 5926 _Matth.
3500 5863 3549 5915 ν,
3580 5846 3669 5903 32.
