4132 6410
410 364 432 431 1
451 367 551 429 129

1304 369 1681 434 PANOPLIA
1723 374 2189 443 DOGMATICA.
2230 404 2297 415 -
2337 380 2491 443 ΤΙΤ.
2530 383 2779 445 XXVII.

3556 387 3705 453 1'330

406 474 690 545 ἀνομίαν.
748 478 923 533 Ταυτὶ
983 479 1040 535 δὲ
1093 480 1163 536 τὰ
1217 483 1443 555 ῥήματα
1504 483 1598 538 τοῦ
1658 485 2000 553 Εὑαγγελίου

2111 498 2218 556 tes,
2250 489 2352 548 hos
2385 505 2510 549 esse
2543 494 2728 549 dicunt
2760 503 2981 550 sanctos
3010 494 3295 563 pontiﬁces
3330 504 3564 563 nostros,
3613 500 3696 553 tli-

407 565 897 639 διερμηνεύοντες,
931 576 1067 643 φασὶ
1089 576 1318 641 τούτους
1343 573 1488 631 εἶναι
1520 579 1649 643 τοὺς
1689 578 1824 645 παρ’
1864 579 2000 651 ἡμῖν

407 659 601 726 ἁγίους
649 662 918 735 ἱεράρχας
949 668 1047 721 καὶ
1077 668 1260 733 θείους
1314 669 1591 740 Πατέρας,
1621 671 1737 725 ὅσοι
1777 688 2002 742 προφη.

406 750 572 821 τικῆς
603 755 829 825 χάριτος
866 757 1210 831 ἠξιώθησαν,
1241 762 1340 816 καὶ
1369 762 1639 834 δαίμονας
1676 766 2000 837 ἀπήλασανν

409 844 507 896 καὶ
565 845 704 900 ἀλλα
759 848 1063 920 πάμπολλα
1128 852 1764 928 τεθαυματουργήκασισ
1818 859 2002 913 πάντα

409 937 520 1006 γὰρ
576 939 705 1003 τοὺς
737 940 1091 1007 ἐνοικοῦντας
1151 945 1341 1010 αὐτοῖς
1378 947 1646 1018 δαίμονας
1697 967 2004 1021 τερατουρ-

408 1031 530 1096 γεῖν
556 1030 636 1093 εἰς
671 1030 937 1100 ἔκπληξιν
986 1034 1097 1089 τῶν
1138 1037 1547 1110 ἀνοητοτέρων.
1584 1041 1700 1096 Καὶ
1737 1042 1849 1112 μὴν
1884 1041 2003 1097 δαί-

412 1138 533 1190 μων
555 1123 655 1177 οὐκ
680 1124 941 1180 ἐκϐάλλει
974 1127 1230 1199 δαίμονα,
1283 1112 1457 1186 Τοῦτο
1497 1133 1607 1205 γὰρ
1668 1136 1701 1204 ἡ
1737 1134 2006 1208 αὐτοαλή-

411 1212 534 1267 θειά
593 1232 763 1287 φησιν
812 1218 842 1272 ὁ
896 1221 1154 1292 Χριστός.
1198 1223 1631 1280 Λυσσωδέστατε
1684 1226 1857 1294 κύων,
1923 1227 2002 1293 ίὺς

410 1308 656 1363 ἀσπίδων
688 1311 795 1365 ὑπὸ
811 1313 881 1368 τά
913 1313 1067 1386 χείλη
1097 1332 1218 1371 σου.

506 1401 617 1470 μζ’.
654 1404 861 1474 Ἀνδρα
896 1406 997 1476 μὲν
1034 1408 1307 1481 φρόνιμον
1351 1408 1721 1479 ὀνομάζουσιν
1747 1413 2004 1480 ἑαυτοὺς,

409 1492 883 1563 οἰκοδομήσαντας
902 1495 1002 1568 τὴν
1025 1498 1208 1554 οίκίαν
1235 1501 1329 1553 ἐπὶ
1345 1501 1444 1571 τὴν
1480 1503 1687 1574 πέτραν
1706 1505 1806 1571 τῆς
1828 1521 2003 1573 προσ-

406 1584 574 1653 auxi};
610 1583 702 1637 τοῦ
733 1585 929 1656 Πάτερ
961 1589 1157 1657 ἡμῶν
1206 1590 1379 1661 ἀνδρα
1436 1592 1493 1646 δὲ
1530 1595 1715 1664 μωρὸν
1743 1595 2003 1649 καλοῦσιν

406 1678 578 1746 ἡμᾶς.
623 1680 1101 1753 οἰκοδομήσαντας
1140 1682 1240 1755 τὴν
1267 1685 1451 1740 οίκίαν
1482 1685 1575 1741 ἐπὶ
1640 1687 1738 1758 τὴν
1771 1687 2003 1759 ψάμμον

406 1768 517 1821 τῶν
543 1769 721 1826 ἄλλων
766 1775 1110 1846 προσευχῶν,
1138 1776 1245 1830 τῶν
1279 1778 1493 1832 πολλῶν
1525 1779 1645 1851 μὲν,
1672 1780 1921 1834 ἀσθενῶν
1943 1781 2002 1836 δὲ

407 1863 502 1914 καὶ
530 1864 801 1933 ἀνοήτων,
836 1865 915 1930 ὡς
944 1870 1060 1929 τοῖς
1100 1869 1360 1940 ἀνοήτοις
1386 1871 1600 1931 τούτοις
1633 1871 1804 1926 δοκεῖ.

478 1968 594 2031 μη’.
645 1964 756 2017 Καὶ
809 1966 1191 2034 προσελθὼν,
1248 1969 1439 2037 φησὶν,
1498 1963 1586 2033 εἷς
1615 1970 1996 2038 γραμματεὺς

409 2051 584 2108 εἶπεν
618 2056 803 2123 αὐτῷ,
846 2057 1210 2124 Διδάσκαλε,
1255 2061 1660 2126 ἀκολουθήσω
1679 2079 1801 2132 σοι,
1838 2064 1996 2120 ὅπου

405 2146 518 2201 ἐὰν
537 2147 792 2219 ἀπέρχῃ.
816 2154 921 2206 Kal
940 2152 1107 2224 ,λέγει
1126 2153 1285 2221 αὐτῷ
1309 2157 1342 2209 ό
1379 2154 1622 2223 Ἰησοῦς
1643 2172 1656 2186 ⁶
1677 2159 1747 2212 Al
1766 2159 2000 2213 ἀλώπε-

406 2256 509 2303 κες
534 2243 808 2309 φωλεοὺς
828 2244 1068 2314 ἔχουσι,
1100 2248 1199 2301 καί
1229 2247 1301 2302 τὰ
1321 2249 1566 2304 πετεινὰ
1588 2249 1695 2306 τοῦ
1725 2252 1997 2320 οὐρανοῦ

402 2335 923 2404 κατασκηνώσειςο
951 2341 985 2394 d
1009 2338 1079 2393 δὲ
1109 2339 1246 2407 nec
1261 2340 1370 2396 τοῦ
1393 2341 1713 2412 ἀνθρώπου
1732 2347 1845 2400 οὐκ
1870 2346 1999 2415 ἔχει

402 2424 525 2478 ποῦ
558 2424 675 2493 τὴν
707 2429 989 2499 κεφαλὴν
1014 2430 1238 2487 κλῖναι.
1268 2432 1621 2504 Γραμματέα
1640 2436 1741 2506 μὲν
1771 2436 1997 2507 λέγουσι

405 2516 588 2571 πάντα
617 2523 1039 2592 γραμματικὸν,
1075 2525 1174 2580 καὶ
1218 2528 1702 2597 παραγγέλλουσιν
1740 2530 1998 2604 ἀλλήλοις

356 2630 361 2639 ·
406 2609 482 2677 μὴ
515 2612 932 2684 παραδέχεσθαι
987 2620 1389 2690 γραμματικὸν
1425 2624 1507 2686 είς
1550 2623 1807 2694 μαθητὰς
1853 2628 1999 2682 κατά

406 2699 665 2771 μίμησιν,
731 2704 808 2768 ὡς
838 2707 1083 2779 εἴρηται,
1119 2709 1219 2763 τοῦ
1258 2712 1505 2784 Χριστοῦ
1558 2716 1637 2786 μὴ
1690 2716 1999 2787 παραδεξα-

404 2791 571 2861 μένου
602 2793 697 2849 τὸν
726 2800 1089 2869 γραμματέα·
1137 2802 1437 2869 ἀλώπεκας
1493 2805 1555 2861 δὲ
1624 2806 1811 2862 νοοῦσι
1866 2811 1999 2874 τοὺς

400 2885 461 2938 ὲν
514 2888 869 2963 στενοχὼροις
921 2894 1196 2961 οίκίσκοις
1256 2897 1696 2970 καθειργμένους
1722 2901 1995 2974 ἀσκητάς,

401 2975 477 3039 ὡς
515 2976 572 3030 εν
592 2996 705 3032 τισι
736 2984 991 3050 φωλεοῖς.
1022 2986 1255 3042 Πετεινά
1293 2989 1351 3043 δὲ
1408 2991 1505 3045 τοῦ
1577 2993 1819 3064 οὐρανοῦ
1866 2996 1998 3060 τοὺς

404 3072 669 3139 κιονίτας,
702 3075 778 3140 ὼς
806 3079 1063 3150 ἀνωτέρω
1088 3084 1437 3153 προείρηται,
1475 3086 1609 3155 παρ’
1630 3080 1713 3151 οἷς
1756 3089 1832 3159 μὴ
1859 3106 1996 3143 κατ-

401 3169 573 3219 οικεῖν
617 3168 758 3234 ὅλως
808 3172 901 3226 τδν
946 3175 1207 3245 Χριστὸν,
1242 3178 1319 3242 ὡς
1359 3178 1604 3244 ἀναξίοις
1649 3181 1749 3252 τῆς
1806 3183 1998 3254 ἐπιδη-

2104 583 2374 652 vincsque
2401 586 2612 651 Patres,
2633 586 2728 657 qui
2756 587 3055 658 prophetia
3087 604 3315 643 munere
3335 590 3517 643 donati
3541 598 3696 658 sunt,

2102 676 2306 745 quique
2331 678 2609 734 daemonas
2635 678 2936 747 eiecerunt,
2989 690 3046 735 et
3090 680 3194 735 alia
3236 681 3403 735 multa
3438 681 3696 735 miracula

2106 769 2412 826 ediderunt.
2461 769 2592 836 Quae
2631 771 2850 840 quidem
2882 773 3064 829 omnia
3101 790 3131 827 a
3198 773 3559 836 daemonibus,
3604 773 3698 842 qui

2106 864 2160 919 in
2210 863 2344 935 ipsis
2392 864 2733 931 habitabant,
2800 866 2971 922 fuisse
3022 866 3163 921 facta
3224 866 3581 929 contendunt,
3638 873 3699 919 ut

2104 956 2293 1014 oculos
2322 956 2769 1027 praestringerent
2808 959 3233 1027 imperitiorum.
3268 960 3431 1027 Atqui
3480 957 3693 1014 daemon

2105 1062 2214 1104 non
2241 1048 2393 1119 ejicit
2429 1050 2750 1117 daemonem,
2783 1059 2843 1105 ut
2875 1050 2989 1118 ipsa
3034 1048 3233 1104 veritas
3293 1048 3554 1103 Christus
3611 1054 3696 1101 te.

2104 1151 2303 1198 statur.
2332 1142 2702 1199 Rabidissimo
2734 1144 2909 1210 canis,
2959 1157 3232 1197 venenum
3294 1142 3540 1213 aspidem
3590 1140 3695 1196 sub
3772 1150 3780 1157 ‘

2104 1234 2265 1293 labiis
2299 1237 2433 1291 tuis.

2178 1421 2266 1475 47.
2305 1418 2491 1476 Virum
2546 1421 2865 1489 prudentem
2930 1432 2990 1475 se
3050 1416 3693 1488 ipsos-interpretantur.

2107 1514 2253 1584 quod
2289 1528 2455 1583 super
2491 1514 2825 1584 precationis
2854 1513 3019 1580 illius,
3060 1512 3222 1567 Pater
3256 1520 3452 1575 noster,
3476 1516 3693 1578 petram

2107 1610 2325 1663 domutn
2353 1606 2657 1674 aediﬁcent;
2687 1605 2912 1662 stultum
2952 1617 3158 1670 autem,
3192 1618 3291 1658 nos
3341 1602 3432 1671 qui
3472 1604 3693 1655 domum

2106 1702 2436 1758 :editlcemus
2527 1714 2694 1770 super
2760 1700 2899 1754 alias
2990 1712 3186 1767 preces
3221 1737 3236 1763 ,
3318 1710 3437 1766 quae
3515 1692 3699 1747 multat

2107 1795 2326 1863 quidem
2371 1794 2499 1857 sint,
2529 1792 2627 1849 sed
2662 1791 2891 1848 infirma:
2921 1800 2976 1846 et
3015 1791 3213 1856 stultae,
3270 1797 3325 1843 ut
3381 1786 3515 1858 ipsis
3562 1785 3699 1840 stut-

2030 1877 2073 1932 Β
2106 1889 2177 1946 tis
2204 1887 2441 1944 videtur.

2170 1980 2262 2035 48.
2298 1979 2361 2034 Et
2392 1980 2668 2048 accedens,
2697 1980 2893 2051 inquit,
2926 1994 3061 2033 unus
3101 1975 3276 2033 scriba
3299 1974 3429 2028 dixit
3465 1972 3550 2028 ei:
3575 1970 3694 2024 Ma—

2099 2076 2282 2147 gister,
2313 2072 2509 2144 sequar
2540 2086 2591 2131 te
2625 2090 2930 2148 quocunque
2957 2074 3107 2128 ieris.
3140 2069 3207 2125 Et
3245 2068 3369 2124 dicit
3397 2067 3443 2120 ei
3478 2064 3647 2120 Iesus
3667 2076 3690 2114 :

2110 2165 2300 2237 Vulpes
2330 2168 2505 2235 [oveas
2533 2165 2749 2233 habent,
2775 2174 2823 2219 et
2846 2163 3084 2218 volucres
3115 2160 3230 2216 coeli
3262 2156 3414 2214 nidos
3438 2174 3456 2222 ;
3513 2154 3691 2210 Filius

2101 2271 2278 2316 autem
2335 2260 2564 2316 hominis
2615 2276 2720 2315 non
2767 2259 2946 2323 habet,
3001 2256 3092 2311 ubi
3156 2265 3317 2324 caput
3365 2252 3580 2307 reclinet
3646 2252 3690 2301 '.

2103 2352 2324 2410 Scribas
2352 2352 2628 2425 appellant
2660 2367 2851 2410 omnes
2873 2352 3165 2415 litteratos,
3201 2362 3338 2419 quos
3370 2347 3424 2400 in
3451 2343 3696 2413 discipli-

2102 2463 2226 2503 nam
2271 2464 2382 2505 non
2430 2462 2552 2504 esse
2596 2446 2936 2518 recipiendos
2976 2458 3097 2502 sese
3138 2452 3323 2497 mutuo
3367 2441 3684 2500 admonent,

2100 2540 2171 2596 ad
2204 2538 2406 2598 Christi
2452 2540 2829 2605 imitationem,
2864 2548 2924 2595 ut
2957 2538 3160 2595 dictum
3186 2542 3290 2602 est,
3325 2533 3417 2605 qui
3452 2532 3687 2588 scribam

2100 2650 2212 2691 non
2246 2634 2471 2706 recepit.
2514 2633 2717 2704 Vulpes
2765 2634 2947 2688 autem
3011 2629 3320 2701 intelligunt
3371 2624 3693 2686 monachos,

2102 2725 2195 2796 qui
2226 2725 2280 2780 in
2338 2725 2686 2781 dumunculis
2737 2723 3002 2795 angustis,
3053 2732 3311 2791 tanquam
3374 2718 3429 2773 in
3476 2715 3698 2770 latebris

2101 2814 2300 2871 inclusi
2326 2824 2472 2871 sunt.
2510 2812 2768 2871 Volatilia
2792 2812 2918 2871 coeli
2956 2827 3053 2869 eos
3099 2810 3439 2873 existimant,
3498 2806 3588 2876 qui
3638 2804 3692 2859 in

2103 2907 2370 2964 columnis
2432 2907 2598 2963 vitam
2658 2908 2879 2978 degunt,
2937 2914 2997 2959 ut
3040 2910 3168 2967 ante
3231 2901 3494 2966 diximus,
3554 2898 3694 2968 apud

2102 3015 2241 3072 quos
2267 3001 2521 3058 Christus
2553 3000 2780 3056 omnino
2809 3015 2912 3056 non
2946 2998 3175 3062 habitet,
3216 3011 3336 3052 cum
3370 2994 3515 3048 illius
3553 3006 3693 3062 prac-

2101 3095 2277 3151 sentia
2316 3095 2429 3150 sint
2460 3094 2697 3165 indigni.
2745 3092 3067 3162 Sepulcrum
3121 3104 3250 3145 vere
3279 3096 3472 3159 patens
3506 3093 3693 3155 guttur

2104 3186 2333 3241 istorum
2366 3188 2642 3241 hominum
2679 3184 3063 3251 scelestarum,
3091 3181 3235 3251 quod
3268 3179 3498 3235 multum
3529 3177 3692 3232 lato-

404 3259 537 3326 piz;
591 3260 779 3317 αὐτοῦ.
839 3265 1025 3336 Τάφος
1072 3268 1244 3333 ὅντως
1293 3270 1648 3343 ἀνεῳγμένος
1715 3277 1745 3329 ὁ
1789 3274 2000 3347 λάρυγξ

2107 3292 2222 3334 rem
2250 3277 2472 3333 emittit.

402 3358 515 3412 τῶν
550 3361 892 3434 ἀλαστόρων,
963 3366 1173 3438 πολλὴν
1210 3369 1563 3442 ἀναπέμπων
1612 3372 1904 3442 δυσωδίαν,
1969 3375 2066 3430 καὶ
2105 3375 2441 3445 φθοροποιὸν
2489 3375 2570 3431 ίδν
2612 3375 2867 3448 προχέων
2904 3374 2996 3429 διὰ
3031 3371 3126 3427 τοῦ
3170 3368 3447 3441 θεομάχου
3487 3367 3694 3439 στόμα-

402 3468 516 3516 τος.

465 3548 574 3618 μο⁹.
596 3548 700 3604 Δύο
718 3551 1201 3624 δαιμονιζομένους
1217 3554 1472 3625 λέγουσιν
1496 3559 1559 3612 ἐκ
1578 3558 1686 3612 τῶν
1709 3560 1995 3631 μνημείων

402 3643 817 3716 ἐξερχομένους,
844 3646 908 3700 τό
934 3664 994 3701 τε
1022 3649 1213 3719 τάγμα
1238 3648 1350 3704 τῶν
1367 3650 1642 3722 μοναχῶν,
1660 3653 1759 3707 καὶ
1781 3654 1842 3707 τὸ
1862 3654 1999 3724 τάγ-

406 3756 483 3808 μα
514 3737 622 3791 τῶν
658 3740 961 3813 κληρικῶν.
1034 3743 1150 3797 Ἀεὶ
1193 3744 1303 3815 γὰρ
1347 3747 1405 3798 ὲν
1437 3747 1552 3810 τοῖς
1593 3748 1998 3819 χειροποιήτοις

407 3831 556 3895 ναοῖς
586 3832 911 3905 διατρίϐειν,
940 3834 1196 3900 οὕστινας
1226 3833 1369 3892 εἶναι
1397 3839 1609 3907 τάφους
1636 3839 2000 3914 θησαυρίζον-

404 3943 505 3987 τας
542 3926 708 3980 ὀστέα
741 3928 976 3999 νεκρῶν.
1008 3929 1167 3984 Οὕτω
1197 3931 1307 4000 γὰρ
1338 3933 1389 3984 οῖ
1421 3933 1638 4001 ἐναγεῖς
1667 3933 2001 4005 δνομάζουσι

398 4021 475 4073 ’τά
516 4019 748 4089 λείψανα
785 4022 898 4077 τῶν
936 4023 1133 4091 ἁγίων.
1168 4021 1326 4079 Είναι
1365 4025 1422 4079 δὲ
1447 4027 1515 4080 τά
1540 4025 1636 4081 δύο
1662 4026 1836 4082 ταῦτα
1874 4031 2005 4100 τάγ-

407 4127 557 4179 μιτα
599 4110 811 4182 φοϐερὰ
889 4110 1016 4168 λίαν
1056 4115 1172 4179 τοῖς
1213 4116 1558 4187 Βογομίλοις,
1601 4117 1747 4173 ὥστε
1792 4120 2003 4191 μηδένα

406 4202 613 4254 τούτων
642 4202 850 4272 ἰσχύειν
877 4204 1174 4275 παρελθεῖν
1194 4207 1285 4261 διὰ
1304 4207 1403 4277 τῆς
1428 4208 1553 4263 ὁδοῦ
1579 4209 1822 4282 ἐκείνης.
1851 4211 2004 4281 ’Δγέ-

406 4294 507 4363 λην
548 4292 606 4346 δὲ
648 4294 850 4365 χοίρων
894 4296 1113 4352 πολλῶν
1157 4297 1513 4369 βοσκομένων
1555 4300 1829 4373 ὑπάρχειν
1871 4306 2002 4369 τοὺς

407 4385 697 4453 ἀγελαίους
718 4429 733 4453 ,
767 4389 861 4441 καὶ
892 4387 1130 4457 ἀμαθεῖς
1149 4428 1166 4451 ,
1193 4392 1288 4442 καὶ
1315 4391 1601 4461 χοιρώδεις
1627 4393 1956 4464 ἀνθρώπους
1976 4435 1992 4462 ,

407 4481 487 4541 εἰς
515 4478 607 4543 οὓς
632 4479 975 4553 ἀπέρχεσθαι
1000 4480 1248 4548 τούτους,
1274 4484 1373 4537 καὶ
1395 4483 1673 4540 διδάσκειν
1700 4487 1798 4541 καὶ
1829 4504 2001 4541 κατα-

409 4572 762 4643 κρημνίζειν,
823 4574 921 4628 καὶ
960 4574 1289 4645 ἀποπνίγειν
1323 4576 1525 4642 αὐτοὺς
1546 4578 1607 4631 έν
1646 4579 1713 4649 τῇ
1749 4577 1996 4653 θαλάσσῃ

408 4667 512 4737 τῆς
540 4668 841 4739 ἁμαρτίας.

2168 3559 2262 3616 ιθ.
2308 3561 2448 3615 Duos
2486 3558 2606 3614 illos
2641 3555 2975 3612 daemonibus
3006 3561 3250 3618 vexatos,
3285 3553 3377 3622 qui
3412 3555 3477 3607 de
3517 3552 3697 3623 sepul-

2097 3655 2212 3711 cris
2261 3654 2506 3718 exibant,
2565 3653 2698 3707 duos
2757 3650 2980 3705 ordines
3011 3649 3461 3718 interpretantur,
3496 3662 3695 3714 nempe

2099 3746 2424 3804 clericorum
2458 3755 2514 3801 et
2566 3746 2992 3809 monachorum;
3038 3754 3252 3810 semper
3273 3740 3417 3796 enim
3447 3740 3499 3791 in
3530 3753 3695 3792 manu

2100 3837 2263 3895 factis
2291 3836 2507 3907 templis
2554 3851 2675 3905 quae
2708 3836 2793 3890 isti
2829 3835 3075 3902 sepulcra
3105 3842 3320 3897 vocant,
3352 3831 3687 3892 inhabitare,

2103 3930 2158 3986 in
2186 3930 2385 4000 quibus
2416 3936 2756 3983 mortuorum
2788 3940 2912 3981 ossa
2949 3924 3232 3981 recondita
3255 3924 3383 3979 sint.
3422 3921 3515 3977 Sic
3540 3923 3687 3976 enim

2102 4023 2353 4080 homines
2378 4020 2568 4077 nefarii
2606 4020 2879 4090 appellant
2908 4017 3167 4087 reliquias
3196 4024 3533 4072 sanctorum.
3576 4012 3689 4069 llos

2101 4132 2272 4190 porro
2322 4116 2462 4173 duos
2515 4113 2741 4171 ordines
2798 4111 3090 4183 Bogomilis
3143 4124 3266 4167 esse
3309 4107 3464 4163 valde
3492 4105 3688 4162 formi-

2102 4211 2332 4275 dandos,
2383 4210 2520 4265 adeo
2548 4215 2609 4263 ut
2676 4221 2838 4263 nemo
2888 4207 3127 4276 ipsorum
3184 4218 3281 4273 per
3336 4201 3480 4256 illam
3550 4201 3691 4253 viam

2105 4302 2345 4359 transire
2368 4310 2555 4373 queat.
2594 4299 2826 4370 Gregem
2851 4306 3031 4352 autem
3062 4309 3355 4366 porcorum
3398 4291 3694 4347 multorum

2102 4394 2447 4466 pascentium
2479 4406 2601 4449 esse
2636 4390 2887 4446 homines
2910 4389 3067 4453 viles,
3095 4398 3149 4442 et
3174 4385 3489 4456 imperitos,
3520 4399 3586 4439 ac
3611 4382 3693 4435 vi-

2107 4497 2217 4544 tam
2244 4489 2469 4544 suillam
2496 4494 2723 4558 agentes
2756 4497 2892 4553 quos
2923 4482 2998 4537 illi
3020 4482 3294 4539 suffocant
3323 4480 3375 4535 in
3403 4477 3539 4535 mari
3567 4491 3697 4548 pee-

2106 4590 2376 4636 catorum.

481 4772 548 4819 v'.
571 4761 730 4822 Οίνον
751 4768 850 4838 μὲν
869 4766 1095 4821 καλοῦσι
1116 4766 1237 4822 νέον
1271 4768 1371 4839 τήν
1386 4766 1744 4823 διδασκαλίαν
1762 4769 1996 4837 ἑαυτῶν,

2171 4771 2263 4827 50.
2302 4767 2496 4825 Vinum
2544 4783 2743 4824 novum
2802 4764 3078 4837 appellant
3132 4761 3437 4818 doctrinam
3501 4777 3685 4827 suam,

411 4864 615 4926 ἀσκοὺς
656 4864 714 4917 δὲ
755 4863 1028 4927 παλαιοὺς
1065 4863 1195 4927 τοὺς
1243 4861 1319 4934 μὴ
1363 4862 1767 4934 προσιεμένους
1809 4863 2006 4933 αὐτὴν,

413 4958 619 5023 ἀσκοὺς
644 4957 703 5011 δὲ
728 4958 883 5021 νέους
908 4958 1034 5021 τοὺς
1063 4956 1496 5028 ὑποδεχομένους
1520 4956 1727 5029 ταύτην
1754 4958 1851 5013 καὶ
1883 4975 2007 5011 συν-

414 5051 718 5124 τηροῦντας
747 5053 806 5105 ὲν
834 5052 1076 5113 ἑαυτοῖς.

487 5144 585 5201 va’.
615 5146 856 5199 Γυναῖκα
888 5143 1102 5199 νοοῦσιν
1118 5143 1525 5215 αἱμορῤοοῦσαν
1545 5141 1645 5213 ἔτη
1660 5139 1872 5196 δώδεκα
1904 5142 2005 5214 τὴν

415 5243 474 5294 ὲν
521 5239 786 5311 Ἱεροσολύ
796 5257 917 5309 μοις
935 5235 1712 5310 Ἐκκλησίαν,αίμορῤοοῦσαν
1741 5238 1857 5298 τοῖς
1881 5253 2002 5307 χεο-

415 5330 598 5402 μένοις
616 5328 815 5400 αἵμασι
846 5329 956 5383 τῶν
989 5327 1193 5382 θυσιῶν
1227 5328 1286 5382 ὲν
1307 5329 1427 5393 ταῖς
1449 5328 1656 5381 δώδεκα
1676 5327 1874 5396 φυλαῖς
1908 5325 2004 5380 τοῦ

427 5422 671 5493 Ἰσραὴλ.
718 5421 938 5491 Ταύτης
983 5422 1094 5493 γὰρ
1143 5421 1241 5492 τὴν
1287 5421 1617 5492 αίμόρῤοιαν
1663 5420 1863 5491 στῆσαι
1911 5419 2003 5474 τὸν

417 5514 676 5586 Χριστὸν,
723 5513 1189 5585 ὲξολοθρεύσαντα
1238 5515 1377 5583 μετά
1428 5513 1625 5585 μικρὸν
1670 5513 1740 5567 τὰ
1770 5512 2001 5582 Ἰεροσό-

416 5610 584 5678 λυμα.
624 5608 787 5661 Ἀλλὰ
816 5607 935 5669 πῶς
966 5607 1034 5661 ἂν
1063 5608 1158 5678 ἔτη
1191 5606 1402 5660 δώδεκα
1435 5606 1679 5677 νοηθεῖεν
1714 5606 1778 5659 ἂν
1810 5607 1868 5658 αἱ
1899 5606 2003 5659 δώ-

416 5698 547 5753 δεκα
574 5698 773 5768 (puleii;
801 5698 874 5751 Τὸ
904 5698 1004 5766 μὲν
1032 5699 1141 5768 γάρ
1170 5699 1289 5762 ἔτος
1316 5701 1570 5770 κρονικόν
1598 5718 1648 5753 τι
1675 5698 1883 5769 κίνημα
1908 5698 2005 5752 καὶ

488 5881 502 5911 ¹
561 5879 753 5939 Matth.
791 5895 909 5947 vui,
958 5881 1043 5944 l9,
1072 5879 1161 5933 20.

2109 4873 2272 4921 utres
2309 4872 2490 4918 autem
2546 4868 2786 4926 veteres,
2854 4873 2947 4913 eos
3002 4856 3093 4924 qui
3142 4856 3287 4911 illam
3323 4873 3427 4910 nun
3497 4858 3692 4911 admit-

2106 4966 2230 5011 tunt
2296 4973 2311 5009 :
2365 4968 2537 5009 novos
2597 4966 2751 5017 vero,
2798 4949 2893 5020 qui
2963 4948 3113 5003 illam
3167 4945 3475 5014 suscipiunt
3535 4955 3699 5014 atque

2106 5057 2454 5105 conservant.

2175 5141 2268 5197 5|.
2301 5139 2609 5203 Mulierem,
2651 5151 2771 5207 quae
2833 5134 3120 5192 duodecim
3177 5149 3351 5190 annos
3404 5133 3691 5203 sanguinis

2105 5235 2251 5290 ﬂuxu
2304 5233 2667 5296 laboraverat,
2721 5229 3266 5297 Hierosolymitanam
3295 5225 3697 5295 appellantEc—

2103 5318 2352 5393 clesiam,
2411 5340 2531 5396 qua:
2574 5322 2855 5393 sanguinis
2899 5323 3242 5376 victimarum
3287 5316 3608 5371 effusionem
3636 5318 3689 5368 in

2102 5420 2388 5476 duodecim
2414 5417 2658 5474 tribubus
2687 5413 2901 5471 lsraelis
2929 5412 3250 5481 patiebatur.
3293 5407 3447 5463 llmte
3476 5408 3696 5474 sangui-

2109 5514 2194 5566 nis
2218 5512 2422 5567 lluxum
2448 5510 2659 5566 stitisse
2691 5508 2990 5570 Christum,
3015 5518 3139 5560 cum
3172 5501 3332 5571 paulo
3357 5510 3473 5570 post
3498 5503 3695 5553 evertit

2103 5602 2557 5673 Hierosolymam.
2596 5599 2699 5655 Sed
2734 5596 3004 5667 quomodo
3046 5608 3142 5665 per
3190 5608 3365 5647 annos
3408 5591 3690 5645 duodecim

2113 5697 2337 5765 ittlclligi
2407 5703 2636 5763 possunt
2712 5688 3001 5746 duodecim
3061 5686 3234 5743 tribus
3269 5725 3284 5750 ,
3341 5701 3462 5757 cum
3519 5697 3701 5739 annus
