4132 6402
452 367 484 432 ιῙ
494 367 592 432 331

1696 363 2088 427 ΕΠΤΗΥΜΙῙ
2132 369 2497 430 ZIGABENI

3599 366 3742 430 133?.

456 483 530 535 sit
555 477 918 549 temporarius
969 477 1187 548 quidam
1220 483 1399 532 motus
1453 486 1613 548 atque
1671 478 2042 540 intervallum,

2153 483 2430 553 διάστημα
2455 527 2468 548 ,
2503 486 2534 554 ἡ
2571 485 2625 538 δὲ
2663 483 2805 553 φυλὴ
2840 483 2998 552 γένος
3038 480 3368 552 ἀνθρώπων.
3400 478 3564 531 Ὅσον
3595 479 3650 532 δὲ
3683 480 3744 531 τό
3766 492 3782 500 ’

454 573 634 630 tribus
692 579 872 626 autem
948 571 1018 626 sit
1073 585 1242 640 genus
1307 571 1636 626 hominum?
1679 571 1819 638 Quil
1861 583 2044 627 autem

457 665 677 720 intersit
711 666 856 720 inter
891 664 1167 719 hominem
1226 673 1280 719 et
1325 673 1539 734 tempus
1566 663 1694 735 quis
1723 680 1829 720 non
1855 667 2045 720 videt?

529 759 618 813 52.
659 757 857 813 Audite
891 757 1063 827 magis
1091 757 1273 812 adhuc
1315 757 1596 813 ridiculam
1638 759 2045 828 interpretatio—

454 865 604 913 nem,
647 859 810 919 atque
839 850 964 906 inde
1000 849 1242 919 colligite
1277 849 1510 918 ineptias
1539 851 1674 907 nihil
1704 851 1772 907 ab
1813 853 2046 908 anilibus

455 943 611 1013 nugis
642 951 695 998 et
721 941 920 998 fabulis
950 943 1340 1013 discrepantes.
1377 943 1513 998 lllud
1549 944 1722 1012 enim,
1777 943 2046 1015 Increpuit

377 1053 382 1060 ’
457 1052 544 1088 eos
577 1034 760 1102 Iesus,
805 1037 885 1091 sic
942 1037 1390 1106 interpretantur,
1423 1047 1482 1092 ut
1553 1037 1696 1092 idem
1761 1039 1858 1104 sit,
1910 1053 1973 1093 ac
2000 1039 2046 1094 si

455 1124 734 1179 dixisset:
775 1123 961 1194 injecit
1021 1126 1131 1182 illis
1183 1127 1346 1182 Jesus
1382 1143 1716 1184 sermonem.
1774 1127 1908 1185 Cum
1955 1147 2046 1200 pu-

458 1217 612 1282 dore,
648 1218 779 1272 mihi
836 1219 1067 1282 credite.
1102 1228 1152 1273 et
1185 1220 1384 1276 invitus
1408 1220 1520 1276 haec
1553 1222 1762 1291 loquor.
1796 1223 2044 1278 Ridicule

457 1311 602 1364 enim
628 1326 1083 1379 commemorans,
1133 1315 1394 1370 ridiculus
1450 1317 1668 1373 videor.
1726 1319 2046 1387 Quanquam

458 1404 648 1470 paucis
690 1405 866 1460 dedita
905 1423 1069 1477 opera
1107 1409 1272 1464 multa
1326 1411 1670 1477 coacervari,
1709 1420 1770 1466 ut
1830 1427 1896 1466 ex
1963 1411 2049 1467 his

456 1499 646 1566 paucis
677 1498 882 1568 reliqua
916 1501 1146 1576 lectores
1171 1503 1472 1570 judicarent
1503 1523 1516 1559 :
1548 1512 1672 1560 sunt
1695 1505 1839 1560 enim
1866 1507 2047 1560 omnia

461 1591 731 1661 ejusdem,
765 1602 822 1646 ut
855 1595 1026 1660 aiunt,
1079 1595 1329 1650 ofﬁcinae.
1376 1595 1597 1651 Vastum
1648 1596 1794 1652 enim
1857 1598 2048 1667 impie-

467 1683 599 1739 tatis
649 1685 873 1754 pelagus
942 1687 1273 1754 aperuimus,
1340 1689 1408 1742 ad
1465 1689 1607 1758 quod
1668 1689 2046 1760 trajiciendum

467 1772 766 1828 multorum
823 1787 968 1832 esset
999 1791 1134 1846 optts
1189 1779 1400 1833 dierum
1463 1780 1658 1847 spatio.
1703 1781 1816 1837 Nos
1858 1792 2043 1836 autem

461 1867 737 1937 paululum
796 1885 823 1923 a
855 1878 1001 1925 terra
1038 1872 1215 1927 adhuc
1249 1875 1539 1937 movimus.
1574 1884 1628 1930 ct
1700 1885 1880 1930 tamen
1947 1890 2045 1932 vos

463 1971 799 2018 nauseantes
847 1960 1048 2030 sentio,
1094 1966 1211 2019 imo
1270 1981 1398 2020 vero
1465 1967 1597 2022 mihi
1657 1967 1830 2037 prius,
1885 1984 2048 2040 quam

459 2055 639 2120 vobis,
679 2055 731 2110 id
762 2056 980 2112 accidit.
1011 2058 1091 2112 Ac
1117 2057 1248 2112 mihi
1293 2058 1485 2113 melius
1516 2061 1756 2126 videtur,
1809 2071 1872 2116 ut
1926 2076 2051 2116 ora-

461 2152 626 2207 tionis
658 2151 773 2207 vela
823 2153 1231 2218 contrahamus,
1267 2161 1322 2209 et
1363 2155 1678 2210 inhibentes
1737 2156 1790 2208 in
1825 2154 2031 2210 silentii

463 2251 676 2313 portum
735 2246 1176 2313 contendamus;
1224 2255 1277 2302 et
1318 2260 1384 2301 eo
1429 2248 1624 2317 magis,
1671 2247 1815 2315 quod
1872 2247 2051 2316 lingua

460 2335 552 2391 illa
584 2338 811 2392 scelesta
863 2340 1192 2409 garrulaque
1217 2341 1519 2408 conticuit;
1557 2349 1612 2396 et
1644 2340 1858 2396 nefaria
1893 2341 2045 2397 illius

462 2427 638 2493 labra,
690 2431 781 2500 qui
842 2431 1035 2501 impias
1094 2432 1398 2489 istiusmodi
1460 2449 1630 2503 nugas
1685 2435 2050 2506 excogitabat,

462 2534 728 2590 oppressa
783 2534 932 2588 sunt,
988 2535 1042 2578 et
1105 2526 1417 2580 obturatum
1463 2536 1550 2579 est
1605 2542 1667 2581 os
1713 2525 2052 2596 loquentium

461 2613 670 2683 iniqua.
707 2614 840 2670 Cum
871 2616 1015 2672 enim
1059 2618 1204 2672 hunc
1229 2618 1665 2688 sapientissimus
1723 2629 1779 2676 et
1826 2633 2054 2690 magna-

461 2705 663 2763 nimus.
702 2717 892 2761 noster
951 2710 1248 2777 imperator
1320 2712 1714 2766 accersendum
1779 2722 2051 2778 curasset,

459 2809 516 2853 et
546 2814 612 2854 ex
643 2801 822 2856 verbis
863 2801 1034 2870 ipsius
1078 2801 1271 2856 fabula:
1304 2804 1713 2858 simulationem
1763 2804 2052 2874 patefecis-

463 2901 568 2957 set,
619 2907 855 2961 enmque
907 2893 1047 2948 nihil
1110 2894 1254 2949 aliud
1308 2909 1450 2959 esse,
1502 2896 1603 2951 nisi
1659 2911 1733 2951 aes
1807 2896 2052 2965 undique

460 2983 700 3038 tinniens
741 2994 796 3039 et
839 2984 1004 3039 fallax
1065 2988 1380 3054 reperisset,
1435 3002 1557 3042 cum
1627 2988 1789 3043 modo
1813 2986 2044 3058 lingeret

462 3089 524 3129 se
557 3076 899 3145 resipiscere,
941 3077 1102 3132 modo
1140 3088 1397 3148 tanquam
1455 3081 1610 3135 canis
1661 3080 1727 3135 ad
1787 3081 2048 3137 vomitum

2151 578 2407 648 διάφορον
2437 577 2726 648 ἀνθρώπου
2759 579 2851 632 καὶ
2879 577 3107 649 χρόνουί

2225 763 2326 832 νβ’.
2347 762 2647 816 Ἀκούσατε
2667 761 2761 815 καὶ
2785 759 3139 829 γελοιωδεστέ
3151 775 3250 828 ραν
3271 759 3293 810 ἐ
3303 775 3333 830 ρ
3342 756 3595 828 μηνείαν,
3616 757 3750 809 κάν-

2149 854 2341 907 τεῦθεν
2378 853 2736 923 καταμάθετε
2769 853 2868 923 τὴν
2903 850 3131 920 ἀλογίαν
3164 849 3276 903 τῶν
3315 849 3482 919 μηδὲν
3519 849 3748 918 ἄμεινον

2151 947 2340 1019 γραῶν
2362 945 2823 1014 κωθωνιζομένων
2839 941 3309 1014 μυθολογούντων.
3330 939 3404 992 Τὸ
3429 940 3560 1008 γὰρ,
3586 940 3749 990 ‘Erg.

2153 1039 2484 1109 ϐριμήσατο
2511 1038 2719 1104 αὐτοῖς
2745 1040 2779 1092 ό
2806 1036 3047 1104 Ἰησοῦς
3072 1032 3747 1106 λέγωνςὲρμηνεύουσιν,

2153 1134 2234 1186 ὅτι
2279 1131 2727 1200 ἐνεὸρωμάτισεν
2768 1130 2952 1190 αὐτοῖς
2994 1129 3021 1180 ὁ
3061 1124 3272 1198 Ἰησοῦς
3315 1124 3495 1193 λόγον.
3525 1118 3656 1194 Ἆρ’
3685 1123 3748 1174 οὐ

2151 1225 2295 1279 δοκῶ
2333 1226 2429 1278 καὶ
2475 1223 2637 1287 αὑτὸς
2681 1221 3025 1292 παραπαίειν
3058 1218 3129 1272 τὰ
3165 1217 3277 1272 τῶν
3311 1216 3749 1288 παραπαίοντων

2154 1318 2620 1389 ὑποκρινόμενος;
2657 1314 3020 1386 Αἰσχύνομαι,
3056 1311 3413 1375 πιστεύσατε,
3447 1311 3542 1362 καὶ
3579 1308 3750 1362 ἀϐου-

2152 1413 2330 1482 λήτως
2374 1410 2602 1464 τοιαῦτα
2646 1409 2983 1478 φθέγγομαι.
3032 1407 3130 1460 Διά
3175 1405 3336 1458 τοῦτο
3384 1401 3492 1472 γὰρ
3540 1402 3634 1455 καὶ
3678 1399 3750 1452 τὰ

2156 1505 2328 1560 πολλὰ
2362 1504 2720 1576 παρέδραμον
2757 1500 3050 1570 ἐπίτηδες,
3088 1498 3185 1552 καὶ
3223 1496 3504 1568 σποράδην
3538 1494 3605 1546 τὰ
3643 1493 3747 1564 ρη-

2153 1597 2315 1652 οέντα
2363 1593 2820 1666 συνεγραψάμην.
2863 1592 2987 1662 Χρὴ
3034 1591 3091 1645 δὲ
3131 1589 3261 1654 τοὺς
3303 1589 3749 1658 ἐντυγχάνοντας

2155 1689 2262 1744 ἀπὸ
2290 1688 2400 1742 τῶν
2429 1687 2628 1754 ὀλίγων
2653 1683 2864 1739 τούτων
2893 1681 3191 1752 διαγνῶναι
3221 1680 3318 1734 καὶ
3348 1677 3418 1731 τά
3449 1675 3749 1746 λειπόμενα

2153 1783 2252 1852 τῆς
2288 1781 2492 1850 αὐτῆς,
2527 1780 2558 1834 ὃ
2589 1793 2789 1847 φασιν,
2825 1775 2955 1829 ὄντα
2988 1771 3319 1845 κεραμείας.
3358 1769 3598 1835 Πέλαγος
3637 1765 3751 1836 γάρ

2081 1837 2123 1892 Β
2159 1837 2660 1940 ἀσεϐείαςμάχανες
2698 1837 3000 1939 ἠνοίξαμεν
3041 1837 3255 1918 πολλῶν
3291 1860 3524 1934 ἡμερῶν
3566 1859 3648 1920 είς
3687 1857 3751 1911 τὸ

2157 1965 2627 2037 διαπεραιωθῆναι
2655 1962 2946 2032 δεόμενον,
2981 1959 3079 2014 καὶ
3113 1957 3314 2028 μικρὸν
3345 1953 3751 2021 ἀπεσπάσαμεν

2155 2062 2254 2131 τῆς
2302 2060 2406 2130 γῆς
2456 2059 2559 2110 ἔτι.
2610 2057 2724 2109 Καὶ
2769 2051 3119 2107 ναυτιώντων
3168 2049 3326 2118 ὑμῶν
3378 2045 3750 2114 αἰσθάνομαι,

2159 2155 2362 2222 μᾶλλον
2390 2153 2447 2207 δὲ
2479 2152 2573 2205 καὶ
2606 2149 2713 2221 πρὸ
2746 2148 2902 2219 ὑμῶν
2934 2145 3100 2208 αὐτὸς
3133 2143 3242 2213 ἐγὼ
3269 2140 3431 2196 τοῦτο
3461 2135 3710 2192 πέπονθα
3732 2175 3748 2200 ,

2155 2249 2251 2304 καί
2303 2265 2396 2319 μοι
2445 2246 2596 2300 δοκεῖ
2641 2244 2854 2314 βέλτιον
2896 2239 3215 2311 χαλάσαντα
3261 2235 3364 2306 τὴν
3409 2233 3605 2301 ὀθόνην
3653 2227 3752 2281 τοῦ

2153 2345 2318 2412 λόγου
2343 2383 2358 2407 ,
2393 2341 2490 2393 καὶ
2526 2337 2785 2408 πρύμναν
2821 2332 3204 2404 κρουσάμενον
3241 2332 3323 2389 είς
3357 2327 3450 2381 τὸν
3483 2327 3581 2394 τῆς
3618 2339 3753 2374 σιω-

2155 2437 2267 2506 πῆς
2303 2433 2543 2503 κατᾶραι
2581 2428 2805 2497 λιμένα,
2845 2426 2940 2479 καὶ
2982 2422 3209 2494 μᾶλλον,
3246 2422 3330 2474 ὅτι
3381 2417 3677 2485 σεσίγηκεν
3715 2415 3750 2484 ἠ

2157 2527 2371 2599 πονηρὰ
2405 2526 2501 2579 καὶ
2538 2522 2700 2584 λάλος
2735 2520 2998 2588 γλῶσσα,
3035 2517 3128 2568 καὶ
3165 2514 3234 2566 τὰ
3269 2511 3496 2582 ἔμμυσα
3534 2507 3751 2577 μέμυκε

2153 2623 2308 2693 χείλη
2336 2619 2430 2672 τοῦ
2460 2617 2560 2689 τὴν
2589 2613 2763 2682 ἐναγῆ
2794 2611 3002 2682 ταύτην
3031 2605 3354 2676 ἀδολεσχίαν
3386 2599 3751 2693 ὑφηγησαμέ-

2155 2692 2269 2782 νου,
2298 2692 2414 2768 καὶ
2443 2709 2722 2779 ὲνεφρὰγη
2749 2705 2928 2769 στόμα
2973 2701 3282 2755 λαλούντων
3325 2695 3508 2749 ἄδικα.
3561 2692 3751 2760 Παρα-

2155 2810 2498 2880 στησάμενος
2548 2802 2658 2873 γὰρ
2708 2799 2874 2854 αύτέν
2917 2797 2946 2849 ὁ
2990 2794 3312 2863 σοφώτατος
3364 2791 3460 2842 καὶ
3511 2785 3751 2880 μεγαλόῖ

2151 2875 2349 2974 ψύχος-
2389 2898 2547 2970 ἡμῶν
2623 2892 2919 2967 βασιλεὺς,
2992 2889 3090 2942 καῖ
3140 2885 3245 2956 ’τὴν
3300 2882 3610 2974 ἀπόκρισιν
3649 2875 3749 2931 τοῦ

2151 2972 2483 3067 γράμματος
2513 2985 2878 3054 ἀποκαλύψας
2898 3023 2911 3047 ,
2945 2981 3039 3036 καὶ
3072 2977 3488 3067 διακωδωνίσας
3516 2972 3710 3028 τοῦτον
3725 3007 3749 3067 ς

2152 3062 2386 3155 ἐπείπερ
2417 3077 2546 3152 εὗρε
2571 3075 2911 3146 πανταχόθεν
2963 3070 3278 3141 ὑπόχαλκον
3327 3065 3598 3137 ἠχοῦντα,
3649 3062 3749 3114 καὶ

461 3187 619 3224 suum
648 3171 869 3236 rediret,
907 3186 962 3226 re
1019 3173 1390 3238 considerata,
1457 3175 1822 3242 outnibusque
1879 3175 2049 3244 magi-

2154 3178 2441 3248 κίὸδηλον,
2475 3174 2572 3226 καὶ
2607 3171 2704 3225 νῦν
2744 3169 2844 3239 μὲν
2879 3163 3360 3234 ἐπαγγελλόμενον
3397 3155 3744 3259 μεταδολὴν,

467 3261 735 3317 stratibus
767 3271 876 3315 tam
909 3262 1186 3327 civilibus,
1220 3279 1384 3332 quam
1417 3265 1807 3320 ecclesiasticis
1838 3279 2045 3320 convo-

462 3354 624 3418 catis,
659 3353 990 3408 sententiam
1040 3353 1188 3417 tulit,
1221 3363 1278 3407 ut
1319 3353 1447 3422 igne
1493 3354 1926 3421 combureretur,
1958 3357 2050 3424 qui

463 3442 664 3498 multos
731 3444 785 3496 in
837 3443 1099 3514 gehennae
1159 3445 1339 3512 ignem
1401 3444 1729 3510 conjecerat.
1781 3444 1859 3495 Ac
1909 3459 2054 3498 nunc

466 3534 557 3591 ille
601 3534 820 3606 quidem
885 3545 1160 3592 crematus
1232 3536 1389 3592 abiit.
1442 3534 1581 3602 Quis
1632 3543 1813 3591 autem
1876 3536 2050 3591 dolori

463 3640 716 3703 questum
753 3645 1046 3701 exequans
1074 3631 1212 3686 satis
1241 3629 1416 3700 ipsius
1464 3630 1680 3686 meritis
1745 3644 2051 3700 conquera-

468 3734 576 3788 tur,
611 3724 704 3791 qui
737 3738 858 3776 cum
908 3722 1218 3791 quindecim
1258 3736 1526 3776 annorum
1560 3721 1739 3788 spatio
1797 3723 2050 3792 dogmata

464 3812 770 3878 didicisset,
803 3828 864 3868 ea
919 3813 1103 3868 docuit
1171 3813 1330 3867 annis
1379 3813 1610 3880 amplius
1662 3812 2048 3884 quadraginta,

468 3903 1008 3973 innumerabilesque
1037 3901 1332 3972 discipulos
1365 3903 1419 3956 in
1445 3902 1770 3960 barathrum
1796 3905 2053 3972 perditio.

467 3997 552 4052 nis
607 3996 860 4063 detrusit,
914 4011 980 4052 ac
1029 3995 1264 4066 denique
1292 3995 1361 4050 ab
1414 3994 1521 4052 illis
1582 3995 1810 4052 minime
1865 4007 2054 4053 sancte

467 4088 783 4156 discedens,
818 4098 875 4145 et
900 4092 968 4145 ab
995 4100 1230 4160 utraque
1261 4089 1370 4144 vita
1405 4090 1684 4155 exclusus,
1714 4091 1796 4145 sic
1848 4101 2054 4146 utrum-

469 4197 572 4251 que
603 4182 783 4252 ignem
802 4190 888 4238 est
922 4192 1266 4245 consecutus,
1297 4190 1354 4236 ut
1399 4182 1467 4237 ab
1495 4181 1762 4239 exstincto
1787 4182 1855 4239 ad
1878 4183 2050 4249 illum,

469 4276 560 4344 qui
594 4288 702 4330 non
759 4273 1146 4345 exstinguitur,
1198 4274 1473 4344 profectus
1529 4273 1646 4330 sit?
1695 4272 1774 4330 De
1832 4274 2054 4344 reliquis

470 4368 603 4421 item
639 4365 918 4422 ﬁdendum
949 4377 1054 4423 est.
1087 4367 1262 4437 Caput
1287 4368 1432 4422 enim
1473 4368 1729 4423 draconis
1753 4366 1866 4437 jam
1919 4382 2053 4424 con-

469 4462 701 4518 fractum
737 4469 843 4527 est,
878 4473 1169 4533 partesque
1208 4462 1395 4532 ipsius.
1420 4476 1482 4517 ac
1509 4463 1757 4518 membra
1783 4462 2052 4532 pracipua

2153 3273 2280 3340 ἄρτι
2307 3269 2362 3320 δὲ
2395 3265 2652 3334 καθάπερ
2682 3262 2823 3315 κύνα
2853 3259 2990 3329 πρὸς
3015 3255 3113 3310 τὸν
3140 3255 3270 3308 ἴδιον
3299 3249 3746 3319 ἐπανερχόμενον

2150 3366 2371 3435 ’ῑμετον,
2401 3357 2598 3428 σκέψιν
2624 3355 2757 3427 περὶ
2784 3353 2980 3407 τούτου
3011 3348 3261 3419 προθεὶς,
3286 3345 3381 3399 καὶ
3409 3359 3473 3394 συ
3485 3341 3746 3435 μψήφους

2153 3433 2280 3516 τοὺς
2320 3455 2379 3504 ὲν
2418 3451 2564 3504 τέλει
2611 3447 2822 3507 πάντας
2863 3442 3048 3498 λαϐὼν
3087 3433 3584 3509 ἐκκλησιαστικοὺς
3630 3434 3747 3501 ᾶμα

2157 3547 2254 3600 καὶ
2272 3542 2608 3606 πολιτικοὺς,
2632 3538 2962 3594 κατεδίκασε
2989 3534 3088 3604 τὴν
3115 3531 3206 3586 διὰ
3236 3527 3408 3599 πυρὸς
3441 3522 3746 3593 ὑποστῆναι

2150 3639 2430 3710 τιμωρίαν
2460 3634 2550 3689 τὸν
2582 3631 2816 3694 πολλοὺς
2847 3631 2930 3692 είς
2957 3628 3020 3681 τὸ
3048 3625 3149 3695 τῆς
3182 3623 3408 3693 γεέννης
3442 3614 3747 3689 παραπέμ-

2155 3734 2336 3803 ψαντα
2351 3729 2483 3800 πῦρ.
2503 3727 2614 3782 Καὶ
2639 3726 2734 3780 νῦν
2759 3725 2788 3778 ὁ
2819 3724 2919 3794 μὲν
2945 3720 3320 3792 πυρίκαυστος
3345 3713 3541 3785 ᾤχετο,
3570 3723 3747 3803 πονῆ-

2161 3801 2252 3895 ρὸν
2300 3823 2555 3890 ἐντάφιον
2581 3815 3034 3885 ἀπενεγκάμενος
3059 3812 3158 3882 τὴν
3187 3807 3464 3863 ἀσέὸειαν.
3491 3805 3586 3867 Τίς
3613 3802 3656 3856 δ’
3672 3801 3742 3856 ἀν

2155 3916 2314 3980 εἰδὼς
2344 3914 2544 3970 πάθεσι
2577 3911 2812 3980 θρήνους
2843 3906 3057 3972 ὲξισοῦν
3085 3901 3251 3968 ἀξίως
3281 3899 3448 3956 αὑτὸν
3467 3897 3746 3966 ὀδύραιτο,

2143 4011 2405 4083 μαθόντα
2443 4007 2542 4077 μὲν
2574 4007 2646 4059 τὰ
2679 4004 2930 4073 δόγματα
2959 4000 3061 4068 τῆς
3095 3997 3306 4066 πλάνης
3341 3995 3398 4046 ἐν
3427 3992 3574 4045 ἔτεσι
3611 4002 3746 4083 πεν-

2149 4075 2470 4160 τεκαίδεκα,
2497 4094 2783 4159 διδάξαντα
2815 4091 2874 4144 δὲ
2903 4090 3078 4144 ταῦτα
3110 4087 3274 4141 πάλιν
3304 4087 3362 4138 ὲν
3391 4083 3602 4138 πλείοσι
3632 4075 3744 4130 τῶν

2153 4189 2588 4258 τεσσαράκοντα,
2623 4183 2854 4255 μυρίους
2884 4181 2942 4235 δὲ
2975 4179 3226 4251 μαθητὰς
3257 4178 3340 4240 εἰς
3367 4176 3430 4227 τὸ
3464 4171 3746 4243 βάραθρον

2157 4282 2380 4336 ὥσαντα
2416 4281 2517 4350 τῆς
2559 4275 2862 4342 ἀπωλείας,
2897 4275 2994 4328 καὶ
3032 4272 3344 4326 τελευταῖον
3385 4267 3487 4321 ούκ
3526 4263 3747 4323 εὐαγῡς

2158 4376 2342 4436 αὐτοῖς
2375 4369 2794 4435 ὲπαιτελθόντα,
2831 4367 2927 4420 καὶ
2960 4365 3107 4436 ζωῆς
3144 4363 3244 4435 μὲν
3275 4361 3545 4430 ἑκατέρας
3579 4359 3750 4409 ἐκτισ-

2159 4471 2442 4532 πτωκότα,
2476 4466 2648 4539 πυρὸς
2672 4465 2730 4519 δὲ
2755 4464 2946 4518 τούτου
2974 4459 3229 4514 κάκείνου
3256 4451 3620 4524 τετυχηκότα.
3649 4444 3749 4539 καὶ

470 4555 703 4623 sublata,
741 4556 950 4624 reliqua
993 4567 1174 4612 autem
1210 4553 1446 4609 similem
1478 4555 1680 4609 exitum
1715 4564 1810 4610 aut
1859 4554 2049 4612 celeri-

2162 4563 2252 4620 διὰ
2280 4562 2375 4617 τοῦ
2415 4538 2738 4620 σϐεσθέντος
2774 4556 2873 4609 ἐπὶ
2895 4553 2958 4606 τὸ
2995 4552 3070 4623 μὴ
3110 4547 3474 4617 σϐεννύμενον
3503 4538 3748 4610 ικδῆμή-

469 4659 571 4716 ter,
630 4659 722 4704 aut
793 4649 952 4719 paulo
1005 4659 1126 4717 post
1190 4657 1607 4718 consequentur.
1662 4647 1808 4702 Bona
1870 4659 2051 4705 autem

469 4759 658 4799 smnus
686 4745 740 4799 in
773 4758 892 4814 spe,
924 4757 992 4798 ne
1024 4742 1252 4798 caudam
1311 4742 1526 4812 quidem
1565 4743 1908 4798 .evitaturam
1971 4745 2052 4799 di-

472 4837 726 4904 ligentem
815 4846 870 4890 et
941 4843 1259 4890 accuratam
1329 4837 1670 4903 imperatoris
1747 4836 2052 4907 indagatio-

473 4943 620 4995 nem,
672 4929 763 4998 qui
848 4944 1049 4999 magno
1130 4929 1311 4985 studio
1385 4940 1546 4999 atque
1625 4932 1776 4986 omni
1839 4933 2052 4990 ratione

472 5030 697 5077 t‘llllClOS
753 5033 1004 5086 venatur,
1070 5030 1128 5076 ut
1182 5038 1276 5077 eos
1345 5024 1550 5079 retibus
1605 5026 2072 5092 comprehendat,-

473 5131 582 5185 quo
613 5115 835 5187 pietatis
872 5116 1116 5170 triticum
1181 5133 1210 5170 a
1265 5116 1494 5172 zizaniis
1541 5126 1903 5186 expurgatum
1964 5132 2054 5173 os-

473 5212 745 5266 tendatur.

2166 4671 2368 4721 σαιτας
2397 4651 2520 4723 Χρὴ
2550 4651 2736 4721 μέντοι
2765 4647 2989 4720 θαρρεῖν
3015 4645 3111 4698 καὶ
3140 4642 3270 4711 περὶ
3291 4639 3401 4696 τῶν
3425 4633 3746 4700 ὑπολελειμ-

2166 4751 2366 4820 μένων.
2407 4744 2803 4816 Συντέτριπται
2839 4742 2950 4811 γὰρ
2983 4740 3020 4807 ἡ
3054 4735 3150 4790 τοῦ
3175 4732 3478 4804 ’δράκοντος
3515 4728 3618 4820 ῆδῗη
3657 4742 3747 4777 κε-

2164 4819 2334 4911 ιραλή.
2354 4837 2475 4891 Τῶν
2495 4837 2552 4891 δὲ
2578 4835 2762 4908 μερῶν
2791 4832 2956 4886 αῢτοῦ
2997 4831 3088 4884 καὶ
3117 4826 3295 4899 μελῶν
3316 4824 3385 4877 τά
3406 4819 3748 4911 καιριώτατα

2165 4909 2265 5004 μιν
2297 4909 2690 4997 συνείληπται,
2722 4930 2789 4983 τὰ
2816 4927 2874 4982 δὲ
2905 4923 3125 4996 μέλλει,
3153 4921 3224 4975 τὰ
3252 4918 3309 4971 δὲ
3339 4909 3747 4986 προσαγγέλλε-

2167 5045 2252 5080 ται
2287 5025 2407 5080 καθ’
2438 5025 2832 5103 ἑκάστηνκκαὶ
2861 5017 3184 5090 τρεφόμεθα
3210 5014 3477 5086 χρησταῖς
3507 5006 3744 5103 ἐλπίσιν,

2162 5121 2240 5185 ὡς
2268 5121 2392 5174 οὐδὲ
2417 5121 2480 5173 τὸ
2510 5101 2732 5189 οὐραῖον
2763 5115 3089 5187 ἐκφεύξεται
3120 5112 3220 5182 τὴν
3249 5105 3472 5179 ἐμμελῆ
3499 5102 3593 5158 τοῦ
3629 5101 3749 5154 θεο-

2165 5215 2501 5286 συνεργήτου
2528 5211 2796 5283 βασιλέως
2817 5208 3048 5279 ἔρευναν
3073 5207 3168 5260 καὶ
3191 5195 3747 5264 κατεσπουδασμένην

474 5306 810 5379 ἀναζήτησιν
837 5305 1104 5378 μεγάλαις
1129 5308 1381 5376 φροντίσι
1431 5308 1892 5377 κατατεινομένου
1914 5310 2079 5363 παντὶ
2115 5314 2212 5382 τρό
2224 5329 2307 5382 ττῳ
2335 5311 2547 5374 πάντας
2578 5307 2780 5368 αὐτοὺς
2825 5307 2962 5359 εῐσω
2990 5304 3235 5373 σαγήνης
3265 5299 3453 5353 λαὸεῖν
3475 5335 3494 5365 ,
3522 5293 3618 5348 καὶ
3649 5306 3749 5367 κατ

475 5398 618 5468 θαρά
647 5399 908 5465 ζιζανίων
937 5399 1220 5470 ἀποφῆναι
1249 5400 1348 5469 τῆς
1379 5401 1664 5464 εὐσεϐείας
1692 5401 1762 5456 τὰ
1792 5403 1940 5471 λήῖα.

979 5515 1289 5574 TITULUS
1341 5518 1579 5574 XXVIII.

481 5616 490 5626 '
521 5607 778 5683 Adversus
815 5609 1138 5683 Saracenos,
1196 5610 1286 5681 qui
1315 5621 1571 5664 vocantur
1596 5610 2049 5683 Ismaelilw,quod

542 5684 607 5736 ab
636 5682 864 5736 lsmaele
909 5683 1164 5752 originem
1201 5685 1473 5736 duxerint.
1559 5683 1654 5737 llic
1714 5701 1887 5740 autem
1923 5682 2046 5755 fuit

2730 5515 2983 5568 ΤΙΤΛΟΣ
3031 5513 3164 5568 Kﬂ'.

2160 5616 2322 5670 Κατὰ
2349 5611 2737 5680 Σαρακηνῶν,
2765 5609 2821 5663 οἳ
2842 5610 3174 5663 καλοῦνται
3202 5609 3581 5680 Vagam-urat
3606 5605 3745 5680 μὲν-ς

2226 5688 2306 5750 ὡς
2327 5675 2448 5740 ἀπό
2478 5675 2586 5739 τοῦ
2625 5683 2883 5753 ἰσμαὴι
2931 5675 3445 5750 καταγενόμέγοίο
3480 5679 3618 5742 υιὸς
3675 5675 3749 5728 δὲ

537 5817 553 5836 ⁶
587 5818 730 5871 Hunc
758 5816 956 5870 titulum
980 5817 1168 5888 primus
1191 5816 1359 5871 Graece
1390 5827 1439 5873 et
1466 5820 1631 5874 [θείης
1677 5821 1826 5874 edidit
1860 5821 1992 5874 Frid.
2043 5820 2334 5886 Sylburgius
2378 5821 2425 5868 in
2469 5817 2796 5878 Saraceuicis,
2843 5816 2970 5877 apud
3022 5815 3176 5888 lleur.
3222 5811 3583 5867 Commeliuum
3608 5823 3740 5859 anno
