4132 6410
467 393 610 463 1335
1716 406 2106 470 EU'IHYMII
2147 408 2517 470 ZylGABENl
3618 402 3759 467 1336

465 518 633 572 Deum
695 518 1035 577 conditorem
1097 521 1358 589 universi,
1388 522 1481 593 qui
1508 538 1685 594 neque
1706 524 1923 593 genitus
1976 525 2097 589 sit,

2126 528 2146 581 ί
2176 525 2314 596 μήτε
2354 524 2661 595 γεννηθεὶς,
2702 522 2842 594 μήτε
2881 522 3156 594 γεννήσας
3184 536 3197 551 ο
3232 519 3329 576 καὶ
3384 520 3469 575 ὅτι
3522 520 3550 573 6
3586 518 3758 588 Λόγος

461 625 642 682 neque
696 614 947 682 genuerit
982 632 996 668 :
1030 623 1084 670 et
1126 613 1365 672 Verbum
1421 615 1517 673 Dei
1582 627 1745 685 atque
1795 616 2058 687 Spiritum

2173 613 2270 666 τοῦ
2304 613 2466 680 Θεοῦ,
2510 615 2605 669 καὶ
2644 614 2705 667 τὸ
2740 611 2970 684 Πνεῦμα
2999 612 3190 677 αὐτοῦ,
3217 613 3414 667 κτιστὰ
3452 612 3602 673 ὄντα,
3644 613 3758 666 εἰσι

462 706 603 769 ejus.
629 720 748 775 quae
796 706 906 761 sint
956 708 1192 775 condita,
1246 709 1491 780 ingressa
1538 707 1763 765 Mariam
1816 724 2059 765 sororem

2170 707 2335 778 ἦλθεν
2364 709 2447 772 εἰς
2478 706 2697 779 Μαρίαν
2719 707 2820 778 τὴν
2843 706 3083 778 ἀδελφὴν
3110 704 3356 771 Μωσέως
3385 703 3481 758 καὶ
3519 702 3756 776 Ἀαρὼν,

466 794 631 851 .‘liosis
674 808 726 852 et
778 799 1031 864 Aarouis,
1064 800 1312 871 hancque
1339 801 1459 857 sine
1518 801 1729 857 semine
1783 802 2059 872 peperisse

2172 799 2269 853 καί
2322 798 2621 870 ἐγέννησεν
2662 800 2804 871 αὑτὴ
2859 799 2985 870 δίχα
3051 798 3374 869 σπέρματος
3428 794 3638 865 Ἰησοῦν
3668 795 3761 849 τὸν

463 888 645 943 Jesum
714 888 991 946 Christum
1018 932 1033 956 ,
1090 894 1179 962 qui
1208 895 1475 963 propheta
1501 903 1556 950 et
1579 910 1772 950 servus
1809 895 1902 950 Dei
1935 894 2057 950 fue-

2169 890 2428 963 Χριστόν,
2461 892 2751 963 προφήτην
2778 891 2873 945 καὶ
2913 890 3104 945 δοῦλον
3149 889 3415 959 γεγονότα
3469 886 3563 941 τοῦ
3594 887 3756 940 Θεοῦο

474 982 563 1046 rit,
632 980 958 1053 Judaeusqne
999 987 1205 1042 invidia
1268 988 1572 1045 concitatos
1597 987 1834 1047 voluisse
1883 992 2056 1059 ipsum

2168 981 2377 1036 xal61n
2409 982 2457 1035 οἰ
2505 981 2751 1037 Ἰουδαῖοι
2798 982 3175 1053 φθονήσαντες
3253 979 3538 1051 ἠθέλησαν
3584 978 3754 1033 αὐτὸν

473 1075 527 1128 in
580 1090 797 1132 crucem
860 1079 1099 1147 tollere,
1160 1096 1268 1151 quo
1323 1084 1719 1153 comprehenso
1807 1086 2057 1141 umbram

2169 1073 2485 1147 σταυρῶσαι
2514 1091 2529 1108 ⁶
2586 1077 2681 1129 καί⁵
2741 1076 3126 1148 κρατήσαντες
3162 1115 3178 1139 ,
3239 1074 3607 1145 ἐσταύρωσαν
3657 1074 3764 1145 τὴν

462 1167 581 1233 ejus
614 1171 987 1228 crnrilixerint
1014 1192 1027 1228 :
1055 1173 1334 1229 Christum
1368 1192 1496 1232 vero
1525 1192 1702 1248 neque
1734 1178 2057 1235 cruciﬁxum

2172 1164 2333 1221 σκιὰν
2357 1164 2549 1220 αὐτοῦ·
2585 1167 2750 1231 αὐτὸς
2798 1166 2856 1222 δὲ
2884 1168 2913 1221 6
2962 1165 3205 1237 Χριστὸς
3252 1166 3353 1221 οὐκ
3404 1165 3761 1238 ἐσταυρώθη,

465 1258 657 1325 fuisse,
680 1278 854 1334 neque
885 1266 1087 1323 obiisse
1117 1284 1129 1320 :
1159 1266 1329 1322 Deum
1357 1267 1499 1323 enim
1529 1269 1674 1324 hunc
1699 1269 2060 1339 assumpsisse

2167 1259 2292 1313 οὐδὲ
2361 1259 2672 1316 ἀπέθανεν·
2731 1262 2761 1314 ό
2808 1260 2919 1330 γὰρ
2954 1258 3093 1324 Θεὸς
3155 1258 3355 1313 ἔλασεν
3412 1258 3583 1312 αὐτὸν
3621 1258 3764 1328 πρὸς

467 1368 535 1408 eo
584 1356 727 1424 quod
781 1357 959 1427 ipsum
1020 1369 1251 1415 amaret.
1292 1359 1458 1416 Deum
1518 1361 1685 1416 etiam
1750 1360 2054 1416 Christum.

2167 1350 2362 1406 ἑαυτὸν
2392 1353 2473 1415 εἰς
2520 1353 2612 1406 τὸν
2669 1353 2932 1423 οὐρανὸν,
2981 1352 3073 1408 διὰ
3105 1352 3166 1407 τὸ
3193 1352 3370 1422 φιλεῖν
3420 1352 3586 1406 αὐτόν
3616 1368 3631 1383 ο
3663 1352 3762 1406 καὶ

467 1457 817 1514 posteaquam
846 1450 908 1504 in
943 1452 1141 1506 ctelum
1174 1452 1536 1518 ascendisset,
1588 1453 1951 1523 interrogasse
1974 1453 2059 1507 di-

2168 1444 2249 1497 ὅτι
2276 1443 2576 1499 ἀνελθόντα
2599 1444 2692 1499 τὸν
2724 1444 2962 1515 Χριστὸν
2993 1446 3077 1509 είς
3113 1445 3210 1500 τδν
3235 1444 3494 1515 οὐρανὸν,
3544 1443 3763 1516 ἐρώτη-

462 1546 681 1593 ccntem
719 1555 733 1592 :
783 1556 802 1589 ι
857 1537 902 1595 0
941 1537 1069 1596 Jesu
1104 1543 1116 1595 !
1177 1553 1341 1598 tuane
1387 1544 1501 1598 hac
1531 1553 1616 1598 est
1656 1545 1853 1607 oratio,
1911 1544 2058 1613 quod

2170 1553 2263 1593 σεν
2288 1538 2316 1591 6
2343 1538 2498 1604 Θεὸς,
2523 1538 2734 1607 λέγων·
2770 1557 2789 1592 ι
2819 1535 2892 1592 Ὦ
2931 1538 3140 1609 Ἰησοῦ,
3180 1537 3247 1591 σὺ
3289 1534 3446 1601 εἶπες
3478 1537 3573 1591 τὸν
3598 1537 3762 1605 λόγον

465 1639 520 1682 ιιι
554 1629 765 1685 scilicet
810 1632 887 1688 sis
928 1632 1099 1688 Filius
1141 1634 1234 1690 Dei
1280 1643 1337 1690 et
1398 1635 1590 1691 Deus?
1640 1647 1697 1691 et
1754 1635 1937 1692 Jesum
1972 1652 2059 1692 re-

2166 1629 2378 1698 τοῦτον,
2405 1630 2488 1684 ὅτι
2521 1631 2650 1694 Υἰὸς
2682 1628 2733 1684 εἰ
2778 1629 2875 1684 τοῦ
2913 1630 3077 1695 Θεοῦ,
3128 1629 3223 1685 καὶ
3251 1628 3423 1697 Θεός;
3477 1629 3590 1683 Kal
3616 1630 3757 1683 ἀπε-

465 1718 755 1786 spondisse
779 1738 793 1774 :
819 1736 878 1776 se
898 1738 1002 1776 nou
1026 1724 1278 1779 docuisse
1303 1725 1402 1779 hoc
1426 1738 1600 1793 neque
1626 1724 1945 1779 erubescere
1963 1719 2056 1780 Dei

2170 1721 2331 1794 κρίθη
2379 1721 2587 1793 Ἰησοῦς
2618 1724 2702 1777 ὅτι
2731 1723 2847 1776 Οὐκ
2876 1715 3034 1776 εἷπον
3082 1720 3195 1791 ἐγώ
3219 1737 3233 1753 ο
3267 1722 3391 1776 οὐδὲ
3421 1720 3757 1792 αἰσχύνομαι
3790 1706 3802 1717 ’

463 1821 682 1861 servum
712 1823 856 1873 esse,
891 1824 1080 1864 verum
1106 1811 1355 1866 homines
1381 1812 1497 1865 haec
1519 1812 1590 1865 ita
1616 1811 1838 1867 dixisse.
1876 1830 1894 1864 ι
1935 1811 2058 1867 Haec

2167 1808 2311 1867 εἶναι
2343 1812 2530 1877 δοῦλός
2567 1831 2688 1868 σου.
2764 1813 2909 1866 Ἀλλ’
2949 1813 2998 1866 οἱ
3054 1813 3337 1882 ἄνθρωποι
3392 1812 3636 1881 λέγουσι,
3672 1812 3758 1865 ὅτι

463 1902 675 1971 aliaque
699 1907 969 1973 permulta
1011 1915 1252 1959 monstra
1297 1904 1353 1958 in
1403 1904 1491 1959 illa
1552 1906 1820 1975 scriptura
1878 1894 2095 1960 elIutitl

2162 1905 2316 1960 εἷπον
2348 1906 2439 1961 τὸν
2470 1906 2632 1975 λόγον
2677 1907 2891 1961 τοῦτον.
2935 1925 2954 1959 ι
3000 1908 3113 1962 Kal
3144 1907 3284 1962 ἄλλα
3314 1905 3491 1959 πολλὰ
3520 1884 3794 1973 separe-1

466 1994 722 2062 ridicula,
777 2011 941 2066 quam
967 1996 1226 2053 divinitus
1264 1997 1329 2052 ad
1354 2011 1414 2052 se
1447 1997 1680 2052 delatam
1717 1997 1879 2054 nimis
1912 1998 2059 2055 inso-

2159 1998 2334 2064 λογῶν
2383 1999 2443 2053 έν
2474 2001 2540 2071 τῇ
2574 2000 2803 2073 τοιαύτῃ
2855 2001 3047 2071 γραφῇ
3084 1998 3328 2068 γέλωτος
3364 1996 3519 2063 ἄξια,
3544 1995 3757 2066 ταύτην

464 2088 641 2145 ἰεηιθι·
695 2093 934 2161 jactilat.
2159 2096 2223 2149 ὲκ
2245 2092 2383 2148 Θεοῦ
2415 2094 2499 2147 ἐπ’
2523 2093 2691 2146 αὐτὸν
2719 2092 3123 2164 κατενεχθῆναι
3148 2092 3513 2163 φρυάττεται.
3766 2074 3787 2162 ξ

535 2183 591 2238 ‘5.
617 2183 728 2241 Nos
760 2200 889 2243 vero
928 2188 1194 2258 discipulo
1223 2190 1342 2259 ejus
1405 2192 1815 2259 respondemus,
1867 2206 2058 2248 omnes

2233 2192 2307 2255 γ’.
2342 2187 2540 2257 Ἡμεῖς
2575 2187 2633 2241 δὲ
2666 2186 2900 2259 πρὸςτὺν
2935 2186 3187 2258 μαθητὴν
3210 2184 3379 2239 αὐτοῦ
3411 2185 3644 2260 λέγομεν
3673 2186 3756 2239 ὅτι

468 2272 767 2339 prophetas
830 2274 897 2329 de
959 2276 1187 2332 Domino
1213 2288 1399 2333 nostra
1460 2278 1586 2335 Jesu
1630 2281 1851 2337 Christo
1902 2296 2059 2351 prae-

2162 2281 2300 2352 ﬂepl
2342 2280 2443 2350 μὶν
2466 2279 2560 2333 τοῦ
2592 2280 2802 2351 Κυρίου
2835 2278 2997 2351 ήμῶν
3039 2277 3218 2350 Ἰησοῦ
3253 2277 3501 2349 Χριστοῦ
3546 2277 3755 2340 πάντες

464 2364 693 2429 dixisse,
724 2374 779 2421 et
815 2377 941 2422 ante
999 2369 1100 2423 hos
1142 2370 1356 2435 Mosen,
1412 2372 1555 2441 quod
1594 2380 1649 2428 et
1727 2372 1822 2429 Dei
1890 2372 2059 2428 Filius

2162 2375 2212 2427 οἰ
2240 2373 2524 2444 προφῆται
2561 2372 3071 2444 προκατήγγειλαν,
3113 2370 3210 2425 καί
3245 2369 3356 2441 πρὸ
3379 2368 3588 2424 τούτων
3619 2369 3755 2423 Μω-

462 2463 548 2510 et'
581 2454 726 2512 Deus
772 2459 1034 2515 extremis
1074 2461 1406 2529 temporibus
1465 2463 1756 2517 humanam
1808 2473 2056 2520 naturam

2164 2467 2269 2538 σῆς
2295 2506 2310 2531 ,
2342 2468 2427 2521 ὅτι
2453 2466 2591 2521 Θεοῦ
2618 2465 2748 2532 Υἱὸς
2784 2465 2861 2520 ὢν
2902 2466 2999 2521 καὶ
3048 2463 3206 2531 Θεὸς,
3240 2463 3329 2519 ἐπ’
3368 2462 3617 2535 ἐσχάτων
3647 2460 3758 2516 τῶν

462 2556 615 2603 esset
637 2561 1017 2621 assumpturus
1046 2570 1061 2608 :
1097 2562 1152 2609 et
1172 2554 1416 2609 absoluta
1441 2554 1848 2625 dispensatione
1876 2570 1974 2611 sua
2003 2556 2059 2613 in

2165 2559 2397 2630 ήμερῶν
2452 2559 2875 2631 ὲνανθρωπήσει
2900 2572 2916 2589 ⁶
2952 2556 3048 2611 καί
3078 2555 3311 2621 τελέσας
3343 2557 3445 2626 τήν
3490 2556 3758 2628 ἔνσαρκον

460 2656 631 2698 carne
693 2645 1067 2716 cruciﬁgetur,
1132 2648 1444 2717 sepelietur,
1476 2659 1530 2703 et
1567 2658 1841 2718 resurget,
1878 2658 1933 2705 et
2002 2649 2056 2705 in

2164 2650 2489 2721 οἰκονομίαν
2542 2649 2738 2717 αὐτοῦ,
2778 2648 3240 2723 σταυρωθήσεται
3285 2650 3385 2702 καὶ
3421 2649 3753 2720 ταφήσεται,

462 2736 659 2792 εωίυηι
709 2748 1069 2795 assumetur:
1118 2741 1449 2810 tandemque
1499 2751 1759 2797 venturus
1795 2740 2058 2812 sitjudex

2164 2744 2262 2798 καί
2298 2743 2695 2814 ἀναστήσεται,
2738 2742 2834 2797 καὶ
2868 2744 2951 2805 εἰς
2990 2741 3224 2813 οὐρανὸν
3254 2740 3711 2811 ἀναληφθήσεται
3739 2756 3752 2770 ·

463 2831 710 2885 amnium
732 2870 748 2897 ,
782 2834 1014 2889 reddens
1040 2834 1335 2904 unicuique
1364 2838 1659 2891 secundum
1691 2851 1855 2907 opera
1888 2837 2007 2907 ejus
2041 2856 2055 2892 :

2164 2836 2260 2890 καί
2288 2836 2611 2890 τελευταῖον
2646 2834 2769 2905 ἥξει
2795 2836 2993 2905 κριτὴς
3024 2833 3270 2899 πάντων,
3299 2829 3597 2895 ἀποδιδοὺς
3622 2830 3756 2886 ἑκά-

462 2931 629 2992 atque
658 2923 757 2979 hos
800 2924 1020 2995 quidem
1053 2928 1347 2997 prophetas
1397 2942 1490 2983 vos
1523 2943 1765 2997 quoque,
1810 2930 1886 2984 uti
1934 2928 2059 2999 qui-

2165 2945 2278 3000 στῳ
2301 2928 2447 2985 κατὰ
2463 2929 2533 2984 τὰ
2558 2928 2698 2998 ἔργα
2726 2926 2916 2982 αὑτοῦ.
2936 2926 3176 2991 Τούτους
3200 2926 3258 2979 δὲ
3283 2926 3412 2991 τοὺς
3441 2925 3754 2997 προφήτας,

464 3015 586 3070 dem
618 3014 819 3082 dicitis,
844 3016 1113 3086 probatis.
1176 3019 1338 3089 Atqui
1402 3020 1469 3073 de
1518 3020 1829 3077 Moametho
1899 3035 2060 3077 nemo

2163 3024 2260 3077 καὶ
2285 3024 2465 3094 ὑμεῖς,
2489 3022 2567 3088 ώς
2593 3022 2811 3091 λέγετε,
2839 3020 3084 3093 δέχεσθε.
3109 3020 3249 3091 Περί
3276 3019 3333 3074 δέ
3353 3017 3451 3073 τοῦ
3500 3017 3755 3088 Μωάμεθ

462 3107 681 3162 illm-um
721 3109 975 3179 praedixit
1007 3110 1151 3180 quod
1220 3111 1363 3167 Deus
1409 3111 1701 3169 Saracenis
1740 3114 1903 3171 talem
1932 3129 2059 3185 pro-

2163 3115 2372 3170 τούτων
2387 3114 2567 3177 οὐδεὶς
2600 3115 3039 3187 προεφήτευσεν,
3074 3115 3156 3167 ὅτι
3191 3116 3436 3167 τοιοῦτον
3464 3114 3755 3182 προφήτην

464 3202 690 3270 phetam
744 3203 1088 3259 excitaturus
1135 3204 1227 3260 sit.
1288 3205 1357 3261 Et
1409 3204 1586 3263 Moses
1649 3208 1872 3277 quidem
1931 3222 2096 3290 cum‘

2124 3237 2134 3298 ί
2164 3206 2465 3274 ἀναστήσει
2500 3206 2613 3269 τοῖς
2644 3205 2993 3274 Σαρακηνοῖς
3038 3206 3065 3258 ό
3096 3203 3248 3267 Θεός.
3298 3204 3411 3257 Kal
3438 3204 3465 3257 6
3491 3201 3592 3273 μὲν
3621 3203 3756 3256 Μω-

464 3309 621 3350 mons
663 3294 805 3350 Sina
860 3296 1118 3353 terribilis
1144 3310 1289 3353 esset
1317 3299 1571 3367 nubibus,
1606 3301 1753 3371 igne,
1789 3302 2053 3368 tenebris,

2120 3294 2133 3299 ’
2168 3301 2292 3371 σῆς,
2311 3297 2407 3353 τοῦ
2434 3298 2599 3368 δρους
2617 3296 2710 3352 τοῦ
2725 3298 2860 3353 Σινᾶ
2885 3296 3122 3366 φοϐεροῦ
3145 3296 3434 3365 γεγονότος
3452 3297 3509 3348 ὲν
3534 3294 3752 3366 νεφέλῃ,

462 3394 516 3439 et
546 3385 762 3440 turbine
785 3385 1018 3457 aliisque
1065 3388 1462 3458 cansimillbus,
1488 3406 1609 3462 qua
1646 3399 1909 3450 terrorem
1974 3392 2059 3448 in-

2166 3393 2263 3446 xal
2293 3391 2453 3460 πυρὶ,
2491 3390 2587 3445 καί
2629 3391 2841 3460 γνόφῳ,
2893 3390 2991 3444 καὶ
3051 3387 3271 3460 θυέλλῃ,
3323 3389 3420 3441 καί.
3472 3387 3758 3450 τοιαύταις

464 3489 650 3535 enters
680 3488 735 3534 et
767 3479 1111 3537 formidinem
1133 3483 1339 3539 addere
1394 3485 1614 3554 solent,
1659 3488 1806 3542 omni
1858 3487 2057 3559 popqu

2163 3487 2355 3551 ἄλλαις
2387 3486 2645 3556 φρικταῖς
2696 3482 3132 3555 καταπλήξεσιν,
3192 3483 3435 3552 ὁρῶντος
3480 3480 3577 3535 τοῦ
3621 3479 3754 3535 λαοῦ

464 3582 746 3642 spectante
809 3576 865 3629 in
908 3574 1160 3633 tenebras
1184 3576 1468 3648 ingressus
1501 3589 1586 3635 est
1616 3580 1904 3652 legemque
1968 3598 2057 3639 re-

2166 3580 2394 3645 παντὸς,
2438 3579 2694 3649 εἰσῆλθεν
2752 3579 2835 3641 εἰς
2876 3576 2971 3631 τὸν
3016 3577 3240 3646 γνόφον,
3291 3576 3389 3629 καί
3438 3575 3533 3629 τὸν
3588 3574 3754 3643 νόμον

466 3668 585 3723 tulit
617 3685 631 3722 ι
665 3666 1010 3725 Moamethus
1060 3684 1191 3727 vero
1233 3672 1337 3728 iste
1402 3673 1613 3744 quibus,
1633 3676 1925 3746 portentis,
1961 3684 2057 3730 aut

2164 3672 2495 3743 έκομίσατο’
2526 3672 2555 3724 6
2586 3670 2643 3725 δὲ
2676 3669 2948 3741 Μωᾶμεθ,
2984 3669 3156 3723 ποίων
3191 3668 3545 3739 θεοσημείων
3575 3685 3756 3740 προη-

464 3763 791 3829 quibusnam
818 3765 1195 3834 spectantibus
1228 3767 1443 3839 accepit
1494 3766 1649 3823 illam
1674 3769 1937 3827 divinitus
1984 3770 2053 3825 ad

2162 3766 2523 3838 γησαμένων,
2555 3766 2589 3838 ἢ
2623 3766 2788 3821 τίνων
2820 3765 3097 3837 ὁρώντων,
3135 3764 3358 3832 έδέξατο
3382 3764 3482 3836 τὴν
3515 3763 3754 3833 θεόπεμ-

467 3873 526 3913 se
576 3859 826 3923 missam,
858 3867 923 3914 ut
957 3858 1159 3927 aiebat,
1192 3860 1565 3932 scripturam?
1593 3859 1665 3917 At
1694 3862 1785 3918 isti
1817 3878 1941 3919 cum
1967 3863 2055 3920 his

2166 3876 2303 3914 πτον
2328 3857 2561 3929 ταύτην,
2594 3859 2670 3921 ὡς
2695 3857 2874 3926 ἔλεγε,
2906 3857 3169 3927 γραφήν;
3209 3856 3321 3909 Kal
3354 3847 3503 3908 οῦτοι
3550 3854 3754 3919 ἐξαπο-

469 3952 773 4008 rationibus
843 3959 1170 4020 premuntur
1190 3962 1245 4009 et
1292 3953 1345 4008 in
1378 3954 1660 4025 angustias
1704 3955 2052 4026 rediguntur,

2168 3953 2423 4025 ρούμενοι
2458 3951 2881 4023 ἀποκρίνονται,
2908 3950 2991 4004 ὅτι
3019 3952 3048 4005 ό
3078 3950 3234 4014 Θεὸς.
3287 3951 3391 4004 ὅσα
3450 3948 3621 4011 θέλει,
3658 3947 3756 4001 καὶ

465 4044 837 4113 respondent.
884 4044 1050 4099 Deum
1105 4059 1442 4116 quaecunque
1499 4046 1659 4113 velit,
1710 4054 1766 4102 et
1827 4062 2054 4117 quomo-

2163 4044 2238 4108 ὡς
2269 4043 2436 4111 θέλει,
2474 4045 2641 4097 ποιεῖ.
2674 4037 2811 4096 Εἶτα
2838 4041 3005 4097 πάλιν
3027 4043 3190 4112 ήμεῖς
3217 4058 3232 4073 ο
3275 4041 3436 4095 Ἀλλὰ
3466 4040 3585 4104 πῶς
3618 4057 3754 4094 κατ-

465 4138 536 4190 do
577 4134 743 4202 velit,
763 4133 963 4191 facere.
1002 4134 1209 4192 Deinde
1241 4151 1342 4191 nos
1406 4136 1603 4191 iterum
1650 4149 1908 4205 urgemus
1940 4154 1952 4189 :
1985 4137 2057 4190 At

2161 4134 2332 4206 ἦλθεν
2370 4135 2465 4189 ἰπὶ
2513 4133 2605 4188 τὸν
2639 4134 2931 4205 προφήτην
2972 4133 3127 4204 ὑμῶν
3165 4133 3199 4203 ή
3234 4133 3419 4202 γραφή
3451 4149 3466 4198 ;
3521 4132 3630 4186 Kal
3660 4130 3756 4185 λέ-

466 4228 741 4296 quomodo
802 4228 1084 4283 descendit
1142 4226 1234 4282 illa
1276 4227 1545 4298 scriptura
1606 4226 1671 4281 ad
1734 4228 2051 4297 prophetam

2166 4240 2384 4293 γουσιν,
2440 4223 2525 4277 ὅτι
2563 4223 2916 4293 κοιμωμένου
2974 4223 3247 4277 ἐπέπεσεν
3283 4224 3371 4277 ἔπ’
3412 4223 3599 4280 αὐτόν.
3641 4224 3756 4276 Kal

468 4317 752 4373 vestrum?
803 4316 875 4371 Et
925 4318 1015 4371 isti
1058 4320 1437 4387 respondent:
1486 4317 1565 4372 Eo
1622 4318 1947 4388 dormiente,
1999 4320 2053 4375 in

2165 4311 2322 4379 αὖθις
2357 4316 2541 4387 ἡμεῖς,
2582 4315 2699 4369 Kal
2733 4313 2903 4370 πόθεν
2945 4315 3130 4386 δῆλον,
3163 4317 3247 4370 ὅτι
3308 4315 3497 4369 θεόθεν
3553 4313 3755 4370 ἔπεσεν

466 4413 643 4480 ipsum
696 4410 905 4465 incidit.
947 4408 1017 4465 Et
1059 4425 1161 4465 nos
1200 4410 1399 4465 iterum
1460 4411 1772 4481 reponimus
1806 4428 1822 4465 :
1853 4410 1923 4467 Et
1960 4428 2057 4468 un-

2163 4410 2251 4464 ἐπ’
2286 4409 2492 4475 αύτόν;
2529 4408 2694 4473 Εἰκὸς
2724 4408 2835 4481 γὰρ
2885 4408 3178 4480 ἄνθρωπον
3245 4409 3417 4480 αὐτὴν
3461 4409 3757 4479 γράψαντα

466 4506 662 4559 denam
704 4512 919 4559 constat
971 4503 1117 4573 quod
1185 4502 1442 4559 divinitus
1478 4518 1644 4572 super
1683 4504 1865 4575 ipsum
1908 4507 2055 4563 deci-

2167 4501 2322 4574 ρίψαι
2350 4502 2439 4556 ἐπ’
2481 4502 2647 4556 αὐτόν
2668 4517 2684 4531 ·
2717 4502 2749 4572 ἢ
2787 4500 2883 4557 καί
2910 4502 3078 4556 αὐτὸν
3138 4501 3348 4572 ταύτην
3402 4501 3756 4571 πλασάμενον

467 4598 661 4652 derit?
701 4596 979 4653 enimvero
1008 4596 1305 4654 verisimile
1348 4606 1431 4653 est
1486 4597 1763 4654 hominem
1805 4600 1898 4670 qui
1937 4616 2058 4657 eam
2096 4612 2099 4665 ς

2119 4594 2463 4668 )κηρύττειν
2494 4594 2579 4648 ὅτι
2615 4593 2803 4649 θεόθεν
2864 4593 3065 4649 ἔπεσεν
3104 4596 3195 4648 ἐπ’
3247 4594 3435 4648 αὐτόν.
3468 4593 3654 4665 Μηδὲν
3691 4594 3751 4648 δὲ

468 4690 765 4760 scripserat
816 4691 869 4745 in
902 4688 1078 4759 ipsum
1115 4689 1412 4761 proiecisse
1448 4708 1462 4745 :
1512 4690 1600 4748 vel
1637 4692 1822 4762 potius
1878 4692 2057 4761 ipsum

2164 4689 2381 4760 καίριον
2408 4687 2949 4759 προσαπολογεῖσθαι
2999 4686 3345 4756 δυναμένων,
3405 4686 3639 4758 λέγομεν
3664 4688 3753 4740 ὅτι

468 4797 592 4835 eam
628 4781 993 4848 conﬁnxisse,
1032 4791 1085 4837 et
1118 4791 1333 4852 postea,
1365 4783 1520 4853 quasi
1568 4782 1798 4838 caelitus
1834 4782 2057 4851 delapsa

2165 4780 2385 4849 Ὠσπερ
2426 4780 2455 4831 6
2502 4778 2853 4850 κοιμώμενος
2890 4779 3374 4849 παραφθέγγεται,
3409 4780 3504 4833 καὶ
3527 4778 3753 4834 ἀλλοκό-

475 4874 568 4940 sit,
644 4876 990 4944 praedicasse.
1052 4877 1188 4933 Cum
1257 4876 1421 4948 igitur
1449 4875 1584 4931 nihil
1638 4875 1796 4932 solidi
1848 4875 1919 4930 ad
1972 4874 2056 4929 sui

2162 4891 2291 4937 τους
2338 4872 2587 4944 ὀνείρους
2619 4873 2811 4944 βλέπει
2869 4853 3156 4939 πολλάκις,
3210 4872 3357 4927 οὕτω
3388 4875 3485 4927 καὶ
3544 4875 3613 4928 τὰ
3649 4875 3750 4943 τῆς

473 4966 845 5022 defensionem
886 4971 936 5023 in
1002 4970 1237 5024 medium
1295 4970 1492 5026 afferre
1535 4970 1767 5041 possint,
1828 4968 2061 5024 dicimus

2162 4968 2407 5038 γραφῆς,
2438 4967 2564 5038 ἥτις
2592 4965 2681 5019 ἐπ’
2711 4968 2881 5021 αὑτὸν
2921 4966 3132 5038 ὲρρίφη
3160 4967 3534 5038 κοιμώμενον,
3569 4984 3749 5036 παρα-

474 5077 577 5116 nos
612 5078 625 5115 :
664 5061 1137 5128 Quemadmodum
1184 5062 1275 5132 qui
1328 5064 1548 5127 dormit,
1588 5060 1856 5132 loquendo
1920 5060 2060 5114 deli-

2164 5061 2333 5133 φορὰ,
2375 5060 2472 5116 καὶ
2505 5058 3014 5134 ὁνειρωδικώτατον
3045 5059 3106 5113 τὸ
3125 5058 3344 5130 ψεῦδος.
3384 5059 3750 5129 Ἐρωτώντων

478 5158 583 5216 rat,
621 5160 675 5206 et
710 5166 853 5223 saepe
910 5150 1112 5219 aliquid
1168 5155 1461 5208 tuonstrosi
1516 5155 1568 5207 in
1609 5154 1822 5207 somnis
1891 5149 2055 5214 videt,

2162 5155 2221 5208 δὲ
2252 5155 2416 5210 πάλιν
2447 5154 2631 5225 ήμῶν,
2669 5153 2819 5219 Πῶς,
2866 5152 2960 5207 τοῦ
2990 5151 3240 5222 Μωάμεθ
3273 5151 3403 5223 ὑμῖν
3436 5150 3751 5221 ἐντειλαμέ-

474 5248 552 5300 sic
593 5250 757 5302 etiam
798 5246 883 5301 illa
936 5247 1206 5314 scriptura
1269 5262 1390 5316 qua:
1433 5248 1487 5302 iu
1541 5247 1717 5315 ipsum
1780 5244 2054 5299 dormien-

2163 5266 2257 5302 νου
2286 5248 2455 5320 μηδὲν
2484 5249 2614 5302 ἄνευ
2650 5247 2962 5319 μαρτυρίας
2986 5247 3019 5317 ἢ
3052 5248 3228 5301 ποιεῖν
3251 5247 3285 5317 ἢ
3314 5246 3747 5317 παραδέχεσθαι,

476 5350 583 5391 tem
617 5339 861 5415 conjecta
907 5347 1011 5402 est,
1055 5336 1305 5394 deliratio
1355 5350 1407 5393 et
1446 5339 1659 5393 somnio
1720 5338 2054 5391 simillimum

2164 5344 2265 5397 οὐκ
2299 5344 2628 5413 ἀπῃτήσατε
2680 5340 2848 5394 αὐτὸν
2903 5342 3238 5412 μαρτυρίαν,
3296 5340 3380 5393 ὅτι
3440 5357 3501 5394 τε
3546 5341 3573 5393 6
3612 5340 3746 5404 Θεδς

475 5432 816 5486 mendacium
902 5430 1019 5485 luit.
1078 5432 1317 5486 Rursum
1372 5447 1493 5484 cum
1559 5447 1655 5485 nos
1732 5446 1795 5485 ex
1861 5431 2055 5486 iisdem

2163 5437 2328 5490 αύτδν
2351 5436 2643 5507 προφήτην
2670 5435 3070 5506 ἐχειροτόνησε,
3098 5434 3196 5488 καί
3211 5434 3294 5487 ὅτι
3322 5434 3509 5488 θεόθεν
3527 5432 3748 5498 ἐδέξατο

476 5526 773 5596 qumrimus
824 5527 915 5597 qui
959 5529 1051 5581 liat
1115 5537 1170 5579 ut
1208 5541 1332 5581 cum
1370 5525 1444 5580 illi
1483 5540 1546 5579 ex
1606 5536 1879 5595 praecepto
1911 5524 2058 5581 Moa-

2164 5530 2265 5600 τὴν
2324 5529 2632 5599 εἰρημένην
2678 5527 3002 5594 θεολογίαν;
3066 5525 3361 5580 Σιωπῶσιν
3407 5525 3746 5597 αἰδούμενοι.

479 5618 645 5673 methi
676 5620 807 5674 nihil
870 5620 986 5674 sine
1045 5619 1352 5674 testimonio
1434 5633 1605 5688 neque
1653 5618 1834 5675 facere
1884 5635 2059 5690 neque

2164 5624 2278 5675 Kal
2304 5621 2463 5685 αὖθις
2515 5623 2707 5691 ἡμεῖς·
2742 5622 2806 5672 Ὢ
2846 5620 2946 5688 τῆς
3001 5621 3274 5683 ἀτοπίαςί
3332 5622 3602 5686 γυναῖκας
3648 5618 3751 5689 μὲν

479 5711 712 5779 probare
745 5721 800 5765 et
834 5711 1121 5765 admittere
1148 5712 1387 5773 soleant,
1437 5710 1642 5764 nnll‘um
1683 5712 2054 5766 testimonium

2162 5716 2257 5770 καὶ
2271 5715 2516 5783 δούλους,
2534 5716 2630 5770 καί
2654 5715 2913 5785 χρήματα
2934 5716 3029 5767 καὶ
3048 5715 3327 5785 κτήματα,
3348 5713 3442 5767 καὶ
3470 5713 3626 5775 ὄνους
3651 5714 3746 5768 καὶ

479 5806 551 5860 ab
581 5808 770 5859 eodem
810 5805 1110 5875 exegerint,
1150 5806 1292 5874 quod
1329 5803 1468 5860 Deus
1526 5806 1699 5876 ipsum
1733 5816 1787 5861 ω
1823 5807 2058 5876 prophe-

2163 5811 2355 5875 κύνας,
2373 5809 2434 5863 τὸ
2455 5807 2871 5869 εὐτελέστατον,
2900 5808 3070 5879 χωρὶς
3095 5805 3409 5878 μαρτυρίας
3435 5807 3537 5859 οὐκ
3552 5806 3707 5875 ἔχετε
3728 5821 3742 5835 ·

477 5907 584 5955 tam
621 5896 865 5969 elegerit,
911 5897 1164 5967 quodque
1205 5898 1320 5966 ipse
1360 5896 1618 5957 divinitus
1655 5901 1792 5956 hanc
1828 5901 1892 5956 de
1946 5900 2055 5957 Deo

2167 5904 2336 5969 μόνην
2358 5901 2415 5957 δὲ
2430 5901 2617 5956 πίστιν
2636 5900 2730 5955 καί
2760 5899 2981 5966 γραφὴν
3007 5899 3180 5966 οὕτως
3201 5900 3519 5957 ἀμάοτυοον
3538 5897 3694 5962 ἔχετε
3724 5913 3743 5966 ;
