4132 6486
466 446 603 512 1337

1354 446 1732 509 PANOPLIA
1776 445 2243 508 DOGMATICA.
2275 470 2347 484 -
2384 447 2536 510 ΤΙΤ.
2570 447 2853 512 XXVIII.

3597 448 3740 515 1338

461 562 770 619 doctrinam
799 561 1126 632 acceperit?
1161 562 1365 632 pudore
1415 561 1606 619 suffusi
1645 562 2041 619 conticescunt.
2077 561 2147 617 Et
2202 576 2301 619 nos
2337 563 2534 619 iterum
2589 571 2777 619 contra
2813 581 2831 620 :
2867 562 2913 618 Ο
2967 562 3392 619 absurdissimos
3425 566 3560 620 vos!
3615 582 3741 620 mu-

460 652 622 710 lieres
654 664 709 710 et
737 670 947 722 servos,
977 654 1237 726 pecunias
1264 664 1319 711 et
1359 654 1756 725 possessiones,
1796 656 1984 711 asinos
2029 660 2190 724 atque
2254 670 2444 723 canes,
2477 654 2804 710 vilissimum
2876 655 3103 723 animal,
3171 657 3290 712 sine
3345 657 3575 713 testibus
3628 672 3737 713 non

458 747 751 815 possidetis
776 748 975 803 :solam
1001 761 1132 804 vero
1154 748 1310 804 tidem
1323 758 1378 804 et
1403 758 1729 820 scripturam
1753 749 1891 806 adeo
1923 751 2042 807 sine
2095 750 2322 807 testibus
2352 747 2596 805 tenetis?

536 886 602 938 δ’.
639 882 782 938 Ἀλλ’
809 884 934 938 ἐπεὶ
988 884 1202 954 Ἰησοῦν
1223 884 1465 957 Χριστὸν
1499 885 1692 954 λέγετε
1731 886 1906 956 Λόγον
1945 885 2044 940 τοῦ

460 975 622 1040 Θεοῦ,
654 976 749 1030 καὶ
773 977 1001 1045 Πνεῦμα
1022 978 1209 1043 αὐτοῦ,
1242 980 1662 1051 συνομολογεῖτε
1693 983 1789 1034 καὶ
1810 980 2037 1045 ἄκοντες

463 1072 547 1124 ὅτι
578 1073 606 1124 6
631 1070 809 1139 Λόγος
833 1069 931 1125 τοῦ
979 1070 1118 1125 Θεοῦ
1171 1073 1269 1127 καὶ
1298 1072 1361 1126 τὸ
1418 1072 1645 1143 Πνεῦμα
1681 1073 1848 1128 αὑτοῦ
1879 1075 1939 1128 ἐν
1965 1072 2046 1143 τῷ

464 1163 580 1234 Θεῷ
613 1164 777 1219 εἰσιν.
812 1164 874 1217 '0
901 1164 1012 1235 γὰρ
1041 1165 1217 1234 Λόγος
1267 1165 1362 1220 τοῦ
1398 1165 1535 1220 Θεοῦ
1571 1169 1669 1222 καὶ
1709 1168 1772 1221 τὸ
1817 1168 2047 1236 Πνεῦμα

462 1256 630 1309 αὐτοῦ
661 1255 947 1327 ἀχώριστά
980 1258 1086 1310 εισι
1113 1256 1210 1311 τοῦ
1266 1251 1327 1311 οὗ
1366 1259 1527 1323 εἰσιν,
1586 1259 1676 1313 ἴνα
1723 1259 1799 1330 μὴ
1842 1260 2043 1329 ἄλογος

462 1334 559 1403 καὶ
584 1339 790 1411 ἄπνους
820 1347 1146 1420 ὑπολειφθῇ.
1182 1350 1245 1403 Εἰ
1275 1350 1332 1404 δὲ
1364 1352 1422 1406 ὲν
1452 1349 1531 1422 τῷ
1552 1350 1672 1422 Θεῷ
1701 1352 1851 1406 ἐστιν
1874 1353 1903 1405 6
1938 1354 2046 1407 A6-

461 1457 557 1507 γος
607 1438 800 1503 αὐτοῦ,
853 1440 1097 1511 δηλονότι
1127 1441 1222 1495 καὶ
1278 1441 1413 1506 Θεός
1457 1445 1598 1496 ἔστι.
1628 1444 1740 1497 Καὶ
1780 1442 1969 1499 λοιπὸν
2016 1444 2046 1494 ό

462 1528 721 1598 Χριστὸς,
756 1528 831 1593 ὡς
865 1530 966 1599 μὲν
996 1532 1170 1600 Λόγος
1195 1531 1290 1584 τοῦ
1319 1532 1480 1597 Θεοῦ,
1518 1533 1652 1598 Θεός
1681 1536 1853 1601 ἐστιν,
1884 1534 1961 1597 ὡς
1987 1534 2045 1589 δὲ

463 1622 528 1674 tot
564 1620 845 1691 Παρθένου
888 1623 1196 1693 γεννηθεὶς,
1239 1622 1528 1695 ἄνθρωπός
1572 1627 1712 1680 ἐστι.
1768 1629 1874 1680 Kat
1900 1626 2044 1681 οὕτω

462 1712 689 1781 διπλοῦν
721 1713 854 1769 ὄντα
917 1715 1023 1786 χρὴ
1092 1715 1286 1771 τοῦτον
1336 1718 1645 1788 ὁμολογεῖν,
1678 1720 1813 1774 Θεόν
1840 1738 1900 1773 τε
1945 1720 2044 1774 καὶ

2218 884 2275 940 6.
2308 884 2534 950 Verum,
2558 885 2687 955 quia
2720 900 2818 941 vos
2880 884 3071 941 Iesum
3149 886 3425 943 Christum
3498 887 3741 945 Verbum

2144 976 2241 1032 Dei
2292 985 2347 1033 et
2403 977 2665 1048 Spiritum
2715 978 2832 1048 ejus
2872 979 3057 1034 dicitis
3087 1019 3104 1043 ,
3163 979 3412 1035 nolentes
3487 982 3736 1038 volentes

2145 1068 2419 1134 fatemini,
2479 1068 2709 1124 Verbum
2754 1070 2851 1125 Dei
2890 1079 2946 1126 et
2975 1070 3236 1141 Spiritum
3269 1072 3439 1140 ipsius
3494 1073 3547 1126 in
3608 1075 3726 1142 ipso

2147 1160 2422 1216 Deoesse.
2465 1160 2697 1216 Verbum
2758 1162 2903 1217 enim
2967 1162 3083 1228 Dei,
3128 1172 3183 1218 et
3245 1162 3483 1233 Spiritus
3535 1165 3628 1219 Dei
3670 1166 3740 1221 ab

2145 1268 2213 1309 eo
2236 1255 2477 1322 separari
2502 1263 2781 1325 nequeunt
2825 1255 2981 1325 cujus
3010 1267 3160 1323 sunt,
3191 1258 3321 1326 quin
3356 1272 3552 1325 expers
3576 1258 3739 1312 Verbi

2144 1368 2452 1424 expersque
2500 1355 2735 1425 Spiritus
2791 1355 3153 1426 relinquatur.
3190 1355 3247 1409 Si
3299 1357 3461 1426 igitur
3488 1355 3542 1409 in
3609 1356 3726 1410 Deo

2142 1458 2227 1505 est
2278 1448 2536 1504 Verbum'
2579 1448 2718 1517 eius,
2746 1449 3001 1503 nimirum
3061 1457 3117 1503 et
3177 1448 3355 1517 ipsum
3426 1448 3566 1501 Deus
3630 1458 3736 1504 est.

2143 1539 2331 1609 Itaque
2366 1549 2422 1595 et
2474 1537 2721 1595 Christus
2770 1537 3009 1595 Verbum
3081 1539 3172 1593 Dei
3250 1540 3389 1594 Deus
3444 1548 3551 1593 est.
3598 1537 3737 1605 Quia

2149 1646 2280 1687 vero
2314 1645 2382 1686 ex
2418 1631 2638 1702 Virgine
2678 1641 2837 1686 natus
2888 1640 2997 1697 est,
3051 1633 3213 1684 etiam
3264 1631 3423 1685 homo
3479 1641 3587 1685 est.
3644 1630 3737 1683 Sic

2158 1726 2323 1797 igitur
2380 1726 2587 1781 duabus
2643 1726 2853 1780 naturis
2902 1732 3243 1781 constantem
3304 1738 3451 1787 eum,
3520 1730 3737 1792 oportet

463 1804 772 1875 ἄνθρωπον,
806 1807 865 1858 ὲν
892 1807 989 1860 δύο
1012 1806 1211 1875 φύσεσι
1239 1810 1672 1880 γνωριζόμενον,
1698 1812 1956 1883 θεότητός
1982 1830 2044 1867 τε

2152 1818 2402 1874 conﬁteri
2455 1828 2512 1873 et
2568 1819 2734 1872 Deum
2805 1828 2859 1871 et
2918 1817 3213 1880 hominem,
3272 1824 3457 1884 utpote
3522 1816 3613 1883 qui
3683 1816 3736 1869 in

464 1902 560 1954 καὶ
595 1901 1050 1972 ἀνθρωπότητος.
1095 1905 1262 1957 Αὐτοὶ
1290 1906 1349 1959 δὲ
1401 1906 1568 1961 πάλιν
1610 1907 1918 1976 ἀλογίστως
1952 1910 2045 1961 ἐπὶ

464 1994 569 2063 τὴν
638 1993 988 2065 θεόπεμπτον
1037 1996 1261 2068 γραφὴν
1308 1999 1762 2069 καταφεύγουσι.
1825 1999 1948 2071 Χρὴ
1987 2001 2047 2054 δὲ

465 2088 562 2140 καὶ
591 2086 1025 2155 συλλογιστικῶς
1050 2088 1247 2152 αὐτοὺς
1276 2091 1582 2158 ἀναγαγεῖν
1633 2090 1728 2143 ἐπὶ
1754 2090 1853 2159 τὴν
1899 2091 2046 2160 ἀλή-

464 2178 640 2234 θειαν.
679 2179 738 2233 Ὀ
764 2179 917 2244 Θεὸς,
950 2181 1156 2245 τέλειος
1180 2182 1280 2245 ὣν,
1306 2183 1408 2236 οὐκ
1439 2183 1635 2253 ἄλογός
1667 2185 1788 2237 εστι
1817 2200 1831 2214 ·
1867 2186 2046 2253 Λόγον

463 2270 516 2323 δὲ
543 2269 704 2341 ἔχων,
742 2271 842 2325 οὐκ
873 2273 1253 2328 ἀνυπόστατον
1285 2274 1398 2346 ἔχει
1439 2275 1653 2342 τοῦτον,
1709 2277 1831 2331 οὐδὲ
1866 2278 2044 2349 ἀρξά-

465 2380 630 2433 μενον
655 2363 750 2417 τοῦ
775 2358 943 2428 εἶναι,
972 2365 1097 2419 οὐδὲ
1129 2367 1477 2436 παυσόμενον
1496 2384 1512 2400 ο
1532 2368 1654 2421 οὐδὲ
1686 2370 1796 2439 γὰρ
1822 2365 1891 2441 ἦν
1914 2388 2046 2423 ποτε

463 2453 659 2524 ἄλογος
684 2471 700 2485 ο
739 2455 855 2509 ἀλλ’
886 2458 976 2509 ἀεὶ
1002 2456 1079 2510 ὣν
1109 2457 1202 2512 τὸν
1233 2457 1431 2513 ἑαυτοῦ
1462 2458 1639 2528 Λόγον
1670 2460 1813 2531 ἔχων
1841 2461 1903 2525 ἐξ
1949 2462 2048 2515 αὒ-

430 2582 435 2583 ν
462 2549 558 2602 τοῦ
591 2548 957 2621 γεννώμενον,
986 2552 1083 2605 καὶ
1111 2552 1171 2606 ιν
1202 2551 1354 2623 αὑτῷ
1389 2554 1625 2623 μένοντα
1645 2592 1661 2619 ,
1708 2556 1806 2608 καὶ
1836 2553 2045 2622 ζῶντα,

464 2641 561 2697 atat
593 2641 825 2707 τέλειον,
862 2642 960 2697 καὶ
994 2643 1054 2696 οὐ
1095 2643 1238 2698 κατά
1272 2645 1367 2699 τὸν
1424 2645 1698 2716 ἡμέτερον
1727 2646 1910 2714 λόγον.
1943 2642 2047 2699 Ὧν

465 2734 577 2806 γὰρ
604 2734 664 2788 τὸ
691 2729 833 2788 εἴναι
862 2734 1145 2804 διάφορον,
1170 2734 1380 2790 τούτων
1407 2738 1503 2791 καὶ
1531 2739 1559 2791 ό
1579 2736 1740 2806 λόγος
1764 2738 2044 2809 διάφορος.

467 2826 684 2897 Ὠσπερ
739 2826 798 2881 δὲ
843 2827 1173 2896 όήμέτερος
1226 2826 1390 2895 λόγος
1429 2828 1494 2881 εκ
1536 2829 1631 2881 τοῦ
1681 2829 1776 2883 νοῦ
1835 2831 2047 2899 γίνεται

467 2918 786 2991 νοούμενος,
813 2920 913 2973 καὶ
940 2917 1065 2973 οῦτε
1097 2918 1168 2973 δι’
1197 2919 1323 2974 ὅλου
1372 2921 1400 2972 ό
1443 2921 1611 2985 αὑτός
1661 2923 1780 2975 ἐστι
1824 2922 1905 2992 τῷ
1947 2922 2044 2993 νῷ,

462 3011 590 3067 οὔτε
639 3012 992 3066 παντάπασιν
1035 3012 1226 3082 ἔτερος
1277 3013 1366 3085 (ἐκ
1399 3015 1493 3068 τοῦ
1526 3013 1621 3068 νοῦ
1658 3016 1760 3085 μὲν
1789 3016 1899 3086 γὰρ
1945 3015 2044 3082 ὢν,

461 3107 621 3170 ἄλλος
648 3106 765 3160 ἐστὶ
793 3106 1141 3177 παράὑτόνξ·
1170 3107 1339 3161 αὐτὸν
1369 3108 1427 3162 δὲ
1456 3108 1549 3162 τὸν
1575 3110 1704 3163 νοῦν
1730 3111 2042 3180 ἐμφαίνων,

461 3201 564 3254 οὐκ
592 3199 709 3252 ἔστι
739 3198 1022 3263 παντελῶς
1052 3199 1243 3271 ἕτερος
1269 3200 1401 3272 παρ’
1432 3202 1621 3255 αὐτόν·
1652 3202 1769 3256 ἀλλ’
1803 3204 1865 3257 ἒν
1899 3206 2043 3260 κοιτά

461 3290 560 3360 τὴν
600 3290 787 3359 φύσιν,
815 3289 1004 3360 ἕτερός
1039 3292 1159 3345 ἐστι
1189 3291 1269 3363 τῷ
1317 3293 1690 3368 ὑποκειμένῳ)
1718 3311 1736 3328 ο
1765 3295 1911 3350 οὕτω
1945 3299 2043 3351 καὶ

459 3386 490 3438 6
517 3382 612 3438 τοῦ
644 3383 783 3437 Θεοῦ
815 3384 1012 3453 Λόγος,
1043 3385 1102 3448 ὃς
1131 3385 1284 3440 ἔστιν
1314 3387 1343 3439 ὁ
1385 3386 1534 3453 Υἱὸς,
1566 3388 1641 3456 τῷ
1679 3388 1777 3459 μιν
1807 3389 2045 3459 ὑφεστά-

460 3496 551 3534 ναι
576 3478 706 3534 καθ¹
736 3479 955 3547 ἑαυτὸν,
978 3478 1238 3550 διῄρηται
1273 3480 1412 3552 πρὸς
1434 3482 1664 3549 ἐκεῖνον,
1699 3484 1832 3553 παρ’
1856 3478 1917 3538 οὗ
1943 3486 2045 3555 τὴν

463 3573 720 3643 γέννησιν
748 3571 953 3644 ἔσχηκε
976 3589 991 3604 ο
1024 3571 1103 3643 τῷ
1122 3573 1179 3627 δὲ
1224 3572 1403 3628 ταῦτα
1425 3575 1697 3629 δεικνύειν
1730 3577 1788 3628 ὲν
1836 3576 2041 3645 ἐαυτῷ,

462 3667 500 3723 ἃ
526 3668 658 3739 περὶ
692 3670 787 3723 τὸν
815 3667 949 3721 Θεὸν
978 3665 1291 3737 θεωρεῖται,
1321 3667 1381 3720 ἓν
1402 3668 1521 3721 ἐστι
1540 3668 1681 3739 πρὸς
1713 3668 1876 3720 αὐτὸν
1898 3666 2046 3720 κατά

459 3760 562 3832 τὴν
587 3760 771 3831 φύσιν.
796 3761 891 3815 Δεῖ
909 3758 996 3814 τὸν
1016 3759 1190 3829 Λόγον
1221 3758 1369 3831 ἔχειν
1392 3761 1489 3815 καὶ
1514 3761 1763 3831 Πνεῦμα,
1788 3777 2046 3833 συμπαρ-

462 3853 739 3925 ομαρτοῦν
766 3870 826 3908 τε
856 3853 1026 3925 αὐτῷ,
1079 3853 1178 3908 καὶ
1221 3853 1492 3926 φανεροῦν
1536 3854 1705 3909 αὑτοῦ
1750 3854 1853 3926 τὴν
1891 3856 2045 3926 ἐνέρ-

462 3966 640 4020 γειαν.
674 3951 786 4005 Καὶ
824 3949 935 4023 γὰρ
977 3952 1005 4004 6
1032 3950 1303 4022 ’ἡμέτερος
1332 3950 1491 4018 λόγος
1523 3951 1626 4006 οὐκ
1660 3952 1895 4022 ἄμοιρός
1924 3952 2045 4007 ἐστι

463 4046 815 4117 πνεύματοςθ
868 4048 1007 4119 ὅπερ
1035 4047 1097 4100 εν
1154 4045 1232 4118 τῷ
1287 4044 1466 4116 καιρῷ
1513 4044 1614 4114 τῆς
1671 4044 2044 4113 ὲκφωνήσεως

466 4138 621 4210 φωνὴ
650 4138 860 4206 γίνεται
890 4136 987 4192 τοῦ
1018 4136 1182 4206 λόγου
1211 4134 1397 4207 ἡμῶν,
1437 4131 1756 4204 φανεροῦσα
1789 4131 1891 4200 τὴν
1917 4128 2045 4183 τού-

464 4249 559 4287 του
604 4231 858 4303 δύναμιν.
919 4229 1064 4285 Ἀλλ’
1094 4229 1183 4300 ἐφ’
1218 4227 1378 4300 ἡμῶν
1442 4228 1543 4299 μὲν
1598 4225 1886 4295 ἀλλότριον
1943 4223 2047 4292 τῆς

467 4327 745 4398 ἡμετέρας
774 4323 966 4386 οὐσίας
995 4323 1058 4376 τὸ
1084 4321 1308 4391 πνεῦμα
1341 4321 1521 4388 τοῦτο,
1556 4321 1719 4390 ἀέρος
1752 4318 1813 4373 ὃν
1854 4318 2045 4389 εῖσροὴ

466 4418 561 4473 xat
588 4417 781 4488 ὲκροή’
812 4416 906 4469 ἐπὶ
930 4414 986 4468 δὲ
1013 4413 1109 4468 τοῦ
1131 4412 1293 4480 Θεοῦ,
1347 4412 1542 4482 ὥσπερ
1564 4415 1593 4465 6
1620 4412 1795 4481 Λόγος
1818 4411 1879 4464 οὐ
1903 4411 2047 4465 κατά

2149 1910 2361 1965 duabus
2393 1909 2605 1965 naturis
2633 1918 3010 1979 cognoscatur,
3044 1908 3364 1972 divinitatis,
3410 1908 3650 1975 inquam,
3684 1917 3741 1960 et

2149 2001 2527 2056 humanitatis.
2570 2000 2664 2055 lsti
2696 2014 2847 2063 vero,
2882 2010 2939 2052 ut
2973 2008 3154 2060 antea,
3185 2008 3387 2052 temere
3439 2008 3495 2051 et
3552 1999 3741 2051 incon-

2145 2094 2383 2148 siderate
2410 2094 2480 2147 ad
2520 2094 2849 2161 scripturam
2880 2090 3025 2145 illam
3050 2089 3192 2146 falso
3212 2090 3482 2145 divinitus
3506 2091 3731 2143 missam

2152 2184 2496 2258 confugiunt.
2544 2185 2734 2255 Itaque
2770 2184 3182 2239 ratiocinatione
3230 2184 3488 2253 quadam,
3521 2193 3580 2235 ut
3637 2198 3733 2236 vc-

2151 2295 2268 2334 rum
2300 2280 2660 2350 perspiciam,
2697 2278 2948 2349 adigendi
2983 2287 3133 2334 sunt.
3166 2278 3308 2332 Deus
3339 2292 3464 2331 cum
3496 2278 3568 2330 sit
3619 2292 3733 2343 per-

2148 2370 2344 2436 fectus,
2364 2387 2561 2441 expers
2581 2373 2675 2425 τοῦ
2694 2373 2871 2439 Λόγου
2898 2371 2972 2442 (id
3001 2380 3104 2435 est,
3127 2371 3314 2439 Verbi)
3346 2386 3448 2423 non
3469 2380 3571 2424 est.
3588 2368 3727 2423 Cum

2149 2462 2312 2532 igitur
2340 2463 2418 2532 τῷ
2447 2464 2607 2533 Λόγῳ
2624 2463 2698 2533 (id
2715 2470 2820 2528 est,
2846 2459 3040 2530 Verbo)
3062 2460 3321 2531 praeditus
3358 2461 3449 2524 sit,
3482 2475 3587 2514 non
3615 2460 3736 2512 sine

2150 2559 2423 2633 hypostasi
2451 2558 2593 2612 idem
2621 2555 2851 2618 obtinet,
2888 2569 3061 2623 neque
3091 2552 3237 2622 quod
3267 2553 3556 2622 aliquando
3602 2567 3729 2606 esse

2149 2654 2401 2724 coeperit,
2437 2662 2613 2721 neque
2660 2648 2803 2718 quod
2857 2647 3101 2702 desierit.
3153 2644 3340 2715 Neque
3403 2646 3548 2699 enim
3588 2643 3734 2697 Deus

2148 2763 2384 2819 unquam
2405 2760 2601 2813 expers
2636 2741 2730 2796 τοῦ
2750 2743 2923 2810 Λόγου
2972 2741 3047 2811 (id
3078 2748 3164 2795 est
3209 2738 3394 2811 Verbi)
3431 2737 3569 2791 fuit:
3633 2737 3730 2791 sed

2149 2855 2271 2897 cum
2300 2839 2369 2894 sit
2391 2851 2625 2905 semper,
2659 2848 2929 2902 suumque
2964 2831 3197 2886 Verbum
3248 2832 3466 2897 habeat,
3498 2830 3641 2901 quod
3667 2844 3737 2883 ex

2151 2930 2268 2999 ipso
2290 2936 2603 3000 generatur,
2633 2934 2689 2980 et
2714 2924 2769 2979 in
2797 2924 2917 2993 ipso
2944 2932 3145 2985 manet.
3192 2932 3247 2977 et
3283 2921 3439 2989 vivit,
3500 2931 3556 2975 et
3611 2935 3737 2989 per-

2151 3023 2349 3078 lectum
2375 3027 2509 3076 est:
2555 3033 2661 3072 non
2724 3016 3021 3071 secundum
3079 3024 3327 3070 nostrum
3378 3011 3555 3079 λόγον,
3615 3013 3733 3065 sive

2148 3114 2411 3178 verbum;
2444 3126 2675 3183 quorum
2730 3110 2875 3166 enim
2927 3107 3166 3163 essentia
3205 3106 3413 3160 diversa
3479 3112 3581 3168 est,
3641 3120 3738 3159 eo-

2151 3222 2272 3261 rum
2319 3206 2481 3261 etiam
2515 3207 2543 3258 6
2574 3203 2731 3272 λόγος
2778 3203 2893 3257 sive
2955 3202 3201 3255 verbum.
3259 3196 3733 3263 Quemadmodum

2151 3304 2331 3349 autem
2364 3302 2606 3348 nostrum
2663 3291 2884 3347 verbum
2940 3289 3105 3358 (sive
3157 3286 3376 3357 oratio)
3427 3302 3493 3342 ex
3545 3295 3725 3343 mente

2154 3386 2395 3441 nascitur
2426 3401 2442 3439 :
2468 3399 2571 3439 non
2597 3393 2780 3439 autem
2806 3383 3030 3437 omnino
3057 3395 3179 3433 cum
3210 3388 3387 3432 mente
3404 3378 3591 3432 eadem
3620 3388 3729 3441 est,

2150 3491 2328 3547 neque
2361 3475 2584 3546 penitus
2640 3473 2854 3529 diversa
2888 3489 2902 3526 :
2941 3486 3009 3526 ex
3051 3479 3231 3524 mente
3264 3470 3407 3524 enim
3465 3484 3587 3523 cum
3639 3468 3734 3528 sit.

2150 3567 2297 3623 aliud
2379 3564 2637 3634 quiddam
2702 3573 2897 3630 praeter
2964 3562 3135 3628 ipsam
3159 3552 3277 3614 "est
3335 3576 3353 3613 :
3419 3574 3541 3612 nam
3605 3558 3734 3624 quia

2154 3668 2387 3712 tuentem
2436 3656 2608 3723 ipsam
2671 3653 2933 3709 declarat.
2990 3665 3095 3703 non
3165 3657 3244 3702 est
3302 3664 3528 3702 omutno
3585 3648 3734 3701 aliud

2151 3754 2347 3815 praeter
2380 3744 2551 3813 ipsam
2590 3758 2603 3794 :
2636 3740 2730 3796 sed
2763 3754 2929 3795 unum
2960 3737 3216 3807 quiddam
3247 3753 3371 3792 cum
3403 3737 3512 3790 sint
3566 3747 3735 3791 natu-

2152 3855 2236 3903 ra,
2266 3837 2509 3910 subjecto
2535 3834 2678 3892 inter
2698 3847 2756 3889 se
2782 3829 3076 3888 dili'erunt:
3118 3832 3198 3888 sic
3230 3830 3396 3887 etiam
3438 3827 3531 3883 Dei
3590 3825 3732 3884 Ver-

2152 3933 2278 3988 bum
2313 3931 2490 4001 (quod
2520 3937 2576 3984 et
2618 3927 2790 3983 Filius
2843 3930 2950 3995 est)
3021 3927 3238 3995 propria
3291 3922 3506 3994 quidem
3557 3922 3738 3991 hypo-

2151 4025 2284 4082 stasi
2322 4024 2390 4079 ab
2413 4037 2478 4079 eo
2507 4021 2821 4077 distinctum
2854 4032 2961 4086 est,
2999 4034 3029 4073 a
3059 4035 3169 4089 quo
3189 4027 3369 4074 ortum
3401 4015 3516 4069 sive
3567 4029 3743 4082 gene-

2153 4118 2420 4174 rationem
2452 4116 2615 4171 habet
2642 4132 2656 4168 :
2689 4113 2814 4183 quia
2843 4127 2974 4168 vero
3008 4112 3062 4166 in
3095 4125 3155 4166 se
3187 4111 3305 4178 ipso
3334 4105 3570 4163 ostendit
3612 4119 3747 4175 qua

2151 4211 2320 4267 etiam
2372 4207 2429 4264 in
2455 4207 2566 4263 Deo
2596 4214 2943 4272 cernuntur,
2991 4217 3158 4257 unum
3188 4216 3317 4257 cum
3366 4203 3486 4270 ipso
3534 4206 3619 4253 est
3671 4202 3737 4251 et

2152 4286 2374 4375 quidem
2404 4309 2620 4357 natura.
2645 4297 2767 4354 1am
2802 4313 2934 4353 vero
2957 4295 3193 4352 Verbum
3258 4303 3321 4348 ut
3364 4300 3420 4348 et
3467 4289 3743 4360 Spiritum

2152 4394 2504 4465 coniunctum
2539 4395 2998 4461 babeatoportet,
3033 4388 3124 4458 qui
3156 4386 3323 4458 ipsius
3372 4384 3478 4440 vim
3522 4392 3575 4437 et
3609 4380 3735 4436 επὶ-

468 4512 559 4565 τὸν
578 4475 873 4580 ἡμέτερον,
903 4504 1021 4565 ἀλλ’
1060 4475 1342 4567 οὖσιωδιῦς
1371 4475 1644 4572 ὑφεστὼς,
1690 4475 1788 4557 atat
1819 4503 1923 4572 τῆς
1948 4504 2044 4556 αὑ-

2153 4488 2361 4544 caciam
2393 4486 2653 4543 declaret.
2673 4485 2922 4553 Namque
2976 4496 3044 4537 ne
3088 4488 3273 4535 nostra
3335 4475 3557 4547 quidem
3607 4488 3745 4527 ora?

467 4602 566 4673 τῆς
590 4576 780 4665 οῦσίας
801 4598 897 4653 καὶ
926 4595 1145 4669 φύσεως
1201 4596 1280 4666 τῷ
1300 4597 1589 4666 γεννήτορι
1614 4634 1630 4659 ,
1663 4593 1809 4647 οὕτω
1853 4596 1949 4648 καὶ
1978 4595 2044 4648 τὸ

2150 4582 2227 4636 tio
2253 4580 2477 4651 spiritus
2505 4593 2699 4642 expers
2720 4586 2830 4639 est,
2887 4576 2982 4645 qui
3042 4584 3283 4640 tempore
3320 4576 3741 4638 pronuntiatio--

469 4659 691 4765 Πνεῦμα
726 4659 787 4747 τό
809 4659 991 4761 ἀγιον,
1021 4659 1601 4760 οὐσιωδιῦς-ὗφεστὰις,
1626 4687 1723 4742 καὶ
1746 4689 1846 4758 τῆς
1869 4688 2044 4758 αὐτῆς

2149 4678 2235 4730 nis
2260 4688 2367 4729 vox
2402 4671 2463 4725 ﬁt
2488 4680 2692 4726 nostra:
2731 4667 2958 4721 rationis
2980 4704 2997 4731 ,
3036 4678 3158 4733 quae
3191 4675 3408 4715 omnem
3446 4659 3591 4712 illius
3622 4659 3746 4709 vim

467 4788 543 4857 τῷ
573 4752 694 4858 Θεῷ
720 4752 909 4850 οὐσίας
946 4752 1043 4839 atat
1066 4752 1293 4854 φύσεως
1318 4752 1416 4836 καὶ
1459 4752 1828 4852 τελειότητος,
1856 4783 1923 4834 ὲκ
1945 4752 2044 4834 τοῦ

2149 4766 2407 4831 ostendit,
2431 4774 2489 4820 et
2523 4765 2575 4818 in
2599 4770 2850 4833 apertum
2892 4757 3120 4829 profert.
3154 4754 3260 4809 Sed
3308 4753 3361 4807 in
3393 4752 3551 4806 nobis
3612 4752 3739 4817 spi-

467 4853 686 4947 Πατρδς
718 4875 932 4946 προϊὸν,
960 4853 1145 4943 καὶξὲν
1187 4873 1341 4944 αὐτῷ
1382 4872 1464 4938 ὃν,
1494 4873 1588 4926 xat
1627 4870 1705 4941 τῷ
1754 4872 1914 4942 Λόγῳ
1948 4870 2044 4924 καὶ

2151 4858 2398 4914 ritusille
2422 4855 2631 4911 alienus
2653 4862 2735 4908 est
2767 4870 2795 4907 a
2829 4860 3015 4906 nostra
3042 4853 3305 4911 essentia;
3355 4853 3553 4913 quippe
3608 4853 3749 4894 cum

468 4936 1146 5042 Tiqa'cuprtapopapto'ﬁv,
1182 4967 1280 5022 atat
1309 4936 1642 5037 ixcpav‘rtxbv
1666 4936 1915 5038 ῦπάργξον
1947 4967 2044 5019 αὗ-

2154 4947 2227 5003 sit
2256 4944 2493 5001 inﬂuxus
2518 4954 2580 4999 et
2621 4941 2860 4997 reﬂuxus
2891 4955 3036 4995 aerts
3070 4956 3087 4994 :
3123 4938 3177 4991 in
3210 4936 3319 4991 Deo
3371 4948 3499 4989 vero
3550 4944 3746 5000 quem—

467 5026 584 5121 τοῦ.
617 5026 755 5135 Περὶ
778 5026 995 5134 μεν-οῦν
1018 5026 1235 5134 Πατνρὸς
1264 5063 1362 5117 atat
1388 5026 1527 5114 Ῠὶοῦ
1552 5060 1650 5114 καὶ
1686 5026 1853 5129 ἁγίου.
1876 5058 2049 5113 Πνεύ-
2158 5039 2451 5136 θάφοάιιίη
2585 5036 2765 5136 Λάϊος.
2796 5030 3106 5136 (“rbus”):
3131 5044 3267 5136 _"°"
3324 5026 3438 5136 .“u.

473 5178 665 5232 ματος,
701 5121 796 5214 ’δτὶ
849 5157 947 5213 καὶ
974 5157 1109 5224 εἰσὶ,
1144 5121 1263 5211 ’κᾷι
1288 5156 1387 5227 τῆς
1431 5154 1606 5224 αὐτῆς
1646 5121 1755 5208 εἰσι
1804 5153 2044 5224 φύσεως,

2155 5132 2425 5198 verbum;
2450 5130 2545 5186 sed
2568 5127 2929 5185 essentialiter
2945 5125 3270 5186 subsistens,
3288 5121 3530 5191 ejusdem
3554 5130 3747 5173 essen-

470 5209 676 5318 ἴκανέις
701 5254 834 5327 ἡμῖν
869 5209 1272 5307 ἀποδέδεικται.
1344 5209 1387 5227 Π
1560 5209 1602 5224 μ
1816 5209 1828 5224 ⁸
2002 5209 2044 5219 Π

2165 5225 2275 5289 tiae,
2306 5223 2551 5292 ejusdem
2606 5229 2813 5275 naturas
2873 5218 2980 5288 (est
3024 5232 3148 5273 cum
3205 5217 3495 5286 genitore:
3568 5209 3648 5265 sic
3690 5216 3749 5263 et

473 5323 983 5413 Spiritus'sanctus,
1042 5342 1404 5400 essentialiter
1457 5340 1785 5404 subsistens.
1850 5339 2092 5408 ejusdem
2139 5353 2262 5393 cum
2298 5339 2409 5395 Deo
2432 5347 2515 5393 est
2570 5335 2822 5391 essentia;
2872 5342 2928 5389 et
2975 5331 3201 5403 naturae)
3251 5339 3307 5384 et
3356 5323 3746 5397 perfectionis;

473 5458 537 5499 ex
561 5440 672 5496 Deo
703 5438 1026 5510 procedens,
1056 5436 1109 5490 in
1149 5451 1213 5490 eo
1240 5435 1552 5500 essistit,et
1577 5431 1656 5502 τῷ
1721 5432 1882 5501 Λόγῳ
1917 5432 2171 5502 (Verbo),
2215 5430 2354 5487 Filio
2405 5445 2617 5499 nempe,
2649 5428 2997 5496 coniunctus,
3056 5426 3234 5494 ipsum
3269 5424 3531 5476 declarat.
3577 5418 3654 5474 Ac
3682 5419 3750 5473 de

475 5534 634 5605 Patre
654 5533 898 5603 quidem,
932 5538 995 5586 et
1017 5529 1176 5597 Filio,
1208 5537 1259 5584 et
1289 5527 1504 5597 Spiritu
1533 5536 1747 5591 sancto,
1791 5526 1932 5593 quod
1987 5534 2042 5579 et
2081 5524 2209 5590 siut,
2263 5536 2318 5579 et
2366 5523 2608 5593 ejusdem
2650 5530 2855 5575 naturae
2896 5518 3028 5584 sint,
3053 5517 3196 5569 satis
3246 5531 3274 5567 a
3329 5515 3484 5569 nobis
3518 5513 3748 5567 demon-

476 5638 708 5681 ειτειιιιιιι
731 5636 839 5680 est.
1811 5629 1845 5659 δ

551 5767 613 5823 ε’.
642 5767 778 5835 Περὶ
796 5766 856 5817 δὲ
884 5765 981 5833 τῆς
1011 5765 1216 5836 μητρὸς
1235 5761 1327 5816 τοῦ
1348 5760 1871 5832 ἑνανθρωπήσαντος
1891 5756 2044 5821 Θεοῦ1

2237 5756 2292 5809 5.
2317 5752 2391 5810 De
2424 5763 2597 5809 matre
2624 5767 2752 5806 vero
2772 5750 2893 5805 Filii
2921 5750 3037 5814 Dei,
3062 5750 3152 5820 qui
3187 5757 3437 5804 naturam
3455 5745 3751 5814 assumpsit

478 5859 575 5915 τοῦ
602 5858 732 5913 Υἱοῦ
768 5858 852 5911 τοῦ
891 5855 1057 5921 Θεοῦ,
1096 5856 1450 5927 βραχέα-τινὰ
1472 5850 1933 5917 διαλεκτέον,.καὶ
1953 5850 2044 5903 ὅσα

2166 5850 2483 5910 humanam,
2518 5843 2704 5914 paucis
2764 5841 3168 5909 disserendum;
3198 5850 3253 5896 et
3292 5848 3559 5909 quantum
3613 5836 3750 5891 satis

479 5952 681 6007 δύναιτ’
713 5950 776 6006 ἄν
804 5949 1025 6016 ἐλέγξαι
1052 5925 1524 6019 τὴνῠθεόπεμπτον
1552 5946 1769 6015 ἐκείνην
1800 5943 2044 6015 γραφήν.

2164 5939 2233 5994 sit
2298 5939 2365 5993 ad
2423 5937 2817 6008 coarguendam
2884 5934 3209 6005 scripturam
3270 5931 3416 5986 illam
3479 5925 3746 5984 divinitus
