4132 6466
443 393 574 462 1321

1352 409 1737 474 PANOPLIA
1796 415 2262 484 DOGMATICA.
2297 446 2365 460 --
2397 424 2553 489 TIT.
2571 427 2729 490 XXV
2733 428 2845 491 III.

3596 437 3730 502 132

437 513 501 619 1.6
562 512 838 586 Τζὶτζαερὰ
879 516 973 572 καὶ
1037 521 1308 590 Μαρουὰ,
1377 526 1443 576 ὲκ
1505 525 1615 579 τῶν
1664 527 1996 601 σεϐασμάτω

2137 537 2404 593 vocabula
2441 541 2699 610 barbara,
2732 559 2923 614 nempe
2955 542 3246 618 Tzitzaphd
3269 553 3321 603 et
3377 549 3600 619 Marua,
3657 571 3726 609 ex

437 600 579 662 εἶναι
604 605 755 676 λέγει
783 609 878 663 τοῦ
909 609 1046 666 Θεοῦ
1075 629 1089 643 ο
1123 612 1260 667 Θεοῦ
1294 614 1354 668 δὲ
1396 617 1615 682 πάντως
1643 619 1754 674 τοῦ
1791 623 2021 678 οἰκείου.

436 699 548 752 Καὶ
575 701 689 763 τοῖς
714 702 900 773 ἡπατη
911 703 1098 775 μένοις
1123 707 1180 759 δὲ
1216 707 1309 760 ὑπ’
1331 710 1521 776 αὐτοῦ,
1558 719 2025 789 παραγινομένοις

435 791 581 847 κατὰ
610 793 673 846 τὸ
705 795 884 848 ἐκεῖσε
930 797 1129 868 μιαρὸν
1157 798 1367 870 οἴκημα
1402 801 1498 856 τοῦ
1551 809 2019 880 προσευκτηρίου,

433 887 745 955 περιελθεῖν
773 889 906 941 αὐτὸ
947 891 1228 956 κυκλικῶς
1261 895 1620 963 προστάσσει.
1662 898 1750 962 Ὠς
1773 900 1830 953 δὲ
1867 901 2019 972 παρά

430 993 576 1037 τινο;
627 979 684 1044 ἐξ
723 981 906 1034 αὐτῶν
945 983 1081 1052 πρὸς
1125 984 1492 1055 Χριστιανοὺς
1537 989 2018 1062 αὐτομολήσαντος

433 1070 661 1141 ἔμαθον,
695 1072 916 1128 εἴδωλόν
946 1091 999 1128 τι
1025 1075 1228 1131 λίθινον
1259 1077 1496 1150 κάθηται
1522 1082 1690 1152 μέσον
1724 1083 1818 1137 τοῦ
1839 1085 2014 1138 οἴκου·

430 1165 524 1215 καὶ
554 1165 603 1216 οἱ
637 1166 736 1234 τὴν
775 1167 977 1238 πρᾶξιν
1027 1168 1122 1222 τοῦ
1181 1171 1573 1240 δαιμονιώδους
1633 1169 2027 1252 ἐπιτάγματοί

428 1257 622 1312 τούτου
671 1261 1028 1330 πληροῦντες,
1072 1264 1395 1331 κεκλικότες
1421 1269 1546 1332 τοὺς
1577 1271 1799 1335 ἀθλίους
1830 1272 2014 1327 αὐτῶν

425 1351 683 1419 αὐχένας,
711 1355 806 1409 καὶ
837 1356 936 1426 τὴν
968 1360 1124 1428 χεῖρα
1154 1359 1340 1425 ὄρθιον
1379 1363 1516 1425 πρὸς
1551 1364 1684 1418 αὐτὸ
1715 1365 2013 1419 ἐκτετακό-

425 1463 538 1508 τες,
581 1453 646 1518 τῇ
684 1466 744 1501 τε
777 1451 942 1522 ἑτέρᾳ
967 1452 1026 1504 τὸ
1053 1453 1146 1516 οῦς
1185 1451 1396 1507 ὲαυτῶν
1429 1457 1778 1529 κατέχοντες,
1815 1459 2013 1512 κυκλο-

425 1541 606 1610 τερῶς
643 1544 1062 1616 περιέρχονται,
1106 1547 1308 1620 μέχρις
1334 1548 1398 1603 ἂν
1427 1552 1734 1623 σκοτοδινίᾳ
1775 1549 2010 1622 ληφθέν-

421 1650 514 1696 τες
566 1637 978 1692 καταπέσωσιν.
1055 1639 1190 1694 Ἰδοὺ
1251 1642 1536 1714 προδήλως
1594 1645 2009 1716 εἰδωλολατρεῖν

421 1723 840 1797 ἐνομοθέτησεν.

475 1816 558 1873 ’0'.
613 1819 691 1887 (l)
760 1812 930 1884 Οὖξος
983 1824 1010 1875 ὁ
1064 1823 1357 1894 Μωάμεθ,
1419 1827 1600 1880 καέτοι
1669 1829 1887 1901 ἀμαθὴς
1931 1832 2009 1885 ὢν

421 1910 515 1960 καὶ
556 1909 839 1979 ἄγροικος,
860 1915 991 1984 τρία
1032 1917 1125 1967 καὶ
1143 1917 1277 1970 δέκα
1300 1917 1390 1970 καὶ
1410 1918 1607 1971 ἑκατὸν
1627 1922 2010 1992 συνεγράψατο

421 2002 701 2072 μυθάρια.
742 2005 960 2076 ἑκάστῳ
997 2006 1204 2060 τούτων
1255 2009 1428 2079 ὄνομα
1461 2011 1670 2073 ἐπιθεὶς
1711 2011 1862 2077 ἄξιον
1909 2013 2008 2083 τῆς

418 2095 779 2160 ἀπαιδευσίας
814 2098 907 2150 καλ⁴
929 2099 1276 2171 μωρολογίας
1303 2096 1601 2157 αὑτοῦ.Ὦν
1629 2105 1887 2160 ἁπάντων
1908 2105 2008 2178 τὴν

415 2189 764 2260 ἀκαθαρσίαν
818 2195 913 2246 καὶ
963 2194 1063 2264 τὴν
1119 2197 1389 2266 πρόδηλον
1444 2199 1722 2271 φλυαρίαν
1786 2199 1848 2253 τὸ
1911 2201 2006 2254 καὶ

415 2281 780 2352 διηγήσασθαι
800 2288 895 2339 καὶ
921 2283 1226 2359 ἀνατρέψαι
1253 2291 1367 2343 ίσον
1401 2291 1521 2344 ἐστὶ
1546 2291 1624 2363 τῷ
1642 2293 1741 2365 τὴν
1771 2292 2005 2362 Αὐγείου

416 2374 625 2446 κόπρον
659 2378 981 2446 ἐκκομίσαι,
1013 2379 1156 2434 κατὰ
1191 2384 1283 2434 τον
1326 2383 1629 2454 Ἡρακλέα.
1656 2385 1861 2439 Λοιπὸν
1883 2382 2002 2456 οὖν,

414 2467 585 2522 τᾶλλα
627 2471 1111 2541 παραδραμόντες,
1141 2473 1340 2542 ὀλίγων
1376 2475 1724 2547 ποιησόμεθα
1754 2479 2000 2550 μνήμην,

413 2563 512 2614 καὶ
558 2562 658 2615 ὅσα
690 2563 910 2626 πάντως
941 2564 1372 2634 ἀναγκαιότερα,
1404 2566 1542 2640 πρὸς
1578 2566 1637 2620 τὸ
1664 2568 2009 2640 διαγνωσθῆ-

412 2655 504 2711 ναί
525 2674 584 2710 τε
615 2658 705 2710 καλ
737 2653 1222 2730 καταγνωσθῆναί.

494 2749 828 2822 Ὀλόσςρυρον
853 2753 1004 2821 λέγει
1036 2754 1127 2806 τὸν
1150 2753 1306 2819 Θεὸν,
1335 2756 1452 2827 1ἦτοι
1485 2756 1802 2830 σφαιρικόν.
1825 2755 2026 2832 Τοῦτο

411 2843 468 2897 δὲ
489 2838 557 2896 ’τὸ
594 2846 779 2914 σχῆμα
809 2846 1066 2916 σώματός
1103 2849 1244 2912 ἐστι,
1271 2849 1365 2903 καὶ
1394 2849 1556 2918 σῶμα
1580 2849 1866 2919 ἐμφαίνει·
1899 2849 1996 2904 ὥσ-

411 2958 519 3013 περ
543 2941 608 3011 δὴ
641 2941 738 2995 καὶ
769 2942 861 2996 τὸν
891 2943 1097 2997 πυκνὸν
1126 2944 1220 2997 καὶ
1250 2945 1654 3014 πεπιλημένον.
1699 2947 1919 3017 Σφαῖρα
1943 2946 2000 2999 δὲ

410 3033 575 3106 ὑλικὴ
617 3033 741 3090 κατ’
774 3035 940 3089 αὑτὸν
977 3037 1006 3089 6
1034 3035 1172 3099 θεὸς
1209 3034 1308 3105 ὣν,
1341 3033 1469 3092 οὔτε
1510 3037 1831 3108 ἀκούσεται,
1869 3037 1993 3092 οὒτε

409 3125 602 3198 ﬁdem:
626 3141 642 3156 °
677 3126 773 3180 καὶ
808 3129 1204 3198 καταπρανῶς,
1236 3129 1312 3194 ὼς
1358 3129 1580 3202 ἔτυχεν,
1609 3130 1996 3204 ὲνεχθήσεται,

417 3217 506 3282 καὶ
543 3222 758 3274 ἄτακτα
797 3221 1356 3294 κατακυλισθήσεται.

489 3401 859 3472 Δογματίζων
890 3401 1064 3457 αἴτιον
1102 3399 1246 3458 εἶναι
1278 3403 1481 3469 παντὸς
1513 3405 1687 3460 κακοῦ
1719 3406 1813 3460 τὸν
1839 3407 1998 3468 Θεὸν.

405 3491 596 3563 ὥσπερ
643 3493 708 3562 δὴ
738 3493 832 3547 καὶ
866 3494 1070 3558 παντὸς
1096 3496 1328 3563 ἀγαθοῦ,
1378 3496 1582 3567 φησίν·
1625 3517 1643 3550 ι
1683 3500 1782 3550 Ὃν
1809 3499 2001 3570 ὁδηγιί

407 3584 616 3652 6846;,
651 3585 856 3647 ἐκεῖνός
893 3587 1042 3638 ἐστιν
1083 3585 1474 3658 ὼδηγημένος·
1520 3589 1619 3640 καὶ
1651 3588 1746 3651 οὓς
1793 3589 1997 3661 πλανᾷ,

413 3678 604 3735 ἱκεῖνοί
634 3678 771 3731 εἰσιν
796 3679 844 3731 oi.
875 3677 1217 3747 λειπόμενοι.
1247 3697 1268 3731 ι
1299 3679 1411 3733 Καὶ
1447 3680 1568 3752 μετ’
1591 3679 1751 3749 ὀλίγα
1784 3681 1844 3735 τὸ
1867 3682 2000 3736 αὐτὸ

415 3768 641 3823 Βεσαιῶν
669 3771 980 3842 ἐπήγαγεν,
1003 3770 1086 3823 ὅτι
1127 3788 1145 3822 ι
1181 3771 1254 3825 Οὐ
1279 3771 1524 3843 κυριεύω
1553 3772 1655 3842 τῆς
1681 3773 1864 3846 ψυχῆς
1890 3792 1994 3846 μου

408 3861 486 3922 si;
531 3860 826 3931 ὠφέλειαν,
885 3862 997 3916 εἴτε
1035 3860 1282 3932 βλάϐην,
1334 3865 1383 3917 εἰ
1448 3863 1524 3936 μὴ
1575 3864 1713 3934 ὅπερ
1761 3865 1939 3920 ἐθέλει
1969 3869 1998 3920 6

403 3951 557 4016 Θεός.
592 3972 611 4005 ι
647 3954 760 4007 Καὶ
784 3951 1184 4026 ἐπιλαθόμενος
1209 3955 1292 4009 ὅτι
1318 3957 1612 4028 προφήτην
1642 3957 1752 4029 πρὸ
1794 3959 1997 4030 μικροῦ

403 4045 715 4116 ικήρυσσεν
774 4047 989 4112 ἑαυτὸν,
1028 4047 1218 4117 λέγει·
1273 4066 1294 4101 ι
1326 4049 1437 4103 Καὶ⁵
1474 4050 1524 4102 εί
1569 4051 1877 4119 ἐγίνωσκον
1926 4051 1998 4106 τὰ

403 4139 636 4202 ἀπόντα,
662 4135 810 4210 εἶχον
855 4141 921 4194 ἂν
949 4140 1247 4196 πλεονάσαι
1278 4145 1342 4196 ὲκ
1367 4141 1465 4196 τοῦ
1502 4143 1736 4212 ἀγαθοῦ,
1768 4147 1865 4198 καὶ
1897 4147 1998 4199 οὐκ

405 4232 467 4286 ἂν
504 4226 617 4301 εἶχέ
653 4249 760 4303 μου
787 4232 1027 4304 ἅψασθαι
1057 4235 1260 4306 δεινόν.
1296 4251 1315 4285 ι
1355 4235 1466 4288 Καὶ
1499 4235 1616 4300 πῶς
1645 4235 1712 4291 ἃν
1730 4236 1997 4306 ὲξέφυγες

406 4324 470 4378 τὰ
495 4323 664 4392 δεινὰ,
705 4323 890 4394 φύσει,
957 4325 1142 4390 καθὼς
1195 4325 1357 4390 αὐτὸς
1402 4327 1606 4394 λέγεις,
1644 4329 1814 4396 bina;
1851 4330 1914 4384 Et
1940 4329 1998 4384 δὲ

403 4416 640 4486 ἠδύνασο
694 4415 980 4484 διαφυγεῖν
1023 4416 1186 4483 αὐτὰ,
1244 4417 1304 4470 οὐ
1355 4417 1515 4485 φύσει
1563 4420 1782 4492 πάντως
1820 4423 1986 4478 εἰσιν.

404 4513 529 4566 Ὅτι
578 4512 636 4574 δὲ
667 4511 767 4564 οὐκ
797 4510 946 4564 ἔστιν
995 4511 1169 4574 αἴτιος
1201 4511 1312 4568 τῶν
1344 4513 1531 4566 κακῶν
1566 4516 1595 4567 6
1620 4514 1750 4578 Θεὸς
1777 4517 1999 4571 ἁπεδεί·

2135 631 2393 701 singulari
2432 633 2524 689 Dei
2560 635 2774 692 colendi
2804 639 3066 709 religione
3108 656 3230 696 esse
3255 643 3441 710 docet;
3476 643 3570 700 Dei
3632 661 3728 701 au—

2130 734 2232 777 tem
2265 727 2489 782 omnino
2539 730 2624 784 sui
2657 739 2711 785 et
2739 733 2967 802 proprii.
2995 732 3136 800 Quin
3165 736 3332 790 etiam
3370 736 3458 792 ille
3510 738 3724 795 miseris

2125 817 2231 872 illis
2270 827 2367 873 eta
2401 835 2461 874 se
2498 821 2758 892 deceptis,
2795 825 2845 878 in
2884 827 3203 882 exsecrabili
3265 829 3358 883 illo
3418 831 3719 897 domicilio,

2124 912 2268 980 quod
2293 913 2698 982 precationibus
2725 917 3080 983 destinatum,
3121 921 3333 982 adesse.
3368 931 3422 978 et
3453 922 3505 976 in
3530 923 3722 978 orbem

2123 1002 2252 1058 illud
2284 1006 2520 1061 circuire
2543 1007 2735 1077 jubet;
2775 1021 2826 1065 et
2858 1013 3334 1080 (quemadmodum
3367 1030 3465 1086 ego
3490 1032 3551 1070 ex
3579 1033 3718 1086 quo-

2120 1093 2243 1148 dam
2271 1096 2437 1166 ipsius
2454 1099 2858 1167 discipulorum,
2881 1105 2968 1174 qui
2998 1106 3062 1157 ad
3081 1104 3510 1162 Christianorum
3539 1121 3721 1176 partes

2121 1189 2358 1252 transiit,
2395 1190 2654 1260 intellexi)
2689 1201 2865 1247 statua
2904 1198 3149 1264 quaedam
3180 1198 3390 1266 lapidea
3419 1209 3600 1254 erecta
3631 1192 3720 1255 est
3810 1250 3820 1256 .

2119 1280 2174 1333 in
2212 1278 2387 1334 medio
2413 1281 2700 1349 domicilii,
2726 1296 2779 1340 et
2831 1287 2922 1356 qui
2981 1287 3310 1344 daztnoniaca
3339 1291 3430 1346 illa
3471 1292 3716 1350 mandati

2123 1372 2288 1426 istius
2317 1374 2533 1429 actione
2564 1375 2950 1448 diiunguntur,
3006 1381 3221 1436 miseris
3274 1385 3384 1438 suis
3412 1385 3715 1440 cervicibus

2117 1463 2412 1529 inclinatis,
2467 1467 2638 1520 altera
2701 1485 2863 1524 manu
2894 1487 3106 1526 sursum
3166 1477 3232 1528 ad
3281 1475 3457 1546 ipsam
3506 1489 3710 1541 erecta,

2117 1556 2284 1609 altera
2347 1566 2524 1612 autem
2587 1572 2852 1625 tenentes,
2913 1565 3300 1629 circumeunt,
3363 1569 3536 1623 donec
3590 1585 3714 1623 ver-

2117 1649 2281 1719 tigine
2317 1651 2549 1720 correpti
2579 1653 2888 1708 concidant.
2951 1655 3238 1713 Enimvero
3281 1660 3409 1727 quid
3436 1661 3525 1715 hic
3566 1662 3714 1715 aliud

2113 1756 2274 1809 quam
2301 1750 2536 1799 statuam
2559 1745 2738 1800 colere
2783 1749 2935 1817 quasi
2966 1749 3080 1818 lege
3104 1752 3330 1806 sanxit?

2187 1834 2240 1890 9.
2280 1835 2376 1889 llic
2408 1837 2628 1906 quidem
2655 1839 2920 1894 Moameth
2957 1842 3084 1895 licet
3111 1855 3248 1902 esset
3303 1845 3453 1900 rudis
3484 1856 3534 1904 et
3557 1862 3718 1916 agre-

2119 1929 2219 1984 stis
2245 1929 2428 1996 homo,
2463 1939 2641 1985 tamen
2667 1945 2879 1986 centum
2905 1946 2955 1989 et
2989 1937 3244 1990 tredecim
3277 1940 3601 2008 coascripsit
3635 1940 3716 1993 l'a-

2111 2022 2362 2087 bellas,et
2395 2024 2690 2093 unicuique
2717 2026 2906 2080 harum
2938 2026 3159 2094 dignum
3211 2032 3482 2098 quoddam
3516 2047 3713 2088 nomen

2112 2115 2216 2171 hac
2255 2131 2353 2171 sua
2406 2116 2629 2170 inscitia
2659 2118 2874 2172 indidit.
2912 2119 3154 2183 Quarum
3191 2123 3403 2190 quidem
3466 2128 3706 2178 omnium

2112 2207 2479 2278 impuritatem
2513 2219 2566 2264 et
2601 2226 2770 2278 nugas
2799 2211 3116 2268 manifestas
3142 2226 3195 2268 et
3223 2232 3506 2272 recensere
3535 2232 3588 2271 et
3624 2235 3708 2273 re-

2109 2287 2298 2354 fellere
2324 2300 2456 2370 quid
2487 2301 2634 2358 aliud
2668 2301 2868 2371 fuerit,
2907 2321 3070 2376 quam
3103 2324 3224 2362 cum
3264 2308 3494 2363 llcrcule
3525 2313 3710 2381 Angia:

2109 2383 2381 2456 stabulum
2410 2410 2594 2469 egesto
2621 2408 2864 2457 stercore
2900 2403 3165 2472 purgare?
3202 2403 3491 2473 Reliquum
3543 2407 3707 2476 igitur

2107 2489 2297 2556 fuerit,
2325 2491 2445 2547 aliis
2465 2494 2778 2562 prazteritis,
2807 2497 2992 2564 paucis
3021 2511 3206 2550 eorum
3228 2496 3495 2551 duntaxat
3519 2501 3711 2552 memi-

2108 2583 2416 2654 nisse,qu:e
2448 2587 2675 2656 majoris
2704 2588 2963 2641 momenti
2989 2598 3135 2655 sunt,
3157 2601 3211 2642 et
3237 2592 3302 2643 ad
3337 2600 3483 2645 recte
3510 2607 3712 2660 cogno-

2108 2673 2388 2738 scendam,
2417 2684 2469 2729 et
2519 2675 2584 2729 ad
2628 2677 2989 2731 damnandam
3031 2691 3240 2734 sectam
3291 2682 3706 2751 exsecrabilem

2183 2765 2350 2822 Deum
2381 2767 2684 2838 ὀλόσφυρον
2765 2770 2917 2836 dicit,
2975 2771 3299 2839 spira-ricam
3347 2774 3599 2828 videlicet
3642 2789 3708 2829 ac

2106 2859 2426 2915 rotundum.
2460 2858 2622 2928 Atqui
2657 2861 2771 2914 haec
2804 2861 2971 2930 ligura
3001 2863 3245 2930 corporis
3306 2873 3410 2929 est,
3481 2875 3534 2917 et
3576 2880 3703 2917 cor—

2105 2964 2206 3019 pus
2238 2948 2510 3015 declarat;
2568 2950 3022 3018 quemadmodum
3086 2951 3226 3020 qnod
3267 2955 3488 3006 densum
3545 2964 3708 3022 atque.

2105 3042 2471 3110 constipatum
2500 3051 2602 3096 est.
2630 3041 2766 3098 Cum
2800 3042 2986 3112 igitur,
3043 3053 3099 3098 ut
3137 3044 3236 3117 ipsi
3313 3044 3510 3113 placet,
3564 3045 3707 3100 Deus

2103 3130 2392 3184 materiata
2423 3130 2667 3201 quaedam
2689 3131 2761 3185 sit
2801 3133 3039 3200 sphaera,
3099 3147 3273 3201 neque
3319 3132 3529 3195 audiet,
3591 3149 3694 3186 ne-

2023 3228 2069 3292 c
2103 3236 2206 3291 que
2230 3219 2432 3274 videbit
2457 3235 2470 3273 :
2495 3229 2550 3275 et
2570 3221 2619 3274 in
2649 3235 2887 3290 praeceps
2912 3232 3114 3276 temere
3139 3221 3361 3285 feretur,
3391 3221 3694 3278 incondito-

2103 3325 2208 3379 que
2241 3319 2392 3365 motu
2420 3311 2780 3367 volutabitur.

2141 3403 2144 3406 ’
2174 3404 2310 3460 Cum
2349 3415 2528 3461 autem
2564 3407 2753 3460 statuit
2788 3404 2956 3460 Deum
2989 3413 3268 3462 auctorem
3332 3407 3513 3462 omnis
3576 3406 3703 3463 mali

2105 3497 2561 3566 quemadmodum
2599 3507 2650 3552 et
2687 3498 2866 3554 omnis
2896 3497 3044 3562 boni,
3097 3499 3173 3554 ait
3215 3515 3230 3552 :
3273 3517 3292 3550 ι
3330 3500 3502 3566 Quem
3559 3497 3702 3556 Deus

2109 3587 2281 3652 ducit,
2320 3587 2411 3640 ille
2457 3599 2605 3642 recte
2635 3588 2851 3642 ducitur
2900 3599 2998 3644 :et
3049 3603 3186 3658 quos
3221 3589 3308 3642 ille
3341 3591 3391 3642 in
3451 3605 3712 3646 errorem.

2106 3678 2360 3749 impellit,
2401 3677 2476 3731 illi
2510 3679 2757 3750 suntqui
2802 3679 3150 3735 deseruntur.
3190 3700 3206 3733 ι
3247 3682 3309 3736 Et
3351 3684 3511 3752 paulo
3559 3692 3704 3751 post,

2105 3772 2219 3826 ιιωο
2287 3772 2648 3840 conﬁrmans;
2705 3772 2921 3842 subjicit
2986 3791 3059 3825 ;‹
3100 3772 3216 3828 Non
3267 3790 3390 3832 sum
3451 3775 3703 3830 dominus

2103 3863 2317 3929 animas,
2359 3877 2537 3933 neque
2571 3865 2636 3916 ad
2658 3864 2886 3918 salutem
2941 3881 3116 3934 neque
3153 3865 3217 3918 ad
3255 3865 3570 3932 perniciem,
3599 3868 3703 3922 nisi

2102 3962 2376 4025 quatenus
2410 3954 2513 4009 hoc
2583 3954 2758 4024 ipsum
2795 3954 2934 4009 Deus
2989 3955 3125 4011 vult.
3175 3975 3194 4008 ι
3251 3956 3460 4014 Oblitus
3503 3957 3701 4013 deinde

2103 4048 2244 4117 quod
2268 4047 2584 4118 prophetam
2606 4048 2765 4116 paulo
2786 4055 2910 4100 ante
2927 4048 3162 4116 seipsnm
3184 4049 3556 4118 praedicasset,
3583 4051 3660 4104 ai-t
3683 4069 3705 4106 :.

2108 4158 2126 4190 ι
2155 4137 2291 4194 Etsi
2320 4153 2538 4193 nossem
2592 4154 2656 4192 ea
2682 4155 2799 4209 qua:
2837 4140 3055 4207 absunt,
3087 4156 3299 4210 possem
3356 4157 3490 4198 sane
3537 4143 3707 4198 bonis-

2101 4231 2343 4297 alliuere,
2378 4246 2555 4302 neque
2579 4246 2665 4286 me
2697 4242 2878 4300 posset
2911 4233 3113 4296 malum
3149 4235 3437 4302 attingere.
3495 4221 3704 4301 {Quo-

2103 4325 2264 4380 modo
2315 4339 2446 4379 vero
2478 4335 2534 4377 tu
2571 4324 2707 4396 mala
2741 4324 3026 4396 effugeres.
3078 4341 3216 4394 quae,
3262 4328 3340 4388 uti
3403 4337 3458 4382 tu
3506 4329 3702 4395 doces,

2102 4428 2226 4473 sunt
2255 4416 2496 4472 natura?
2543 4416 2600 4474 Si
2645 4401 2774 4472 Vero
2824 4426 2882 4472 tu
2943 4415 3034 4472 illa
3065 4419 3239 4476 vitare
3288 4418 3539 4488 potuisti,
3587 4434 3704 4475 non.

2107 4512 2274 4580 igitur
2307 4511 2397 4564 illa
2434 4517 2802 4566 natura-sunt.
2842 4509 3008 4571 Deum
3054 4525 3184 4566 vero
3222 4527 3328 4566 non
3357 4525 3480 4567 esse
3509 4522 3702 4569 aucto-

403 4603 582 4674 ξαμεν
603 4605 660 4658 ὲν
693 4599 772 4673 τῷ
794 4599 950 4656 κατὰ
1013 4601 1133 4655 τῶν
1188 4601 1651 4660 Maenalias-(Iw
1676 4576 1864 4678 τίτλιρ,
1902 4611 1999 4663 καὶ

2108 4617 2220 4656 rem
2268 4602 2532 4660 malorum
2576 4601 2634 4656 in
2662 4601 2817 4657 titulo
2862 4613 3047 4654 contra
3094 4601 3443 4660 Massaliota:
3483 4619 3510 4658 a
3541 4603 3707 4660 nobis

401 4696 641 4766 ζήτησον
667 4694 726 4748 τὸ
759 4692 824 4758 ιζ’
858 4693 1187 4762 κεφάλαιον.

473 4788 646 4860 Φησὶν
675 4789 734 4841 ὲν
765 4785 844 4857 τῷ
869 4786 1042 4856 ὀγδόῳ
1065 4787 1175 4842 τῶν
1199 4787 1482 4860 μυθαρίων
1517 4790 1686 4844 αὑτοῦ
1707 4808 1721 4824 ’
1761 4794 1998 4862 «Λέγου-

403 4899 488 4936 σιν
507 4883 558 4936 oi
591 4881 838 4936 Ἰουδαῖοι
871 4895 886 4913 ⁸
934 4880 993 4934 '0
1026 4880 1246 4952 Ἰσραήλ
1294 4884 1444 4940 ἐστιν
1478 4885 1506 4938 6
1543 4884 1658 4949 υίὸς
1690 4886 1784 4942 τοῦ
1825 4886 1988 4940 (θεοῦ⁸

400 4974 499 5028 καὶ
537 4971 792 5044 λέγουσιν
819 4971 870 5024 oi
921 4972 1268 5040 Χριστιανοὶ.
1310 4973 1392 5025 ὅτι
1434 4974 1462 5025 6
1489 4973 1732 5044 Χριστός
1784 4977 1933 5032 ἐστιν
1959 4977 1990 5030 6

402 5067 530 5132 Υἱὸς
562 5066 656 5120 τοῦ
695 5063 835 5117 Θεοῦ
861 5079 875 5094 ·
925 5062 1069 5116 τοῦτ’
1101 5062 1249 5118 ἔστιν
1277 5066 1305 5118 6
1339 5064 1498 5134 λόγος
1550 5067 1734 5122 αὐτῶν
1769 5069 1860 5124 διὰ
1881 5069 1992 5122 τῶν

405 5157 698 5228 στομάτων
724 5155 905 5210 αὐτῶν
932 5169 946 5183 ⁸
971 5175 990 5208 ι
1033 5157 1130 5210 καὶ
1159 5143 1406 5229 τὰέξῆς.
1455 5157 1594 5233 Ἀλλ’
1623 5159 1880 5228 ἄκουσον,
1906 5162 1992 5216 υἱὲ

403 5249 498 5304 τοῦ
535 5251 743 5321 πατρὸς
774 5249 870 5305 τοῦ
922 5248 1171 5321 ψεύδους.
1215 5251 1462 5306 Ἰουδαῖοι
1523 5252 1624 5322 μὲν
1659 5255 1719 5306 οὐ
1767 5256 1994 5327 γνήσιον

407 5343 522 5396 υἱὸν
549 5341 643 5396 τοῦ
672 5341 812 5396 Θεοῦ
844 5341 1062 5414 Ἰσραὴλ
1099 5341 1488 5411 ὀνομάζουσιν,
1525 5343 1647 5397 ἀλλ’
1675 5344 1708 5414 ἢ
1737 5344 1863 5398 ὅσον
1883 5345 1992 5398 δεῖ·

407 5435 493 5504 ξαι
543 5435 643 5507 τὴν
689 5434 829 5506 πρὸς
877 5436 1078 5498 αὐτοὺς
1121 5435 1216 5488 τοῦ
1245 5432 1385 5488 Θεοῦ
1447 5434 1688 5506 στοργὴν
1742 5435 1832 5490 διὰ
1890 5435 1989 5508 τὴν

2106 4697 2538 4750 demonstratum
2590 4704 2675 4750 est
2708 4713 2723 4749 :
2755 4696 2979 4750 consule
3003 4709 3124 4766 cap.
3179 4695 3266 4752 Π.

2177 4787 2233 4841 ln
2261 4797 2449 4844 octava
2478 4775 2800 4845 fabellarum
2830 4804 3052 4845 suarum
3085 4790 3162 4843 ait
3207 4806 3221 4844 :
3250 4807 3269 4841 ‹
3305 4787 3474 4850 Judzci
3509 4791 3701 4847 dicunt

2103 4877 2361 4934 lsraclem
2400 4893 2524 4934 esse
2551 4877 2718 4934 {ilium
2744 4880 2837 4934 Dei
2864 4897 2878 4934 :
2903 4890 2957 4935 et
2991 4880 3290 4948 Christiani
3327 4882 3514 4948 dicunt
3535 4879 3699 4936 Chri-

2101 4979 2244 5026 stum
2279 4983 2402 5030 esse
2430 4968 2629 5024 Filium
2693 4971 2784 5025 Dei
2815 4986 2834 5026 :
2870 4971 2958 5026 hic
2992 4981 3075 5027 est
3127 4987 3310 5028 sermo
3344 4987 3414 5027 ex
3481 4974 3704 5053 proprio

2099 5063 2339 5132 ipsorum
2377 5076 2472 5118 ore
2503 5063 2804 5132 profectus,
2836 5081 2855 5115 ι
2886 5073 2938 5116 et
2962 5079 3085 5132 quae
3145 5073 3466 5134 sequuntur.
3499 5063 3698 5120 Verum

2098 5139 2346 5220 attende,
2408 5169 2442 5208 o
2505 5153 2578 5208 ﬁli
2639 5155 2811 5221 patris
2883 5155 3193 5212 mendacii!
3259 5154 3429 5213 Judaei
3482 5158 3699 5227 quidem

2096 5259 2206 5303 non
2250 5261 2570 5317 germanum
2631 5244 2727 5300 Dei
2769 5245 2938 5300 lilium
2971 5247 3228 5302 lsraelem
3265 5249 3569 5313 nominant,
3595 5247 3696 5301 sed

2094 5344 2329 5406 tantum,
2351 5344 2410 5391 ut
2447 5337 2737 5393 ostendant
2766 5337 2858 5395 Dei
2882 5353 3008 5410 erga
3032 5353 3094 5395 se
3121 5353 3361 5394 amorem
3383 5347 3437 5392 et
3459 5352 3700 5406 propen-

2092 5430 2322 5498 sionem,
2368 5429 2440 5486 ob
2473 5445 2594 5487 eam
2651 5446 2756 5500 qua
2788 5441 2971 5501 patres
3002 5429 3342 5486 excellebant
3369 5431 3630 5500 pietatem
3673 5445 3689 5479 :

411 5528 716 5598 προσοῦσαν
770 5527 952 5592 αὑτοτς
992 5525 1314 5581 εὐσέϐειαν·
1370 5527 1419 5580 οἱ
1467 5526 1525 5580 δέ
1576 5543 1640 5595 γε
1670 5527 1990 5596 Χριστιανοὶ

2108 5520 2390 5577 Ihristiani
2479 5536 2612 5578 vero
2695 5532 2889 5578 natura
2957 5521 3154 5578 Filium
3223 5520 3320 5577 Det
3407 5533 3458 5576 et
3545 5503 3698 5576 Patri

408 5619 567 5686 φύσει
596 5617 724 5670 Υίδν
742 5615 899 5682 Θεοῦ,
933 5619 1024 5672 καὶ
1052 5615 1342 5685 ὀμοούσιον
1368 5615 1448 5685 τῷ
1474 5615 1653 5688 [Ia-cpi.
1671 5657 1688 5682 ,
1718 5618 1861 5670 κατὰ
1889 5619 1990 5686 τὴν

2108 5615 2620 5670 :onsubstantialem
2691 5615 2992 5672 secundum
3032 5614 3376 5672 divinitatem
3409 5615 3696 5670 Christum

406 5710 656 5782 θεότητα,
689 5708 780 5762 τὸν
819 5709 1056 5779 Χριστὸν
1082 5709 1459 5780 ὁμολογοῦσιν.
1507 5709 1568 5763 Ei
1601 5708 1734 5780 γὰρ,
1783 5709 1860 5772 ὡς
1890 5710 1989 5762 αό-

2112 5709 2427 5765 onlitentur.
2466 5706 2598 5763 Nam
2621 5709 2688 5776 si,
2709 5718 2766 5762 ut
2797 5707 3006 5775 fateris,
3041 5709 3259 5765 Christo
3289 5725 3318 5764 a
3354 5707 3462 5764 Deo
3521 5707 3702 5761 Evan-

473 5847 544 5905 (l)
585 5845 836 5916 Palatinus
866 5861 960 5898 ms.
984 5846 1192 5916 ’_Ett_r&w
1224 5846 1310 5916 τοῦ
1337 5847 1476 5916 ἁγίου
1500 5848 1832 5916 Εὐοδίουηυιὶ
1856 5853 1913 5916 et
1935 5848 2003 5896 lit

2114 5845 2162 5895 in
2186 5859 2362 5909 ωσι-ε..
2387 5848 2464 5896 Ea:
2505 5843 2677 5916 Evodii
2700 5842 2924 5916 manucltj
2954 5843 3169 5916 scriptis,
3203 5843 3480 5916 quasier
3517 5843 3695 5894 Evodil

407 5909 743 5960 monumentis
775 5907 1037 5972 sequentia
1073 5911 1332 5970 desumpta
1367 5905 1484 5970 sint,
1517 5916 1571 5958 ut
1599 5905 1833 5961 tota‘fere
1879 5907 2117 5973 Panoplia
2157 5921 2185 5960 e
2217 5905 2450 5960 vct'erum
2505 5910 2705 5964 Patrum
2738 5907 2938 5969 scriptis
2963 5905 3258 5960 concinnata
3295 5913 3393 5958 est.
3449 5905 3689 5955 Smuna.
