4132 6442
401 344 541 410 l3l3

1638 334 2026 401 EUTHYMII
2066 334 2436 396 ZIGABENI

3529 330 3668 393 ΠΗ

398 463 597 534 gelium
628 437 812 516 dalum
843 467 945 526 est,
975 456 1427 531 quemadmodum
1467 466 1566 508 nos
1618 452 1722 522 ipsi
1753 452 1808 506 in
1842 450 1972 505 sub-
2002 495 2008 506 .

2113 451 2173 513 ὸς
2201 450 2511 520 ὁμολογεῖς,
2552 450 2617 503 ἑκ
2634 448 2770 503 Θεοῦ
2799 447 3012 503 δέδοται
3047 444 3126 517 τῷ
3149 443 3374 517 Χριστῷ
3404 444 3464 497 τὸ
3490 445 3669 511 Εὐαγ-

399 551 751 622 sequentibus
788 550 1280 607 demonstrabimus
1308 565 1321 601 :
1349 554 1404 601 et
1439 546 1494 600 in
1524 542 1812 615 Evangelio
1841 540 1977 597 scri-

396 659 548 715 ptum
570 654 653 701 est
682 644 822 715 quod
841 652 922 699 ter
948 644 1089 699 Deus
1109 641 1322 699 caelitus
1334 641 1399 695 de
1414 640 1631 695 Christo
1660 636 1979 693 testiﬁcatus

401 737 472 790 sit
499 754 515 803 ;
550 736 747 790 alicubi
814 734 1028 805 quidem
1059 734 1246 790 dicens
1277 751 1291 789 :
1324 732 1427 787 Hic
1492 742 1565 786 est
1596 726 1772 783 Filius
1832 742 1979 781 meus

405 828 625 882 d'lectus
660 829 676 858 ¹
714 844 727 880 :
785 825 981 882 alicubi
1022 840 1171 893 vero,
1204 823 1274 880 Et
1308 822 1604 897 gloriﬁcavi
1636 830 1687 877 et
1722 816 1980 893 (rursum)

404 918 711 990 gloriﬁcabo
734 918 755 949 ’
799 935 815 985 ;
846 926 898 972 et
924 919 976 971 in
1004 925 1185 973 monte
1208 916 1459 972 Thabore
1490 932 1504 969 :
1537 913 1719 983 Ipsum
1758 912 1982 977 audite;

406 1010 663 1077 quidnam
729 1009 948 1064 absurdi
1015 1018 1070 1065 et
1122 1008 1285 1064 alieni
1340 1009 1628 1063 admittunt
1661 1002 1981 1067 Christiani,

408 1101 579 1170 quiet
613 1101 803 1166 Deum,
846 1109 901 1156 et
928 1099 1020 1156 Dei
1066 1100 1260 1157 Filium
1302 1100 1577 1156 Christum
1614 1097 1982 1154 conﬁtentur:

337 1201 349 1210 '
408 1206 533 1245 cum
560 1198 613 1244 et
645 1190 784 1247 Deus
806 1192 1023 1247 Christo
1053 1208 1115 1247 ea
1151 1192 1351 1246 tribuat
1383 1206 1449 1245 ex
1478 1188 1788 1245 testimonio
1808 1187 1986 1241 Evan-

411 1280 557 1347 gelii.
592 1282 736 1351 quod
775 1282 944 1338 etiam
978 1292 1032 1337 tu
1060 1281 1320 1338 divinitus
1359 1282 1545 1337 datum
1609 1279 1781 1335 fuisse
1842 1276 1988 1332 alIirv

414 1386 532 1426 mas
557 1371 580 1424 ?

481 1462 619 1517 Cum
658 1477 787 1519 vero
807 1462 1012 1518 Christi
1044 1472 1099 1518 et
1132 1463 1414 1533 Evangelii
1442 1464 1771 1519 mentionem
1809 1462 1988 1532 “acii,

411 1568 477 1606 ex
509 1567 744 1622 persona
786 1552 879 1608 Dei
924 1554 1001 1607 ait
1037 1570 1052 1607 :
1118 1571 1136 1604 ι
1199 1552 1443 1609 Misimus
1494 1563 1617 1622 post
1676 1555 1774 1610 hos
1802 1568 1992 1610 omnes

414 1642 571 1711 (alios
624 1641 832 1697 scilicet
918 1643 1251 1711 praplietas)
1319 1641 1501 1698 Iesum
1541 1643 1708 1697 lilium
1770 1643 1991 1709 Μαι-ἷξες

415 1743 474 1785 nt
500 1748 561 1785 ea
595 1749 714 1803 qua:
774 1734 829 1789 in
863 1733 982 1805 lege
1014 1746 1142 1790 ante
1195 1735 1395 1805 scripta
1445 1748 1628 1803 erant,
1685 1751 1809 1792 vera
1870 1753 1993 1794 cer-

415 1837 582 1895 taque
656 1838 1115 1897 repraesentaret,
1171 1827 1482 1899 Evangelia“
1530 1830 1596 1884 ad
1665 1832 1839 1898 ipsum
1902 1834 1992 1887 de-

417 1919 587 1972 misso
627 1936 640 1971 :
705 1919 756 1972 in
810 1933 917 1987 quo
944 1927 1024 1974 est
1054 1920 1161 1986 via,
1198 1919 1287 1974 lux
1334 1930 1388 1976 et
1410 1921 1663 1991 justitia:
1702 1924 2003 1979 secundum

418 2009 711 2078 potentiam
732 2009 887 2077 legis,
915 2026 1038 2081 qua:
1074 2011 1247 2082 ipsum
1273 2015 1587 2079 antecessit,
1615 2016 1681 2070 ad
1706 2015 2005 2072 institutio-

420 2112 538 2152 nem
570 2109 624 2153 ct
654 2099 1065 2167 promissionem
1099 2116 1284 2156 eorum
1306 2103 1398 2175 qui
1430 2103 1606 2174 ipsum
1635 2104 1849 2169 timent,
1870 2114 1925 2159 et
1942 2106 2009 2160 ad

414 2190 760 2257 judicandnm
781 2193 1109 2247 domesticos
1124 2194 1425 2265 Evangelii.
1439 2213 1457 2248 ›
1477 2194 1532 2249 Si
1560 2195 1722 2264 igitur
1740 2195 2009 2263 Christus,

420 2294 553 2336 utea
583 2298 700 2352 qua:
727 2285 922 2353 deipso
945 2287 1197 2356 praedicta
1219 2297 1398 2355 erant,
1424 2302 1550 2341 vera
1575 2298 2010 2357 repraesentaret,

421 2379 471 2428 id
513 2390 598 2431 cst
629 2388 682 2431 ut
707 2378 880 2447 legem
915 2391 1153 2435 veterem
1191 2386 1453 2451 expleret,
1489 2382 1731 2447 advenit,
1764 2380 2011 2451 Evange-

420 2469 658 2539 Ii-imque
710 2471 873 2539 viam,
927 2473 1346 2541 institutionem,
1405 2477 1581 2530 lucem
1640 2484 1699 2529 et
1742 2476 2011 2546 justitiam

421 2561 732 2618 hominibus
802 2563 1047 2628 tradidit,
1095 2565 1549 2634 quemadmodum
1594 2575 1649 2621 tu
1702 2570 1817 2637 ipse
1878 2581 2015 2623 con-

423 2652 613 2718 ﬁteris,
647 2662 701 2708 et
755 2655 869 2723 ipse
918 2655 1184 2726 judicium
1216 2656 1458 2713 facturus
1487 2667 1591 2723 est,
1639 2658 1904 2729 reliquum
1932 2668 2016 2713 est

422 2743 567 2798 aliud
603 2754 655 2800 te
690 2748 822 2801 nihil
849 2748 1159 2807 hominibus
1220 2749 1512 2806 obtrudere
1556 2765 1716 2821 quam
1774 2766 2010 2817 errores,

423 2843 480 2889 et
528 2850 648 2905 quae
706 2854 770 2893 ex
839 2841 1109 2897 diametro
1154 2857 1276 2898 cum
1316 2842 1565 2900 doctrina
1614 2843 1862 2901 veritatis
1917 2861 2016 2915 pu-

426 2935 616 2993 gnent.

498 3015 697 3072 lterum
727 3030 978 3092 tanquam
1010 3039 1073 3079 ex
1105 3040 1331 3095 persona
1382 3026 1475 3083 Dei
1508 3029 1760 3100 proponit
1790 3048 1803 3085 :
1830 3047 1850 3085 ι
1876 3028 2012 3086 Cum

2081 539 2285 609 γέλιον,
2318 539 2500 604 καθὼς
2532 540 2923 603 ὑποκατιόντες
2984 537 3343 606 ἀποδείξομεν
3364 553 3378 568 ·
3414 538 3474 589 ὲν
3518 537 3670 607 αὐτῷ

2079 632 2139 687 δὲ
2165 632 2243 703 τῷ
2272 633 2590 703 Εὐαγγελίῳ
2625 632 2979 704 γέγραπται,
3024 631 3108 685 ὅτι
3138 631 3324 701 τρίτον
3380 628 3593 683 ἄνωθεν
3642 630 3673 682 ό

2082 726 2216 791 Θεὸς
2268 726 2409 797 ὑπὲρ
2444 723 2686 797 Χριστοῦ
2740 726 3137 797 ἐμαρτύρησε,
3194 724 3273 795 πῆ
3332 709 3435 793 μὲν
3469 724 3672 791 λέγων,

2083 817 2166 871 ὅτι
2193 810 2386 883 Οὗτός
2417 817 2589 871 ἐστιν
2617 819 2651 872 ό
2686 816 2821 882 Υἱός
2877 834 2999 886 μου
3041 818 3074 870 ὁ
3100 815 3412 885 ἀγαπητός
3434 831 3448 843 ·
3483 815 3560 885 πῆ
3591 815 3672 878 δὲ,

2084 909 2196 967 Καὶ
2216 909 2504 977 ἐδόξασα,
2540 909 2641 964 καὶ
2693 908 2883 967 πάλιν
2923 908 3202 974 δοξάσω*
3234 910 3330 961 καὶ
3363 910 3419 960 ὲν
3453 908 3537 978 τῷ
3556 909 3675 979 δρει

2086 1000 2143 1054 δὲ
2170 1000 2248 1069 τῷ
2276 1001 2497 1073 Θαὸὼρ,
2522 1001 2724 1057 Αὐτοῦ
2751 1001 3006 1057 ἀκούετε
3025 1017 3039 1031 ο
3078 999 3133 1053 τί
3174 998 3380 1053 ἄτοπον
3400 1002 3488 1053 καὶ
3525 1000 3675 1064 ξένον

2090 1093 2339 1147 ποιοῦσιν
2391 1094 2441 1146 oi
2480 1092 2825 1165 Χριστιανοὶ,
2862 1092 2994 1149 Θεὸν
3033 1092 3130 1146 καὶ
3160 1091 3296 1146 Θεοῦ
3329 1092 3454 1145 Υίὺν
3482 1092 3676 1162 ὁμολο-

2089 1181 2310 1253 γοῦντες
2336 1183 2429 1237 τὸν
2457 1182 2714 1254 Χριστὸν,
2744 1182 2839 1238 τοῦ
2865 1180 3001 1237 Θεοῦ
3058 1183 3153 1235 καὶ
3196 1180 3277 1252 τῷ
3302 1181 3523 1252 Χριστῷ
3543 1179 3681 1234 ταῦ-

2089 1293 2158 1330 τα
2190 1276 2768 1349 προσμαρτυροῦντος,
2819 1275 2898 1340 ώς
2944 1275 3197 1330 διδάσκει
3228 1275 3291 1327 τὸ
3319 1272 3677 1343 Εὐαγγέλιον,

2089 1370 2119 1423 ὃ
2149 1372 2212 1424 ἐκ
2238 1370 2372 1423 Θεοῦ
2399 1370 2652 1424 δεδόσθαι
2683 1369 3007 1441 όμολογεῖς;

2177 1462 2564 1535 Ἐπιμνησθεὶς
2589 1464 2645 1518 δὲ
2670 1463 2766 1516 τοῦ
2793 1461 3033 1534 Χριστοῦ
3064 1464 3161 1517 καὶ
3192 1462 3288 1516 τοῦ
3313 1459 3679 1530 Εὑαγγελίου,

2097 1556 2262 1624 φησιν
2291 1557 2354 1609 ὲκ
2382 1554 2679 1624 προσώπου
2705 1554 2801 1608 τοῦ
2835 1555 2975 1608 Θεοῦ
2998 1571 3013 1585 ο
3048 1573 3067 1608 ι
3090 1553 3522 1623 Ἀπεστείλαμεν
3549 1552 3687 1606 ἀκό-

2095 1648 2287 1701 λουθον
2304 1646 2511 1701 τούτων
2531 1649 2756 1703 πάντων
2773 1646 2994 1719 (δηλαδὴ
3012 1646 3123 1700 τῶν
3147 1646 3687 1718 προφητῶν)’1ησοῦν

2096 1742 2189 1794 τὸν
2234 1741 2350 1793 υἱὸν
2369 1741 2610 1810 Μαρίας,
2648 1743 2730 1804 εἰς
2750 1740 2813 1794 τὸ
2841 1740 3246 1811 ἀληθοποιῆσαι
3266 1741 3336 1807 τὰ
3365 1740 3471 1809 πρὸ
3494 1739 3687 1805 αὑτοῦ,

2107 1832 2177 1885 τὰ
2221 1833 2312 1887 τοῦ
2351 1833 2543 1905 νόμου,
2586 1838 3001 1903 καταγαγόντες
3053 1836 3192 1906 πρὸς
3233 1834 3396 1890 αὑτὸν
3418 1835 3478 1889 τὸ
3504 1833 3691 1902 Εὐαγ-

2109 1926 2289 1994 γέλιον
2310 1942 2325 1958 ο
2363 1929 2421 1979 ὲν
2448 1919 2491 1995 ᾧ
2522 1927 2672 1981 ἐστιν
2699 1928 2984 1999 όδήγησις,
3025 1929 3167 1999 φῶς,
3197 1930 3291 1983 καὶ⁴
3340 1927 3688 1998 δικαιοσύνη,

2111 2019 2252 2072 κατὰ
2275 2017 2372 2089 τὴν
2398 2019 2631 2088 δύναμιν
2658 2019 2755 2074 τοῦ
2806 2022 2911 2092 πρὸ
2942 2020 3110 2075 αὑτοῦ
3147 2022 3342 2092 νόμου,
3377 2022 3456 2086 είς
3486 2020 3692 2092 ὁδήγη-

2112 2127 2200 2164 σιν
2245 2110 2339 2164 καὶ
2367 2112 2704 2180 ἐπαγγελίαν
2741 2116 2855 2176 τοῖς
2882 2114 3245 2183 φοϐουμένοις
3271 2113 3456 2178 αὐτὸν,
3492 2115 3586 2168 καὶ
3614 2115 3697 2177 εἰς

2112 2202 2173 2257 τὸ
2208 2206 2395 2274 κρῖναι
2422 2204 2549 2268 τοὺς
2574 2204 2810 2269 οἰκείους
2836 2204 2933 2259 τοῦ
2966 2206 3324 2275 Εὐαγγελίου.
3357 2227 3375 2260 ›
3406 2204 3541 2260 Εξδὲ
3558 2205 3696 2276 ἀλη-

2115 2297 2407 2368 θοποιῆσαι
2440 2296 2508 2350 τὰ
2536 2297 2645 2367 πρὸ
2692 2296 2883 2362 αὐτοῦ,
2937 2298 3185 2352 τουτέστι
3216 2299 3286 2352 τά
3315 2297 3410 2352 τοῦ
3462 2296 3696 2352 παλαιοῦ

2114 2391 2308 2461 νόμου,
2344 2390 2798 2463 παραγενόμενος
2845 2391 2873 2443 ὁ
2901 2391 3161 2462 Χριστὸς,
3200 2393 3295 2447 καὶ
3338 2392 3399 2445 τὸ
3449 2391 3702 2461 Εὐαγγέ-

2113 2488 2249 2553 λιον,
2277 2488 2560 2558 όδήγησιν,
2594 2486 2690 2542 καὶ
2739 2488 2879 2556 φῶς,
2912 2487 3008 2540 καὶ
3060 2485 3415 2561 δικαιοσύνην
3458 2490 3574 2552 τοῖς
3606 2489 3703 2542 άνο

2117 2578 2359 2648 θρώποις
2377 2576 2718 2648 παρέδωκεν,
2743 2577 2821 2641 ὡς
2842 2577 3002 2640 αὐτὸς
3021 2575 3331 2647 ὁμολογεῖς,
3349 2580 3443 2632 καὶ
3458 2578 3558 2649 τὴν
3579 2577 3703 2649 κρί-

2119 2687 2202 2725 σιν
2238 2672 2401 2735 αὐτὸς
2430 2670 2616 2741 μέλλει
2648 2673 2847 2735 ποιεῖν,
2886 2671 2969 2724 σοὶ
3020 2672 3438 2743 περιλέλειπται
3474 2689 3703 2727 συνεισ-

2117 2763 2362 2831 ενεγκεῖν
2414 2763 2529 2826 τοῖς
2589 2760 2905 2831 ἀνθρώποις
2943 2762 3097 2817 οὐδὲν
3142 2761 3334 2834 ἕτερον
3392 2762 3426 2834 ἦ
3492 2762 3703 2834 πλάνην

2120 2853 2213 2909 καὶ
2245 2852 2568 2908 ἐναντίωσιν
2590 2851 2692 2923 τῆς
2716 2846 2979 2923 ἀληθείας
3002 2850 3315 2921 δογμάτων.

2191 3017 2355 3087 Λέγει
2393 3016 2561 3072 πάλιν
2580 3016 2645 3071 ἑκ
2672 3014 2970 3086 προσώπου
3001 3014 3096 3070 τοῦ
3119 3015 3257 3070 Θεοῦ
3280 3032 3297 3048 ο
3328 3034 3349 3069 s
3379 3014 3552 3069 Ὅταν
3574 3016 3708 3087 ἠθέ-

430 3109 699 3174 regionem
762 3111 999 3182 aliquam
1039 3119 1264 3185 perdere
1290 3118 1622 3183 volebamus,
1688 3120 2008 3191 jubebamus

2119 3114 2288 3184 λομεν
2319 3110 2585 3167 ἀπολέσαι
2617 3109 2841 3181 χωρίον,
2874 3108 3205 3179 ἐκελεύομεν
3241 3111 3354 3172 τοῖς
3386 3109 3619 3163 ἑστῶσιν
3649 3112 3711 3165 ὲν

429 3200 674 3257 homines
698 3203 752 3257 in
781 3207 968 3262 eadem
996 3219 1240 3278 agentes,
1259 3226 1377 3268 sese
1403 3211 1548 3267 luxui
1570 3221 1627 3269 et
1650 3214 2020 3285 intemperan-

429 3294 518 3348 tiae
550 3295 746 3351 dedere
780 3316 794 3352 :
828 3307 882 3355 et
910 3300 1010 3355 hoc
1039 3302 1311 3358 decretum
1344 3306 1409 3359 de
1437 3304 2017 3374 perditioneipsorum,

429 3385 498 3437 de
539 3386 668 3455 ipsis
699 3403 885 3443 verum
934 3391 1117 3459 fiebat,
1176 3408 1283 3448 una
1334 3409 1458 3449 cum
1514 3396 1780 3452 oraculo:
1832 3407 1886 3453 et
1944 3398 2024 3453 sic

430 3479 579 3551 ipsos
609 3495 734 3535 vere
764 3483 1171 3551 perdomuimus
1206 3504 1220 3542 :
1254 3487 1560 3558 multosque
1587 3490 1926 3559 perdidimus
1953 3507 2020 3547 ex

434 3573 648 3629 saeculis
679 3574 785 3631 illis
832 3585 956 3646 post
981 3576 1112 3634 Noe.
1148 3597 1168 3633 ι
1208 3578 1336 3635 Hac
1377 3584 1540 3636 verba
1571 3583 1787 3637 cuinam
1840 3587 2023 3653 potius

434 3668 756 3722 conveniant
782 3669 805 3722 ‘i
827 3668 1010 3725 Deone
1038 3673 1230 3749 salutis
1261 3675 1513 3731 humanae
1534 3676 1760 3743 amanti,
1794 3692 1862 3732 an
1893 3691 2025 3734 vero

435 3758 691 3827 daemoni,
720 3760 812 3830 qui
873 3760 1121 3819 homines
1182 3778 1399 3820 summo
1451 3766 1576 3822 odio
1628 3767 2023 3839 prosequitur?

433 3848 648 3905 Deusne
692 3852 845 3918 jubet
903 3853 1151 3912 homines
1178 3856 1607 3928 intemperanter
1672 3861 1858 3917 vivere
1889 3905 1905 3930 ,
1954 3878 2023 3918 an

436 3942 723 3999 diabolus?
753 3945 823 3998 At
855 3944 946 4014 qui
971 3944 1121 4016 jubet
1142 3946 1570 4018 intemperanter
1595 3951 1800 4019 vivere,
1864 3955 1909 4011 is
1940 3965 2026 4012 est

435 4043 627 4091 auctor
690 4037 1122 4109 intemperantiae
1142 4051 1199 4098 et
1224 4042 1405 4109 luxus,
1427 4051 1590 4115 atque
1639 4046 1778 4102 adeo
1828 4048 2025 4121 majori

438 4140 598 4195 poena
627 4128 847 4199 dignus.

509 4219 686 4275 Moses
714 4222 937 4291 quidem
985 4223 1186 4281 litteris
1218 4226 1499 4281 mandavit
1561 4229 1705 4299 quod
1749 4229 1885 4285 Filii
1929 4232 2029 4288 Dei

437 4312 665 4366 videntes
701 4313 841 4381 ﬁlias
871 4314 1144 4369 hominum
1175 4317 1314 4386 quod
1342 4326 1515 4374 essent
1552 4318 1820 4389 formosae,
1858 4323 2027 4380 duxe-

443 4401 886 4471 τυηιςιὶὺὶαωονεε
933 4405 989 4461 ':
1042 4406 1181 4463 ﬁlios
1207 4408 1297 4464 Dei
1318 4418 1566 4480 posteros
1584 4410 2026 4485 Sethiappellans

438 4497 542 4567 (sic
570 4496 714 4551 enim
751 4495 844 4551 ille
895 4500 1204 4556 nominatus
1229 4509 1311 4557 est
1332 4502 1781 4561 obimitationem
1835 4507 1933 4565 Dei
1973 4520 2029 4567 et

437 4590 677 4645 studium
752 4591 972 4649 virtutis
1006 4637 1021 4661 ,
1086 4594 1363 4665 vitamque
1441 4597 1821 4674 religiosam),
1880 4604 2025 4670 ﬁlias

439 4693 567 4734 vero
590 4681 858 4737 hominum
888 4683 1028 4738 dixit
1065 4698 1180 4750 eas,
1234 4700 1355 4743 oua:
1383 4700 1413 4739 a
1444 4686 1617 4742 Caino
1652 4701 1839 4748 essent
1899 4708 2028 4764 pro-

439 4781 635 4826 creatae
672 4784 765 4829 aut
792 4777 859 4831 ab
896 4776 1014 4847 ipso
1062 4792 1234 4848 genus
1262 4784 1543 4838 ducerent.
1576 4780 1848 4842 Moameth
1900 4802 2028 4845 vero

439 4874 627 4917 contra
684 4867 868 4923 dixit:
911 4878 967 4924 et
1016 4884 1115 4939 pro
1164 4871 1287 4928 ﬁliis
1334 4875 1552 4942 quidem
1623 4875 1718 4931 Dei
1803 4879 2025 4948 angelos

441 4953 671 5010 feininas
722 4960 1044 5028 nominavit,
1079 4971 1137 5017 ut
1177 4972 1263 5019 est
1320 4964 1373 5019 in
1412 4966 1607 5022 fabulis
1665 4966 2023 5026 Graecorum:

2121 3204 2292 3275 αὐτῷ,
2317 3204 2413 3257 καὶ
2442 3202 2720 3274 ὴσώτευον
2738 3204 2796 3256 ὲν
2829 3200 2982 3272 αὐτῷ
3003 3217 3019 3233 ·
3044 3203 3142 3255 καὶ
3174 3201 3482 3255 ὲδικαιοῦτο
3523 3203 3711 3256 ἐπάνω

2123 3297 2306 3351 αὐτῶν
2363 3296 2392 3349 ὀ
2443 3295 2624 3365 λόγος,
2680 3296 2709 3349 ὁ
2741 3294 2845 3364 τῆς
2875 3294 3156 3357 ἀπωλείας
3202 3295 3387 3348 αὐτῶν
3439 3294 3709 3364 δηλονότι,

2123 3387 2349 3462 καὶτῆς
2401 3385 2525 3440 κατ’
2565 3385 2746 3439 αὐτῶν
2795 3386 3167 3455 ἀποφάσεως·
3214 3386 3312 3440 καὶ
3354 3386 3711 3457 ὲδαμάσαμεν

2123 3480 2322 3545 αὐτοὺς
2347 3480 2620 3551 δαμάσει,
2655 3480 2754 3534 καὶ
2794 3478 3030 3542 πολλοὺς
3081 3477 3451 3550 ἀπωλέσαμεν
3492 3480 3557 3532 ἐκ
3603 3479 3715 3533 τῶν

2124 3574 2329 3642 γενεῶν
2354 3574 2495 3644 μετὰ
2517 3552 2792 3627 τὸν“Νῶε.
2820 3591 2839 3625 ι
2874 3571 3066 3625 Ταῦτα
3088 3571 3157 3625 τά
3193 3572 3422 3643 ῥήματα
3441 3572 3547 3626 τίνι
3570 3572 3714 3643 μᾶλ-

2127 3666 2223 3722 λον
2263 3666 2518 3738 ἁρμόζει,
2553 3663 2633 3736 τῷ
2689 3662 3065 3734 φιλανθρώπῳ
3109 3662 3251 3733 Θεῷ,
3307 3663 3340 3732 ἢ
3399 3663 3477 3732 τῷ
3516 3679 3716 3731 μισαν-

2126 3761 2333 3833 θρώπῳ
2357 3760 2606 3829 δαίμονις
2633 3756 2767 3819 Θεὸς
2789 3756 3006 3810 κελεύει
3033 3755 3357 3821 άσωτεύειν,
3377 3755 3411 3827 ἢ
3430 3755 3715 3821 διάϐολος;

2137 3854 2198 3908 '0
2222 3853 2279 3907 δὲ
2308 3851 2548 3906 κελεύων
2580 3850 2909 3918 άσωτεύειν,
2959 3851 3173 3914 ἐκεῖνος
3202 3848 3307 3920 τῆς
3354 3847 3597 3913 ἀσωτίας
3627 3848 3718 3902 αῖ-

2125 3964 2241 4011 τιος
2275 3946 2533 4019 μάλιστα,
2554 3945 2650 4001 καὶ
2681 3944 2932 4009 πλείονος
2958 3944 3239 4008 κολάσεως
3271 3943 3444 4011 ἄξιος.

2200 4217 2411 4290 Μωσῆς
2448 4214 2551 4287 μὲν
2599 4214 2861 4288 ἔγραψεν,
2895 4215 2979 4289 ὅτι
3029 4214 3292 4281 Ἰδόντες
3338 4215 3397 4268 οἱ
3442 4215 3562 4268 υἱοί
3613 4214 3721 4268 τοῦ

2128 4307 2278 4363 Θεοῦ
2325 4306 2434 4375 τὰς
2486 4307 2819 4377 θυγατέρας
2862 4305 2983 4362 τῶν
3024 4307 3376 4377 ἀνθρώπων,
3417 4306 3507 4360 ὅτι
3538 4310 3721 4361 καλαὶ

2128 4403 2312 4466 εισιν,
2337 4398 2633 4454 ἐλάϐοντο
2650 4398 3202 4471 ἑαυτοῖς-γυναῖκας
3221 4414 3239 4433 ο
3288 4400 3440 4462 υἱοὺς
3469 4399 3569 4468 μὲν
3584 4398 3722 4452 Θεοῦ

2132 4496 2261 4558 τοὺς
2283 4494 2590 4564 ἀπογόνους
2622 4493 2719 4546 τοῦ
2750 4493 2860 4563 Σὴθ
2901 4491 3334 4563 προσαγορεύων
3386 4489 3555 4560 (οὕτω
3612 4491 3723 4564 γὰρ

2133 4588 2282 4643 δοκεῖ
2313 4587 2633 4657 ὠνομάσθαι
2665 4586 2755 4640 διά
2805 4584 2869 4640 τὸ
2903 4585 3245 4656 θεομίμητον
3277 4583 3445 4639 αὐτοῦ
3490 4585 3588 4639 καὶ
3620 4585 3724 4655 τὴν

2133 4680 2395 4751 ἐνάρετον
2434 4681 2529 4734 καὶ
2594 4678 2805 4750 εὐλαόῆ
2858 4678 3189 4751 πολιτείαν),
3260 4679 3599 4749 θυγατέρας
3653 4677 3723 4733 δὲ

2133 4772 2470 4842 ἀνθρώπων
2497 4773 2599 4836 τὰς
2619 4773 2685 4828 ὲκ
2710 4771 2807 4827 τοῦ
2830 4773 2972 4829 Κάῖν
3007 4773 3104 4827 καὶ
3133 4772 3240 4827 τῶν
3270 4772 3329 4837 ἐξ
3355 4772 3523 4825 αὐτοῦ
3556 4789 3723 4826 κατα-

2133 4866 2421 4937 γομένων·
2472 4868 2503 4920 ό
2556 4866 2613 4920 δὲ
2651 4867 2901 4938 Μωάμεθ
2942 4866 3259 4920 τούναντίον
3316 4864 3567 4935 εἴρηκεν·
3601 4866 3725 4919 ἀντὶ

2137 4958 2238 5030 μὲν
2265 4959 2375 5012 τῶν
2411 4958 2544 5013 υἱῶν
2578 4959 2673 5013 τοῦ
2738 4960 2878 5013 Θεοῦ
2927 4958 3151 5027 θηλείας
3201 4957 3472 5025 ἀγγέλους
3528 4958 3720 5024 εἰπὼν,

442 5043 533 5097 Ast
564 5042 666 5098 Iris
708 5044 921 5102 Helena:
935 5049 1191 5127 formosa:
1221 5053 1408 5107 nuntia
1441 5055 1577 5109 venit
1601 5054 1643 5109 ⁸.
1677 5053 1786 5109 Pro
1817 5055 2008 5112 illiabu:

2132 5050 2278 5106 κατὰ
2302 5048 2396 5104 τὸν
2425 5050 2669 5122 Ἕλληνα
2722 5051 2914 5122 μῦθον,
2954 5047 3112 5120 Ἰρις
3144 5050 3196 5103 δ’
3221 5046 3300 5107 αὖ
3335 5050 3545 5119 Ἑλένῃ
3582 5055 3727 5106 λευ-

442 5152 572 5191 vero
625 5138 904 5193 hominum
965 5141 1103 5197 lilios
1165 5144 1443 5201 hominum
1479 5146 1751 5214 subjecit;
1800 5158 2008 5219 etquiet

2131 5145 2375 5211 κωλένῳ
2405 5144 2665 5215 ἅγγελος
2710 5140 2934 5215 ἦλθενο
2981 5145 3104 5199 ἀντὶ
3156 5145 3214 5198 δὲ
3242 5144 3351 5198 τῶν
3402 5145 3729 5213 θυγατέρων

424 5233 690 5286 .omnium
729 5233 963 5290 maxime
1002 5235 1312 5292 miserabile
1343 5250 1452 5305 est,
1487 5241 1604 5295 haec
1636 5256 1666 5293 a
1715 5240 1826 5295 Deo
1884 5240 2008 5295 lact:

2133 5236 2243 5289 τῶν
2268 5236 2574 5307 ἀνθρώπων
2603 5238 2760 5293 υἱοὺς
2810 5237 3117 5307 ἀνθρώπων
3162 5234 3482 5305 ἐπαγαγών.
3510 5222 3622 5290 Κῖιὶ
3663 5235 3728 5286 τὸ

445 5332 656 5387 narrat,
682 5339 806 5379 cum
852 5324 928 5379 ait
961 5343 975 5380 :
1015 5343 1035 5377 ι
1072 5324 1246 5395 Elegit
1290 5326 1554 5382 Dominus
1590 5338 1773 5384 noster
1826 5328 1969 5385 ﬁlios

2140 5329 2359 5383 πάντων
2394 5330 2788 5396 ὲλεεινότατον,
2825 5329 2908 5383 ὅτι
2939 5329 3094 5400 παρὰ
3120 5328 3257 5381 Θεοῦ
3287 5327 3449 5382 τοῦτο
3468 5326 3726 5397 γενέσθαι

447 5416 817 5484 etaccepitex
881 5417 1088 5486 angelis
1148 5418 1365 5488 quidem
1425 5418 1674 5475 feminas.
1745 5418 1853 5475 Vos
1899 5436 2008 5476 VCI‘I

2139 5420 2527 5489 καταγγέλλει,
2559 5420 2736 5488 λέγων
2758 5436 2772 5451 ⁸
2809 5441 2827 5475 ι
2853 5422 3170 5488 Ἐξελέξατο
3216 5420 3423 5491 Κύριος
3472 5418 3632 5489 ἡμῶν
3657 5416 3729 5469 τὰ

450 5500 620 5557 ardua
679 5507 926 5574 quaedam
980 5519 1034 5564 et
1107 5525 1302 5581 magna
1358 5510 1747 5581 pronuntiatis,
1815 5513 1865 5566 id
1924 5525 2007 5570 est

2142 5511 2341 5563 τέκναο
2373 5510 2467 5562 καὶ
2501 5509 2696 5563 ἐλαϐεν
2729 5512 2793 5563 ὲκ
2827 5510 2937 5563 τῶν
2967 5511 3218 5580 ἀγγέλων
3247 5511 3491 5580 θηλείας.
3533 5508 3726 5576 Ὑμεῖς

455 5587 623 5646 Deum
658 5596 858 5653 liberos
889 5600 1090 5658 habere
1122 5603 1459 5676 divulgatis:
1505 5605 1669 5656 immo
1691 5617 1817 5657 vero
1850 5607 2008 5675 potiu

2141 5603 2196 5656 δὲ
2219 5603 2408 5671 λέγετε
2442 5602 2637 5670 λόγους
2684 5604 2981 5672 μεγάλους,
3042 5603 3291 5658 τουτέστι
3337 5600 3606 5673 φημίξετε
3636 5598 3729 5651 τὸν

529 5750 547 5781 ³
573 5750 761 5812 Matth.
797 5775 876 5825 tn,
909 5761 1007 5814 17·
1057 5777 1188 5827 xvu,
1223 5764 1275 5818 5.
1356 5764 1374 5793 ’
1402 5761 1559 5817 Joau.
1592 5779 1689 5830 xu,
1717 5764 1806 5819 28.
1886 5765 1905 5797 ³
1939 5766 2008 5822 Ge

2111 5783 2160 5822 νι
2218 5766 2272 5820 2.
2349 5766 2370 5798 ⁸
2410 5764 2567 5822 Iliad.
2610 5782 2695 5823 ιιι.
