4132 6410
482 377 618 442 lii-i3

1366 383 1751 447 PANOPLIA
1792 380 2257 446 DOGMATICA.
2295 407 2360 418 -
2400 381 2553 445 ΤΙΤ.
2599 381 2877 445 XXVIII.

3627 384 3764 451 1316

472 494 608 549 Θεὸν
638 494 789 558 υίοὺς
815 495 962 567 ἔχειν
998 514 1009 527 ·
1050 496 1250 567 μᾶλλον
1284 495 1382 564 μὲν
1409 490 1502 550 οὖν
1535 496 1759 567 θηλείας
1807 492 2074 563 ἀγγέλους

2183 492 2407 561 angelos
2442 492 2695 559 feminas,
2751 491 3020 564 nymphas
3075 494 3224 550 dedit
3274 495 3361 551 ille
3402 496 3528 554 ﬁliis
3587 499 3764 554 homi-

476 587 700 658 νύμφας
729 588 934 642 δέδωκε
972 591 1082 653 τοῖς
1118 591 1255 654 υίοῖς
1283 589 1393 642 τῶν
1442 588 1751 660 ἀνθρώπων
1772 605 1787 619 ’
1834 587 1896 656 ἐξ
1923 578 1998 642 ὧν
2020 588 2072 641 οι

473 681 733 750 γίγαντες
792 682 1188 754 ἐγεννήθησαν.
1231 701 1249 734 ι
1305 683 1416 735 Kal
1463 682 1547 735 ὅτι
1597 682 1697 753 μὲν
1756 682 1815 735 αἱ
1851 680 2073 752 θήλειαι

473 771 696 840 ἄγγελοι
726 769 827 825 οὔκ
858 774 965 827 είσι
999 773 1304 845 θυγατέρες
1349 772 1510 841 Θεοῦ,
1545 775 1687 828 κατὰ
1735 775 1829 827 τὸν
1864 772 1943 839 ις’
1969 773 2073 844 μῦ-

475 863 593 930 θον,
636 865 856 935 ὄμνυσι,
935 867 1030 921 καὶ
1087 867 1367 939 ἐπαρᾶται
1405 866 1499 921 τὸν
1548 866 1711 921 τοῦτο
1750 865 2073 938 ὑπολαμϐά-

473 973 662 1012 νοντα’
690 958 774 1011 ὅτι
800 958 859 1013 δὲ
891 958 1112 1029 θήλειαι
1143 958 1369 1028 ἅγγελοί
1425 959 1587 1025 είσιν,
1614 958 1921 1028 ἐνίσταται,
1971 960 2070 1015 καὶ

432 1104 441 1109 ,
473 1049 892 1123 διισχυρίζεται.
935 1050 1080 1105 Ἀλλ’
1108 1053 1157 1105 εί
1189 1053 1285 1106 καὶ
1318 1051 1528 1124 δοθείη,
1571 1053 1711 1124 ὅπερ
1755 1055 2065 1124 ἀμήχανον,

472 1145 644 1216 ἄνδρα
673 1146 865 1220 θηλείᾳ
895 1146 1113 1219 ἀγγέλῳ
1145 1147 1467 1219 μίγνυσθαι,
1499 1149 1593 1203 καὶ
1623 1151 1986 1221 σπερμαίνειν
2012 1149 2070 1204 ὲν

473 1240 612 1310 αὐτῇ
633 1255 648 1269 ο
691 1238 751 1293 ἑν
782 1238 914 1307 ποίᾳ
934 1239 1119 1311 μήτρᾳ
1155 1237 1369 1305 συνέξει
1399 1239 1497 1293 καὶ
1531 1236 1750 1304 ζωώσει
1783 1240 1844 1292 τὸ
1871 1257 2068 1307 σωμα-

470 1330 626 1385 τικδν
650 1330 876 1400 σπέρμα
906 1332 939 1402 ἡ
972 1330 1306 1400 ἀσώματος;
1338 1329 1479 1403 Ποίᾳ
1505 1330 1563 1385 δὲ
1595 1329 1926 1400 καταλλήλῳ
1962 1328 2068 1402 ὕλῃ

475 1420 670 1493 θρέψει
696 1420 894 1488 teuto;
954 1422 1072 1486 πῶς
1100 1422 1158 1476 δὲ
1212 1422 1312 1478 καὶ
1347 1424 1682 1492 ὲγγάστριον
1717 1421 1978 1494 περιάξει
2007 1422 2070 1474 τὸ

473 1514 707 1587 βρέφος;
742 1516 860 1581 πῶς
898 1515 955 1569 δὲ
985 1518 1080 1571 κα)⁸
1113 1516 1458 1587 γαλουχήσει
1502 1516 1561 1570 τὸ
1593 1515 1809 1586 χυμοὺς
1841 1514 2071 1586 θρεπτι-

470 1609 602 1671 κοὺς
632 1608 823 1673 είωθὺς
853 1609 1196 1664 ἐπισπᾶσθαι
1258 1608 1402 1674 ζῶον
1453 1610 1486 1680 ἠ
1524 1609 1688 1672 amo;
1716 1609 1811 1663 καὶ
1836 1609 2071 1679 ἄναιμος

470 1701 671 1770 φύσις;
731 1701 848 1758 Οὐκ
894 1702 1006 1774 ἄρα
1044 1704 1267 1766 πάντως
1303 1702 1429 1756 οὔτε
1488 1701 1684 1775 θήλειά
1715 1703 1869 1755 ἐστιν
1902 1701 2071 1772 ἄγγε-

470 1793 593 1858 λοςο
627 1795 689 1849 τὸ
723 1797 833 1866 γὰρ
866 1796 1039 1867 ᾱρρεν
1078 1800 1172 1851 καὶ
1205 1797 1267 1851 τὸ
1323 1797 1462 1868 θῆλυ
1492 1785 1767 1866 σωμάτων
1795 1795 1925 1850 ίδια.

2179 584 2626 653 nunt;equibus
2659 584 2909 652 gigantes
2958 586 3074 641 nati
3132 594 3281 641 sunt.
3368 607 3387 640 ι
3448 587 3567 643 Jam
3629 606 3760 646 vero

2175 674 2400 744 angelos
2436 673 2671 728 feminas
2696 688 2804 728 nou
2846 688 2969 730 esse
3001 675 3141 731 ﬁlias
3171 675 3290 742 Dei,
3324 686 3385 731 ut
3440 686 3525 734 est
3574 680 3626 733 in
3678 681 3762 735 fa-

2174 766 2315 821 bella
2348 782 2457 832 xw,
2486 766 2848 836 jurejurando
2915 766 3191 833 aﬂirmat;
3251 754 3486 838 eumque
3536 773 3628 841 qui
3694 776 3764 828 ita

2176 862 2454 931 opinetur,
2486 870 2830 917 exsecratur.
2859 861 3013 929 Quod
3037 878 3164 917 vero
3186 862 3403 918 femina:
3428 863 3607 934 angeli
3634 867 3764 930 sint,

2174 954 2371 1010 iterum
2398 954 2704 1026 iterumque
2757 953 2990 1011 aﬂirmat
3039 964 3094 1011 et
3154 958 3445 1026 pertendit.
3499 957 3653 1024 Quod
3717 959 3766 1012 si

2173 1050 2340 1104 etiam
2396 1048 2641 1117 daretur,
2706 1052 2853 1119 quod
2901 1058 3082 1104 tamen
3148 1050 3265 1103 ﬁeri
3325 1051 3536 1120 nequit,
3586 1053 3762 1105 virum

2172 1157 2292 1197 cum
2323 1142 2523 1198 femina
2551 1144 2745 1215 angelo
2774 1159 2886 1198 rem
2913 1143 3138 1209 habere,
3181 1155 3236 1199 et
3289 1159 3475 1200 semen
3520 1146 3571 1199 in
3612 1160 3765 1199 eam-

2174 1237 2292 1290 dcm
2320 1237 2575 1292 emittere
2612 1254 2628 1292 :
2660 1252 2918 1308 quanam,
2957 1238 3113 1301 cedo,
3168 1238 3399 1293 matrice
3440 1238 3761 1302 continebit,

2172 1339 2225 1381 et
2257 1327 2441 1383 vivum
2476 1328 2674 1385 efﬁciet
2700 1344 2764 1384 ea
2783 1344 2906 1400 qua:
2929 1330 3180 1400 corporis
3202 1339 3285 1384 est
3316 1344 3531 1398 expers,
3574 1345 3764 1385 semen

2173 1435 2499 1491 corporeum
2536 1421 2560 1473 ’ἐ
2600 1420 2825 1487 Deinde,
2868 1436 3108 1493 quanam
3134 1433 3483 1492 congruente
3507 1423 3766 1480 alimonia

2173 1519 2378 1573 nutriet
2420 1517 2565 1572 istud
2594 1518 2618 1572 ί
2644 1521 2919 1589 quomodo
2985 1517 3272 1586 infantem,
3309 1522 3400 1591 qui
3454 1530 3582 1577 ante
3637 1537 3768 1592 par-

2175 1621 2290 1665 tum
2347 1610 2402 1665 in
2449 1618 2640 1665 ventre
2703 1610 2941 1676 fovetur,
3031 1612 3384 1668 circumferet
3443 1613 3467 1667 ?
3520 1613 3768 1684 Denique

2170 1702 2446 1772 quomodo
2481 1704 2618 1760 lacte
2644 1703 2849 1760 fovebit
2873 1705 3093 1771 animal,
3124 1706 3267 1776 quod
3295 1721 3490 1763 succos
3516 1708 3767 1762 nutrien-

2173 1803 2253 1848 tes
2319 1794 2595 1850 attrahere
2660 1795 2990 1862 consuevit,
3072 1810 3135 1850 ea
3194 1812 3317 1867 qum
3378 1797 3625 1853 materize
3709 1804 3765 1851 et

469 1888 757 1959 sanguinis
794 1898 879 1943 est
929 1903 1131 1961 expers
1159 1900 1352 1945 natura
1375 1893 1413 1959 ’2,
1462 1888 1584 1945 Non
1633 1889 1804 1961 igitur
1876 1887 2104 1944 omnino
2136 1897 2218 1944 est
2271 1887 2497 1959 angelus
2523 1886 2766 1965 femina:
2804 1889 3009 1945 femina
3051 1890 3197 1947 enim
3261 1900 3317 1947 et
3381 1906 3499 1947 mas
3548 1891 3765 1962 propria

470 1990 597 2037 sunt
642 1997 1023 2051 corpororum.

548 2073 602 2131 ι’.
621 2076 853 2146 Είσάγει
878 2077 971 2132 τὸν
988 2077 1123 2135 Θεὸν
1144 2079 1294 2153 αύτῷ
1311 2077 1556 2149 τοιοῦτον
1573 2081 1737 2155 ὅρκον
1764 2079 2063 2151 ὀμνύοντα,

2242 2076 2334 2132 10.
2363 2074 2580 2132 inducit
2616 2076 2782 2132 Deum
2811 2092 2968 2134 suum
2995 2077 3083 2133 tali
3112 2077 3468 2148 jurejurando
3504 2097 3624 2136 sese
3654 2086 3722 2139 ob
3742 2116 3766 2126 -

476 2186 495 2221 t
534 2167 623 2223 ua
656 2168 853 2238 φουλκὶ
901 2168 1014 2223 τῶν
1080 2170 1358 2241 φουλκῶν,
1409 2172 1504 2225 καὶ
1543 2170 1899 2242 προθίσματα
1933 2188 2068 2240 προ-

470 2260 779 2331 θισμάτων.
821 2282 840 2315 ι
902 2263 1011 2317 Kal
1070 2259 1232 2328 αὖθις
1271 2266 1328 2319 ὲν
1379 2265 1556 2337 ἑτέρῳ
1590 2265 1867 2337 μυθαρίῳ,
1909 2284 1928 2317 ι
1974 2262 2093 2319 Ma‘

469 2352 777 2423 λικμοῦντα
830 2353 1200 2426 λικμούντων,
1255 2356 1353 2409 καὶ
1407 2356 1788 2427 βασταζούσας
1836 2355 2062 2427 γύμους,

472 2447 567 2501 καὶ
603 2445 906 2520 τρεχούσας
947 2446 1187 2515 εὐθεῖαν,
1234 2451 1333 2505 καὶ
1363 2449 1433 2503 τὰ
1470 2448 1767 2519 μερίζοντα
1804 2452 2069 2521 πράγμα-

471 2556 544 2592 τα
564 2551 578 2566 ·
621 2556 639 2590 ι
678 2538 772 2592 καὶ
796 2538 961 2593 πάλιν
984 2538 1042 2592 ὲν
1070 2538 1263 2611 ἑτέρῳο
1291 2557 1310 2592 ι
1334 2538 1435 2595 Μὰ
1457 2540 1517 2594 τὸ
1548 2540 1694 2611 ὅρος,
1728 2542 1826 2595 καὶ
1848 2539 2069 2612 γραφὴν

472 2628 897 2700 δ.στιχισμένην
928 2630 988 2683 ἐν
1024 2629 1338 2702 μεμϐρὰνῳ
1367 2630 1501 2702 λιτῷ
1530 2646 1546 2663 ο
1579 2633 1674 2685 καὶ
1707 2630 1767 2685 τδ
1801 2632 2068 2703 ὀσπήτιον

473 2723 535 2775 το
567 2721 1020 2794 ᾠκοδομημένον,
1043 2722 1138 2776 καὶ
1167 2723 1228 2776 τὸ
1261 2714 1452 2793 στέγος
1484 2722 1543 2780 τὸ
1574 2723 1937 2794 σηκούμενον,
1973 2725 2070 2778 καὶ

474 2814 573 2884 τὴν
600 2813 880 2868 θάλασσαν
908 2814 1008 2886 τὴν
1035 2814 1354 2887 δεδεμένην.
1394 2834 1415 2868 ι
1461 2816 1575 2870 Kal
1601 2818 1658 2870 ὲν
1695 2817 1909 2886 ἑτέροις
1932 2813 2070 2872 ἄλλα

475 2908 602 2961 τινὰ
631 2906 944 2980 βαρϐαρικὰ
961 2907 1057 2961 καὶ
1088 2909 1317 2979 ἀνόητα,
1350 2909 1447 2963 καὶ
1472 2909 1572 2980 τῆς
1603 2910 1771 2964 αὐτοῦ
1800 2910 2069 2983 φλυαρίας

477 3000 574 3054 καὶ
592 2999 1025 3070 φρενοϐλαϐείας
1049 3000 1153 3054 οὐκ
1186 3000 1506 3056 ἀποδέοντα.
1536 3003 1650 3057 Καὶ
1693 3002 1933 3075 ἀλλαχοῦ
1963 3003 2069 3059 πά·

476 3092 597 3146 λιν⁹
660 3110 678 3145 ι
720 3092 810 3147 Μὰ
858 3093 951 3147 τὸν
1010 3093 1256 3165 κάλαμον
1310 3095 1407 3150 καὶ
1446 3095 1483 3150 ἃ
1526 3098 1900 3167 στιχίζουσι.»
1953 3096 2069 3151 Kal

476 3182 643 3237 πάλιν
669 3184 728 3237 ὲν
749 3183 1113 3257 ἄλλοιςβρκον
1143 3186 1460 3258 πεποίηται,
1499 3205 1518 3240 ι
1559 3188 1652 3241 Μὰ
1682 3188 1783 3252 τὰς
1829 3188 2067 3244 ἀπολυο-

480 3277 649 3346 μένας
694 3275 931 3346 ὀρδίνου,
972 3277 1067 3331 καὶ
1130 3278 1470 3346 καταιγίδων
1541 3279 1908 3349 καταιγίδας,
1976 3280 2069 3334 καὶ

477 3368 841 3423 ἁπλωθέντων
871 3368 1208 3439 ἁπλώματα,
1241 3372 1339 3425 καὶ
1365 3370 1657 3442 χωρούσας
1683 3371 1945 3444 χώρημα,
1970 3374 2069 3427 καὶ

2175 2170 2532 2239 stringentem
2562 2187 2576 2225 :
2614 2189 2632 2223 ι
2664 2169 2759 2226 Nae
2793 2185 2890 2240 per
2921 2172 3148 2243 pbulcos
3175 2171 3519 2241 phulcorum,
3554 2187 3607 2230 et
3638 2193 3766 2247 pro-

2178 2264 2439 2319 thismala
2475 2263 2918 2335 prothismatum.
2963 2283 2981 2317 ι
3050 2264 3118 2320 Ει
3148 2266 3347 2320 iterum
3381 2267 3432 2320 in
3465 2268 3568 2322 alia
3599 2270 3768 2326 fabel-

2173 2355 2220 2409 la
2260 2372 2275 2412 :
2320 2375 2339 2408 ‹
2389 2353 2482 2411 Nae
2522 2370 2620 2426 per
2653 2355 2918 2410 licmunta
2955 2354 3309 2421 lictnuntum,
3380 2366 3435 2410 et
3483 2370 3767 2427 portantes

2173 2462 2361 2514 onera,
2415 2457 2810 2516 currentesque
2868 2455 3073 2502 rectam
3100 2446 3267 2511 viam,
3300 2455 3358 2503 et
3387 2459 3450 2501 ea
3507 2466 3629 2520 qua:
3676 2468 3763 2507 res

2172 2537 2502 2606 partiuntur.
2541 2555 2559 2589 ι
2628 2536 2693 2590 Et
2726 2536 2919 2591 iterum
2953 2535 3010 2590 in
3071 2535 3176 2589 alia
3215 2555 3229 2591 :
3261 2554 3281 2587 ι
3334 2536 3425 2591 Na:
3456 2555 3553 2608 per
3613 2558 3765 2595 mon-
3868 2562 3869 2565 η

2174 2634 2282 2682 tem
2315 2636 2371 2682 et
2418 2626 2749 2697 scripturam
2811 2626 3025 2682 duobus
3081 2628 3332 2684 versibus
3391 2631 3653 2700 scriptam
3708 2634 3763 2689 in

2171 2715 2489 2770 membrana
2550 2713 2743 2779 tenui;
2801 2721 2857 2769 et
2921 2713 3217 2783 hospitium
3304 2715 3653 2784 aediﬁcatum,
3710 2733 3766 2776 et

2174 2816 2384 2863 rectum
2418 2808 2562 2878 quod
2592 2807 2941 2877 appenditur,
2979 2816 3031 2862 et
3083 2822 3182 2877 per
3220 2824 3372 2865 mare
3429 2814 3694 2870 vinctum.
3736 2835 3755 2870 ι

2174 2903 2242 2958 Et
2274 2903 2329 2958 in
2360 2901 2484 2958 aliis
2544 2904 2649 2957 alia
2691 2902 2939 2969 quadam
2986 2902 3299 2969 barbarica,
3337 2905 3525 2972 stulta,
3557 2908 3765 2980 inepta,

2177 3009 2277 3050 nec
2301 2993 2478 3050 aliena
2526 2993 2594 3047 ab
2658 2994 2832 3064 ipsius
2888 2994 3049 3063 nugis
3090 3005 3144 3049 et
3193 2998 3454 3075 amentia.
3518 2999 3582 3054 Et
3638 3003 3766 3058 alibi

2176 3101 2440 3143 rursum:
2510 3103 2530 3139 ι
2590 3084 2697 3140 Per
2764 3086 3059 3150 calamum,
3130 3096 3187 3141 et
3254 3103 3376 3157 quae
3426 3091 3768 3163 distinguunt

2174 3192 2389 3232 versus.
2431 3194 2451 3228 ι
2486 3175 2553 3231 Ει
2594 3177 2790 3231 iterum
2824 3175 2877 3229 in
2909 3174 3030 3229 aliis
3054 3176 3433 3244 juramentum
3467 3182 3706 3251 concipit
3746 3199 3764 3240 :

2180 3287 2201 3321 ι
2243 3267 2348 3323 Per
2398 3268 2683 3324 absolutas
2717 3268 2933 3333 ordine,
2988 3278 3045 3321 et
3096 3262 3193 3336 per
3225 3271 3589 3338 procellarum
3644 3290 3769 3344 pro-

2179 3360 2370 3429 cellas,
2405 3376 2504 3433 per
2531 3375 2895 3431 expansorum
2931 3363 3321 3429 expansiones,
3358 3373 3413 3417 et
3477 3366 3765 3434 capientes

482 3462 786 3533 ριπτούσας
819 3427 1050 3532 γνώμην
1076 3427 1506 3534 ἀπολογητιξιήν.
1548 3482 1567 3515 ι
1633 3427 1961 3529 ἱςὲιιόίὲθιξ
2008 3466 2067 3520 ὲν

2180 3459 2597 3523 conceptamen,
2625 3460 2679 3506 et
2698 3451 2966 3521 jacicutes
2987 3452 3312 3506 sententiam
3333 3452 3692 3511 defensoriam
3713 3478 3761 3513 ,ι

479 3554 664 3619 ἄλλοις
684 3571 699 3586 ο
740 3574 756 3606 t
787 3554 881 3610 ma
931 3555 1030 3619 τὰς
1058 3555 1466 3626 ἀνασπωμένας
1511 3555 1770 3627 βόλισμοι,
1806 3559 1902 3611 καὶ
1932 3560 2071 3628 ἀφε-

477 3646 711 3718 λομένας
738 3648 1029 3718 ἀφέλωμα,
1087 3647 1180 3701 καὶ
1208 3648 1590 3717 κοΑυμϐούσας
1623 3650 1917 3721 κόλυμϐον,
1974 3651 2068 3705 καὶ

481 3736 867 3806 προλαϐούσας
900 3735 1267 3808 προλάϐωμοι,
1293 3740 1390 3791 καὶ
1410 3738 1724 3805 ὁιοικούσας
1742 3742 1982 3813 πρᾶγμα
2011 3743 2071 3796 ἑν

480 3832 666 3906 ἡμέρᾳ
716 3833 774 3886 ὲν
874 3833 1009 3886 σείει
1041 3834 1268 3903 σεισμός
1289 3851 1302 3865 ·
1345 3853 1366 3887 ι
1428 3836 1526 3889 καὶ
1558 3832 1717 3902 αὖθις
1748 3838 1807 3892 ὲν
1860 3838 2067 3912 ἑτέρῳ⁹

490 3946 507 3977 ι
534 3927 629 3981 Μὰ
644 3926 737 3980 τὸν
753 3927 985 3999 οὐρανὸν
1001 3927 1095 3981 τὸν
1120 3943 1266 3982 πεπυ
1276 3930 1578 4000 ργωμένον,
1609 3931 1701 3983 καὶ
1725 3929 1825 4001 τὴν
1854 3931 2070 4002 ἡμέραν

487 4018 589 4090 τῆς
622 4019 922 4089 συνταγῆς·
942 4020 1037 4073 καὶ
1065 4021 1279 4091 μάρτυν
1299 4020 1396 4073 καὶ
1429 4020 1901 4091 μαρτυρούμενον.
1917 4039 1937 4073 ι
1959 4020 2074 4075 Kal

482 4110 647 4166 πάλιν
684 4111 742 4163 έν
777 4110 952 4182 ἑτέρῳ
975 4128 990 4144 ο
1031 4129 1051 4164 ι
1080 4112 1173 4166 Μὰ
1212 4112 1305 4165 τὸν
1332 4112 1566 4184 οὐρανὸν
1619 4114 1716 4167 καὶ
1745 4114 1840 4169 τὸν
1878 4116 2072 4169 ’Δλτα-

483 4202 593 4275 ρίκ.
628 4221 647 4256 ι
679 4202 787 4257 Καί
816 4204 870 4257 τί
901 4199 1053 4268 οἶδας
1084 4204 1137 4257 τί
1160 4204 1222 4257 τὺ
1258 4204 1557 4275 Ἀλταρίκ;
1601 4204 1661 4259 '0
1685 4205 1863 4277 ἀστὴρ
1891 4208 1920 4262 ὁ
1943 4224 2075 4279 τρυ-

480 4297 691 4370 πητόςο
748 4299 844 4351 καὶ⁵
898 4299 958 4352 ὲν
1018 4297 1165 4368 ἄλλῳ
1208 4298 1407 4352 πάλιν·
1468 4315 1487 4350 t
1521 4298 1617 4353 Μὰ
1645 4298 1708 4352 τὸ
1764 4298 1931 4368 αὖγος
1978 4301 2075 4354 καὶ

482 4392 685 4455 νύκτας
714 4391 880 4444 δέκαο
908 4391 1004 4446 καὶ
1036 4391 1070 4461 ἡ
1103 4390 1245 4462 ζυγὴ
1270 4392 1365 4445 καὶ
1396 4391 1429 4460 ἡ
1464 4390 1718 4462 succum
1742 4406 1756 4422 ο
1788 4393 1885 4445 καὶ
1914 4394 1946 4464 ἡ
1977 4391 2077 4459 νὺξ
2118 4382 2119 4385 ¹

484 4489 614 4539 όταν
636 4481 985 4552 ὲφαπλῶται.
1016 4500 1036 4534 ›
1062 4483 1174 4535 Kal
1202 4480 1357 4546 αὖθις
1380 4482 1605 4554 ὲν-ἄλλῳ
1624 4498 1639 4514 ο
1663 4502 1681 4536 ι
1711 4483 1807 4538 Μὰ
1842 4481 1941 4544 τὰς
1977 4498 2074 4535 συ-

483 4580 587 4643 κᾶς
614 4578 708 4630 καὶ
730 4576 829 4638 τὰς
856 4574 1043 4638 ἐλαίας
1066 4573 1163 4627 τοῦ
1180 4574 1330 4638 Σινᾶ,
1355 4575 1450 4629 καὶ
1471 4576 1680 4646 ταύτην
1706 4576 1808 4647 τὴν
1831 4574 2069 4647 χώραν.»

484 4672 597 4725 Καὶ
635 4672 693 4724 ὲν
724 4669 871 4739 ἄλλῳ
903 4667 1067 4721 πάλιν
1088 4682 1103 4699 ο
1147 4684 1166 4718 t
1204 4666 1300 4721 Μὰ
1333 4668 1432 4731 τὰς
1484 4668 1803 4740 δραμούσας
1847 4670 1906 4722 ἐν
1938 4668 2074 4722 ὁλα-

486 4762 697 4832 κισμῷ,
746 4762 844 4815 καὶ
876 4760 976 4825 τὰς
1018 4757 1379 4823 δεικνυούσας
1406 4761 1747 4832 πυροϐολίαν
1773 4799 1789 4825 ,
1848 4759 1946 4814 καὶ
1973 4760 2074 4824 τὰς
2106 4786 2153 4843 ι)

490 4853 935 4928 περιπιπτούσας
966 4854 1048 4917 είς
1075 4852 1137 4906 τὺ
1165 4867 1357 4922 αυγος,
1386 4855 1478 4906 καὶ
1506 4855 1857 4924 ταράξαντας
1889 4856 1969 4918 είς
2014 4854 2075 4908 τὸ

488 4945 861 5022 ὑδρὸσταθμα.
898 4964 918 4998 ι
970 4946 1079 4999 Kal
1111 4943 1351 5015 ἀλλαχοῦ
1367 4960 1388 4977 ~°
1432 4962 1450 4997 ι
1481 4945 1575 4999 Μὰ
1616 4945 1713 5000 τὸν
1756 4944 2011 5017 Ἀλεζερ.
2048 4964 2068 4999 ι

490 5043 709 5098 Τούτων
734 5040 791 5095 δὲ
807 5038 916 5094 τῶν
940 5038 1122 5109 ὅρκων
1156 5038 1284 5101 τοὺς
1317 5037 1416 5104 μὲν
1440 5036 1536 5090 τοῦ
1563 5036 1696 5108 παρ’
1730 5038 1899 5092 αὑτοῦ
1936 5037 2075 5092 Θεοῦ

490 5150 656 5205 φησιν
686 5127 846 5198 εἶναι,
875 5129 1001 5191 τοὺς
1025 5126 1083 5182 δὲ
1110 5125 1272 5189 αὐτὸς
1290 5125 1511 5196 ὄμνυσι,
1543 5124 1944 5195 καταπλήττων
1968 5125 2074 5180 κάν

490 5227 699 5290 τούτοις
729 5224 855 5287 τοὺς
883 5219 1220 5292 βαρϐάρους,
1264 5219 1363 5272 καὶ
1415 5217 1589 5272 θέλων
1640 5216 1810 5285 δεῖξαι
1863 5217 2076 5281 τούτοις

492 5317 836 5389 πολυμαθὴς,
864 5313 958 5368 καὶ
973 5311 1144 5384 βαθέα
1173 5313 1455 5382 μυστήρια
1475 5310 1865 5379 ἐπιστάμενος,
1890 5308 2079 5381 ὥσπερ

492 5411 589 5466 καὶ
613 5411 742 5464 ὃταν
767 5409 924 5480 λέγῃ,
958 5424 977 5459 ι
1022 5401 1341 5473 Ἐπιγραφὴ
1373 5404 1456 5466 είς
1483 5401 1546 5455 τὸ
1580 5402 1795 5479 μκκά·
1827 5421 1846 5456 ι
1888 5403 1983 5456 καὶ
2029 5403 2082 5457 τί

495 5502 644 5568 οἶδας
670 5501 725 5556 τί
761 5500 823 5554 τὸ
862 5498 1037 5554 ’Δκκά
1064 5513 1079 5564 ;
1109 5497 1207 5551 καὶ
1236 5497 1374 5551 ἄλλα
1427 5494 1599 5551 πολλὰ
1632 5494 1857 5549 τοιαῦτα
1881 5512 2076 5550 παντεο

497 5597 606 5661 λῶς
637 5594 962 5664 δύσφραστα
984 5591 1082 5647 καὶ
1111 5591 1343 5661 ἀνόητα,
1381 5591 1600 5655 καὶτὰς
1640 5588 1810 5653 ἀκοὰς
1843 5604 2084 5643 κατατυ-

502 5687 709 5743 ποῦντα
725 5684 836 5740 τῶν
869 5683 1335 5755 μαθητευομένων
1358 5682 1530 5756 αὐτῷ.

577 5845 705 5906 Ἔτι
734 5847 1028 5916 ἱξόμνυται
1071 5842 1319 5916 Maia-p.50
1352 5844 1497 5903 κατά
1518 5861 1579 5902 τε
1615 5844 1767 5915 ἡλίου
1796 5845 1890 5901 καὶ
1926 5842 2085 5916 σελή-

2174 3546 2466 3602 Etiterum
2494 3543 2545 3599 in
2585 3540 2755 3599 aliis:
2806 3560 2827 3594 ι
2886 3540 2981 3596 Nat
3045 3557 3144 3612 per
3195 3558 3290 3599 eas
3327 3559 3447 3613 qua:
3481 3559 3536 3601 at
3565 3551 3768 3606 raltunt

2174 3637 2435 3702 bolidem,
2472 3650 2569 3706 per
2594 3634 2900 3690 adimentes
2954 3638 3314 3704 adimentum,
3374 3652 3469 3708 per
3515 3650 3767 3697 natantes

2173 3729 2531 3797 natationem,
2565 3741 2662 3799 per
2688 3728 3052 3797 antlcipantes
3084 3728 3475 3799 anticipamen,
3514 3746 3631 3801 pcr‘
3672 3735 3768 3788 atl—

2183 3822 2568 3878 ministrantes
2613 3820 2893 3890 negotium
2956 3820 3011 3873 in
3058 3819 3146 3873 die
3200 3834 3311 3889 quo
3365 3830 3529 3877 terra:
3588 3833 3769 3885 motus

2175 3916 2374 3988 quatit.
2402 3932 2423 3967 ι
2446 3914 2744 3969 Etrursum
2782 3914 2837 3967 in
2859 3913 2965 3968 alia
3000 3930 3015 3968 :
3059 3931 3079 3965 ι
3116 3911 3208 3968 Nae
3236 3929 3334 3983 per
3365 3917 3561 3971 caelum
3607 3920 3769 3974 turri.
3858 3972 3865 3977 _

2177 4016 2313 4073 tum,
2345 4014 2401 4060 et
2425 4002 2568 4060 diem
2600 4004 3032 4073 compositionis,
3068 4020 3165 4074 per
3194 4016 3388 4062 testem
3415 4018 3470 4062 et
3511 4009 3772 4064 testiﬁca-

2178 4106 2317 4152 tum.
2361 4113 2379 4147 ι
2426 4095 2492 4149 Ει
2521 4110 2738 4149 rursum
2763 4095 2817 4148 in
2845 4094 2946 4149 alia
2985 4113 3001 4151 :
3069 4114 3087 4148 ι
3152 4094 3246 4152 Na:
3299 4112 3398 4167 per
3451 4100 3652 4155 cmlum
3715 4113 3769 4157 ct

2174 4185 2406 4242 Altarik.
2441 4204 2459 4238 ι
2501 4184 2569 4240 Ει
2620 4183 2711 4253 qui
2770 4184 2911 4238 scire
2964 4184 3143 4253 possis
3198 4184 3331 4256 quid
3390 4186 3463 4240 sit
3510 4185 3769 4243 Altarak?

2183 4294 2203 4330 ι
2231 4274 2640 4343 Stella,inquit,
2663 4271 2991 4342 perforata.»
3018 4273 3150 4327 Etin
3172 4272 3280 4329 alio
3298 4273 3417 4330 loco
3448 4293 3462 4329 :
3504 4292 3523 4326 ι
3548 4274 3637 4330 Nae
3671 4288 3769 4347 per

2180 4368 2444 4440 fulgorem
2474 4376 2528 4421 et
2564 4376 2751 4421 noctes
2784 4364 2977 4420 decem
3011 4381 3028 4423 :
3081 4365 3517 4435 perjuncturam
3569 4376 3625 4422 et
3676 4383 3767 4423 se-

2176 4461 2523 4529 juncturam,
2557 4471 2654 4524 per
2688 4466 2902 4511 noctem
2949 4472 3074 4512 cum
3105 4471 3348 4526 expansa
3380 4457 3567 4512 fuerit.
3624 4477 3643 4510 ι
3702 4458 3770 4513 Ει

2179 4552 2450 4609 rursusin
2510 4551 2660 4604 alio:
2708 4567 2726 4599 ι
2768 4546 2861 4602 Nae
2888 4562 2985 4616 per
3003 4548 3136 4605 ﬁcus
3171 4558 3226 4604 et
3252 4549 3402 4605 oleas
3437 4552 3640 4607 montis
3686 4552 3771 4607 Si-

2178 4659 2275 4706 na,
2318 4654 2372 4697 et
2407 4656 2502 4713 per
2536 4643 2684 4696 hanc
2712 4638 3015 4709 regionem.
3047 4657 3067 4691 ι
3100 4638 3165 4694 Ει
3187 4640 3240 4694 in
3269 4639 3379 4694 alio
3412 4656 3426 4694 :
3487 4658 3505 4692 ι
3550 4640 3641 4696 Na:
3674 4657 3771 4712 per

2180 4747 2490 4791 currentem
2525 4734 2576 4788 in
2645 4733 2872 4797 latratu,
2943 4740 2998 4786 et
3058 4746 3155 4801 per
3204 4744 3577 4791 monstrantes
3627 4736 3771 4808 ignis

2175 4827 2356 4897 jacula
2382 4844 2396 4894 ;
2425 4841 2523 4895 per
2564 4840 2686 4880 eam
2718 4841 2841 4895 quas
2892 4824 3087 4879 incidit
3132 4825 3187 4879 in
3232 4824 3523 4896 fulgorem,
3564 4836 3619 4883 et
3671 4844 3772 4897 per

2180 4935 2276 4976 eos
2306 4920 2399 4989 qui
2437 4920 2660 4974 turbant
2694 4933 2899 4989 aquam
2956 4926 3325 4989 stagnantem.
3389 4938 3409 4974 ι
3448 4921 3518 4977 Ει
3574 4923 3705 4979 alibi
3751 4943 3765 4980 :

2187 5032 2206 5066 ι
2240 5010 2333 5067 Nae
2358 5026 2455 5080 per
2488 5011 2707 5065 Alczer.
2740 5029 2759 5063 ι
2787 5011 2991 5091 Harum
3019 5024 3151 5066 vero
3174 5009 3538 5068 formularum
3577 5016 3770 5082 juran-

2182 5106 2261 5170 di,
2321 5105 2458 5160 alias
2492 5105 2715 5175 quidem
2750 5104 2838 5159 sui
2871 5102 2967 5159 Dei
2984 5117 3110 5160 esse
3138 5103 3256 5171 ait;
3285 5104 3409 5161 aliis
3461 5120 3588 5162 vero
3653 5108 3769 5177 ipse

2184 5202 2379 5263 utitur,
2427 5200 2616 5253 volens
2649 5198 2706 5253 in
2769 5197 2859 5253 his
2934 5213 3153 5271 quoque
3208 5200 3473 5257 barbaros
3518 5213 3765 5259 conster-

2185 5306 2341 5357 nare,
2408 5301 2573 5359 atque
2627 5289 2924 5346 ostendere
2972 5304 3035 5346 se
3106 5290 3465 5362 multiplicem
3529 5293 3770 5363 discipli-

2186 5401 2314 5439 nam
2368 5400 2433 5440 ac
2490 5383 2764 5453 profunda
2818 5382 3074 5454 mysteria
3122 5382 3362 5451 callere;
3419 5392 3479 5439 ut
3529 5393 3587 5439 et
3642 5400 3765 5439 cum

2187 5478 2357 5534 dicit:
2384 5477 2673 5548 Inscriptio
2700 5477 2758 5531 in
2792 5477 2979 5539 Acca;
3013 5480 3070 5531 et
3101 5474 3192 5546 qui
3236 5476 3379 5532 scire
3426 5475 3611 5544 possis
3636 5476 3768 5544 quid

2195 5569 2265 5623 sit
2285 5569 2431 5624 Acca
2448 5568 2471 5624 τ
2488 5569 2706 5639 aliaque
2732 5567 2999 5638 permulta
3024 5566 3313 5637 ejusmodi,
3337 5581 3457 5638 qua
3482 5576 3533 5623 et
3557 5567 3767 5637 prolatu

2189 5673 2315 5718 sunt
2358 5660 2621 5727 diﬁicilia,
2661 5671 2715 5715 et
2745 5660 2966 5729 intelligi
3001 5674 3226 5729 prorsus
3264 5668 3562 5730 nequeunt,
3604 5673 3769 5718 aures

2192 5770 2388 5825 nempe
2408 5768 2641 5808 suorum
2663 5751 3057 5822 discipulorum
3089 5752 3462 5822 percellentia.

2262 5846 2418 5904 iurat
2465 5854 2729 5923 praeterea
2796 5842 3070 5902 Moameth
3136 5858 3234 5912 per
3297 5843 3513 5910 solem,
3556 5844 3763 5906 lunam,
