4132 6440
391 388 395 399 ’
430 349 567 419 1347

1663 337 2049 404 EUTHYMII
2080 339 2408 402 ZIGABEN
2420 341 2464 402 Ι.

3577 343 3713 411 1348

431 474 603 533 astra,
636 464 849 535 igneum
869 460 1239 532 splendorem.
1264 456 1535 521 animalia,
1561 471 1725 513 canes
1750 469 2020 518 cursores,

2131 470 2250 525 νης,
2281 456 2381 511 καὶ
2424 458 2532 510 τῶν
2560 456 2802 529 ἄστρων,
2845 458 2938 513 καὶ
2970 459 3348 531 λαμπυρίδων,
3386 459 3563 524 ζώων,
3617 463 3715 517 καὶ

426 559 667 629 plantas,
697 554 913 623 aliaque
938 553 1216 623 incognita
1261 561 1315 606 et
1339 549 1577 605 barbara
1607 547 1868 602 vocabula
1931 546 2014 616 (ut

2128 548 2301 602 κυνῶν
2327 549 2631 621 δρομικῶν,
2687 553 2779 607 καὶ
2811 551 3021 621 φυτῶν,
3054 552 3151 606 καὶ
3180 553 3385 624 ἑτέρων
3412 552 3711 620 ἀγνώστου

428 666 534 723 ego
558 648 846 718 existimo)
872 647 1179 702 daemonum
1214 643 1503 701 noxiorum
1539 652 1594 697 et
1620 640 2014 696 s‘cclestorum.

431 743 564 799 lirec
592 755 758 811 porro
784 754 911 795 cum
931 737 1019 793 ille
1045 738 1099 793 in
1128 736 1244 792 suis
1317 735 1536 806 iurandi
1579 732 1829 788 formulis
1866 731 2018 786 adhi-

430 838 581 898 beat,
621 833 908 903 perspicue
936 830 1199 896 ostendit,
1219 828 1366 899 quod
1414 828 1515 883 ista
1546 842 1644 895 pro
1673 825 1776 881 diis
1832 824 2016 879 colat:

429 928 522 997 qui
552 926 697 981 enim
724 922 896 993 iurat,
929 937 1026 993 per
1046 922 1303 991 majorem
1328 920 1520 991 iurare
1538 919 1698 974 solet.
1726 918 1914 988 itaque
1965 924 2021 971 et

431 1020 601 1082 Deus,
641 1030 765 1072 cum
799 1032 905 1071 non
953 1025 1143 1086 posset
1196 1029 1295 1084 per
1366 1012 1626 1083 majorem
1671 1011 1880 1080 iurare,
1920 1023 2018 1080 per

427 1109 920 1181 seipsumiuravit,
974 1106 1437 1177 quemadmodum
1466 1105 1759 1174 Scriptura
1810 1100 2017 1157 docuit.

426 1204 817 1275 Jusjurandum
851 1211 1031 1257 autem
1064 1201 1117 1255 in
1144 1199 1312 1255 Deum
1361 1196 1734 1266 intelligimus.
1765 1193 2019 1264 promissi

425 1297 511 1352 sui
545 1312 642 1366 per
667 1294 889 1365 aliquod
915 1303 1254 1362 assumptum
1286 1289 1800 1347 conﬁrmationem.

502 1389 595 1444 Η.
612 1387 896 1457 Templum
915 1386 1077 1440 etiam
1099 1383 1263 1439 tradit
1280 1392 1335 1438 et
1358 1382 1427 1437 ab
1453 1380 1680 1437 lsmaele
1701 1388 1758 1435 et
1774 1377 2020 1433 Abraha-

427 1498 520 1539 mo
554 1482 881 1538 aediﬁcatum
903 1492 1026 1536 esse
1056 1476 1168 1533 Deo
1197 1492 1213 1543 ;
1241 1475 1384 1546 quod
1412 1475 1629 1546 quidem
1652 1488 1828 1544 neque
1856 1474 2025 1527 erati-

430 1578 497 1631 tit
534 1589 801 1644 unquam,
824 1585 1003 1643 neque
1026 1586 1054 1625 a
1086 1569 1366 1640 Scriptura
1411 1575 1780 1633 memoratur;
1824 1580 1952 1621 nam
1978 1564 2020 1619 si

430 1670 665 1740 lapidem
729 1677 978 1728 unctum,
1004 1674 1064 1718 ut
1090 1665 1199 1718 Deo
1234 1670 1417 1718 statua
1473 1662 1778 1731 erigerelur
1836 1667 2021 1724 uncta,

425 1760 645 1817 divinus
668 1759 973 1815 Mosesnon
999 1756 1215 1812 reticuit
1240 1795 1258 1822 ,
1293 1754 1563 1825 quomodo
1593 1753 1848 1823 templum
1881 1752 2021 1806 intc-

429 1869 586 1924 grum
623 1851 844 1908 silentio
877 1848 1311 1921 prmteririsset?
1537 1909 1551 1922 ο

507 1943 599 1997 12.
632 1941 928 1998 Constituit
957 1948 1009 1993 ut
1030 1932 1119 1992 ‘sui
1144 1935 1717 1993 orarentconvcrsiad
1736 1943 2016 2002 austrum;

427 2035 648 2090 scilicet
677 2032 923 2087 utetiam
954 2030 1125 2086 hacin
1150 2045 1208 2085 re
1252 2030 1321 2085 ab
1373 2029 1481 2084 illis
1529 2031 2016 2100 distinguet-enim,

426 2128 521 2199 qui
552 2129 621 2181 ad
647 2125 914 2180 orientem
941 2123 1109 2179 solent
1138 2122 1388 2178 conversi
1446 2130 1762 2192 precantur.

499 2219 660 2275 .lubet
692 2227 956 2285 praeterea
984 2231 1080 2272 eos
1110 2217 1199 2285 qui
1239 2230 1299 2269 sc
1341 2215 1408 2268 ad
1459 2228 1649 2284 preces
1702 2211 2015 2279 conferunt,

424 2310 580 2381 prius
602 2322 724 2365 sese
770 2320 1045 2377 purgare;
1092 2320 1233 2376 aqua
1269 2303 1530 2373 quidem,
1595 2305 1639 2358 si
1696 2305 1869 2371 adsit;
1931 2305 2014 2359 sin

428 2404 634 2467 minus,
663 2401 829 2456 humo
858 2398 1090 2455 lossitia.
1116 2399 1279 2468 Atqui
1306 2398 1420 2452 haec
1453 2397 1622 2467 magis
1671 2396 1861 2459 fcedat,
1910 2412 2017 2453 non

428 2501 649 2563 purgat.
716 2490 929 2547 Deinde
980 2490 1233 2560 quidnam
1297 2489 1514 2546 confert
1569 2491 1713 2543 nuda
1772 2489 1864 2544 illa
1921 2505 2017 2558 per

425 2599 628 2654 aquam
663 2582 916 2653 purgatio
943 2621 960 2649 ,
998 2580 1270 2652 siquidem
1298 2580 1464 2636 animi
1496 2581 1642 2636 omni
1674 2579 2018 2649 .impuritate

424 2674 680 2734 scatent?

499 2769 640 2824 Dicit
680 2768 905 2833 iterum,
930 2774 1191 2836 tanquam
1252 2782 1321 2823 ex
1356 2767 1602 2836 persona
1651 2767 1746 2823 Dei
1785 2784 1847 2824 ει
1904 2766 2016 2823 Nos

427 2861 679 2917 dedimus
741 2859 839 2914 tibi
887 2860 1274 2915 scarabmum:
1316 2867 1372 2912 tu
1408 2873 1538 2929 ergo
1596 2859 1764 2915 funde
1822 2873 2015 2927 preces

426 2954 497 3009 ad
542 2952 830 3008 Dominum
895 2960 1091 3016 tuum,
1121 2960 1181 3006 et
1208 2960 1421 3006 macta.
1460 2969 1479 3002 ι
1522 2949 1567 3007 0
1632 2950 2014 3007 admirandum

426 3045 757 3102 sacriﬁcium
792 3052 848 3100 et
888 3034 1263 3116 magniﬁcum,
1313 3044 1518 3115 talique
1562 3044 1876 3117 legislatore
1932 3043 2017 3101 di-

425 3154 590 3211 gnum
611 3139 626 3194 ί

498 3230 592 3287 15.
625 3228 755 3298 Qua:
786 3243 820 3286 a
855 3244 993 3286 mu
1020 3227 1322 3286 Moamethi
1349 3227 1547 3286 labella
1571 3241 1743 3300 usque
1764 3228 1832 3283 ad
1854 3243 2015 3284 nm

425 3326 887 3395 interiectasunt,
903 3323 1090 3380 omnia
1112 3321 1591 3393 praetermisimus,
1618 3329 1875 3390 tanquam
1911 3321 2019 3389 ple-

438 3433 508 3472 na
536 3416 792 3473 omnibus
813 3415 997 3485 nugis,
1021 3422 1078 3470 et
1115 3412 1443 3470 monstrosis
1475 3412 1765 3484 ﬁgmentis.
1789 3425 2021 3484 quaeque

419 3512 567 3565 adeo
606 3526 637 3565 a
676 3509 873 3579 seipsis
898 3516 1217 3565 evertuntur
1236 3516 1290 3563 et
1314 3506 1658 3562 refutantur:
1688 3505 1776 3562 illa
1822 3519 2021 3575 nempe

429 3614 774 3672 quacunque
818 3614 882 3654 ex
910 3596 1091 3652 Veteri
1115 3597 1322 3668 pariter
1370 3605 1424 3653 et
1470 3593 1622 3654 Novo
1666 3595 2019 3652 Testamento

430 3690 642 3762 accepit
671 3700 726 3747 et
779 3688 1054 3761 corrupit.
1105 3686 1250 3744 Dicit
1293 3687 1439 3744 enim
1499 3687 1726 3744 Mariam
1771 3702 2019 3744 sororem

427 3782 594 3839 Mosis
623 3791 678 3837 et
702 3783 958 3851 Aaronis,
971 3782 1122 3853 iuxta
1144 3781 1384 3850 palmam
1405 3782 1684 3851 peperisse
1701 3780 1980 3837 Christum
2003 3797 2020 3835 :

424 3883 487 3929 et
540 3890 663 3930 cum
709 3874 1075 3944 desponderet
1116 3875 1361 3929 animum
1407 3875 1478 3931 ob
1535 3873 1753 3930 dolores
1806 3881 2021 3943 partus,

425 3963 712 4022 Christum
733 3981 802 4020 ex
828 3975 985 4021 utero
1000 3964 1176 4036 ipsam
1201 3965 1497 4022 allocutum
1516 3979 1661 4031 esse,
1677 3965 2025 4037 iussisscque

438 4057 679 4127 palmam
700 4065 1023 4124 colicutere,
1052 4066 1108 4114 et
1132 4058 1420 4113 comedere
1447 4058 1514 4113 de
1561 4057 1826 4114 fructibus
1880 4057 2022 4128 eius:

431 4149 692 4207 Davidem
718 4164 855 4205 vero
879 4158 935 4206 et
992 4148 1341 4206 Salomonem
1396 4162 1519 4203 cum
1585 4146 1923 4203 (immanibus
1973 4155 2028 4202 et

426 4243 629 4300 avibus
657 4243 958 4300 collocutos
1011 4241 1239 4310 scripsit
1272 4248 1368 4296 :ct
1401 4238 1682 4296 daemonas
1747 4236 2027 4293 Salomoni

429 4336 787 4391 administros
805 4334 990 4400 fuisse,
1006 4333 1133 4388 item
1145 4342 1198 4388 et
1211 4332 1421 4403 ρωπίας
1438 4330 1727 4400 quasdam,
1747 4329 2030 4385 eumdem-

423 4445 537 4502 quc
563 4428 858 4499 imperium
892 4427 948 4482 in
977 4435 1174 4483 ventos
1216 4426 1505 4492 habuisse;
1565 4438 1622 4480 et
1673 4424 2025 4481 formicarum

2043 3164 2090 3224 (Ζ

2119 643 2217 696 καὶ
2242 641 2597 714 βαρϐαρικῶν
2619 644 2925 715 ὀνομάτων,
2945 646 3019 709 ὡς
3044 642 3223 714 οἶμαι,
3241 645 3516 716 δαιμόνων
3543 647 3711 703 τινῶν

2122 733 2421 805 ἀλιτηρίων
2475 737 2573 789 καὶ
2622 736 3005 805 παλαμναίων.
3037 736 3226 791 Ταῦτα
3284 738 3339 791 δὲ
3381 738 3712 809 ποιούμενος

2119 829 2301 898 ὅρκον,
2319 828 2477 899 δῆλός
2505 831 2623 883 ἐστι
2645 830 2802 895 θεοὺς
2832 830 2974 885 αὐτὰ
2996 830 3266 902 νομίζων·
3288 832 3314 883 ὁ
3335 831 3447 901 γὰρ
3492 830 3710 901 ὀμνύων

2120 923 2267 977 κατὰ
2306 923 2399 978 τοῦ
2435 923 2687 995 μείζονος
2732 925 2925 980 εἴωθεν
2956 925 3198 995 ὀμνύειν.
3225 926 3322 980 Διὸ
3360 926 3457 981 καὶ
3482 927 3511 978 ὁ
3540 924 3701 991 Θεὸς,

2125 1016 2203 1089 μὴ
2233 1017 2376 1088 ἔχων
2412 1017 2555 1072 κατὰ
2596 1018 2847 1086 μείζονος
2891 1016 3140 1088 ὀμνύειν,
3191 1016 3316 1072 καθ’
3340 1016 3540 1072 ἐαυτςῦ
3562 1015 3684 1086 ῶμο

2124 1126 2237 1172 σεν,
2283 1108 2357 1172 ὡς
2383 1108 2623 1175 ἐδίδαξεν
2670 1109 2703 1179 ἡ
2751 1107 2791 1160 Γ
2796 1110 2965 1179 ραςρή.
3004 1108 3211 1178 ’Ὅρκον
3239 1107 3295 1162 δὲ
3346 1105 3581 1177 νοοῦμεν
3615 1106 3705 1160 ἐπὶ

2122 1199 2258 1254 Θεοῦ
2285 1201 2385 1272 τὴν
2413 1200 2500 1256 διά
2517 1216 2658 1265 τινος
2685 1199 3256 1271 παραλαμϐανομένου
3288 1198 3584 1269 βεϐαίωσιν
3609 1198 3706 1269 τῆς

2122 1295 2483 1364 ἐπαγγελίας.

2198 1383 2289 1441 ια’.
2325 1386 2473 1440 Ναὸν
2500 1385 2651 1455 λέγει
2695 1386 2849 1457 παρά
2872 1403 2935 1440 τε
2966 1386 3185 1458 Ἰσραὴλ
3218 1386 3310 1440 καὶ
3344 1384 3603 1454 Ἀϐραὰμ
3631 1381 3711 1454 τῷ

2126 1477 2247 1551 Θεῷ
2282 1479 2809 1551 ἀνοικοδομηθῆναιι
2841 1480 2934 1534 τὸν
2958 1478 3081 1534 οὗτε
3114 1479 3409 1549 γενόμενον
3464 1475 3708 1538 πώποτε,

2125 1570 2253 1626 οὔτε
2273 1571 2427 1645 παρὰ
2444 1575 2511 1643 τῇ
2538 1571 2730 1645 Γραφῇ
2760 1572 3260 1644 μνημονευόμενον·
3279 1568 3328 1623 εί
3348 1569 3456 1642 γὰρ
3480 1567 3713 1640 dictem

2126 1662 2276 1718 λίθου
2344 1666 2505 1734 μόνον
2560 1667 2643 1730 είς
2696 1666 2897 1736 στήλην
2945 1666 3020 1736 τῷ
3067 1664 3187 1735 Θεῷ
3247 1665 3611 1735 κεχρισμένον
3651 1663 3712 1715 οὐ

2128 1758 2387 1828 παρεῖδεν
2412 1761 2438 1813 ὁ
2462 1759 2603 1822 θεῖος
2646 1759 2876 1829 Μωσῆς,
2928 1759 3045 1821 πῶς
3073 1760 3202 1811 ναὸν
3236 1757 3356 1811 ὅλον
3384 1755 3709 1823 ἀπεσιώπη-

2126 1865 2218 1903 σεν
2242 1850 2347 1913 ᾶν;

2198 1939 2287 2011 ιβ’.
2323 1940 2748 2013 Ἐνομοοέτησεν
2775 1940 3035 2012 εὔχεσθαι
3060 1941 3192 2011 πρὸς
3214 1941 3364 1993 νότον
3395 1939 3719 2007 ἀπεστραμ-

2130 2031 2328 2105 μένους
2354 2048 2368 2062 ⁸
2395 2034 2481 2086 ἵνα
2505 2033 2608 2086 κάν
2630 2032 2805 2104 τούτῳ
2820 2032 3208 2103 διακρίνωνται
3228 2030 3337 2084 ἀπὸ
3354 2028 3461 2083 τῶν
3485 2045 3715 2099 στρεφο-

2125 2124 2305 2194 μένων
2328 2123 2467 2194 πρὸς
2500 2123 2597 2194 τὴν
2627 2122 2721 2178 τοῦ
2762 2122 2914 2193 ἡλίου
2944 2119 3236 2192 ἀνατολήν.

2195 2217 2425 2270 Κελεύει
2456 2218 2584 2282 τοὺς
2629 2218 2710 2275 είς
2758 2217 2927 2287 εὐχὴν
2992 2214 3326 2286 ἐρχομένους
3385 2209 3712 2281 καθαρίζειν

2121 2311 2350 2374 ἑαυτούς
2375 2328 2388 2343 ⁸
2425 2311 2581 2367 ὕδατι
2607 2313 2706 2382 μὲν
2745 2312 2796 2364 εί
2822 2311 3093 2381 πάρεστιν
3115 2325 3128 2339 °
3157 2309 3205 2363 εί
3240 2307 3298 2362 δὲ
3335 2306 3561 2363 ἄπεστι.
3595 2302 3711 2376 χῶ-

2125 2420 2259 2477 ματι
2280 2421 2292 2436 ’
2332 2404 2491 2458 τοῦτο
2524 2403 2580 2456 δὲ
2615 2404 2780 2473 ρυποῖ
2834 2402 3059 2473 μᾶλλον,
3091 2401 3215 2472 οὐχὶ
3248 2396 3526 2469 καθαίρει.
3561 2395 3627 2450 Τί
3654 2392 3712 2447 δι

2123 2497 2216 2551 καὶ
2249 2498 2561 2551 συντελέσαι
2598 2497 2630 2567 ἠ
2667 2495 2756 2551 διὰ
2783 2493 2879 2550 τοῦ
2912 2494 3108 2558 ὕδατος
3142 2493 3275 2566 ψιλὴ
3314 2490 3602 2563 κάθαρσις,
3632 2484 3716 2540 εἴ·

2122 2606 2231 2660 περ
2255 2589 2313 2644 αί
2342 2589 2516 2661 ψυχαὶ
2537 2588 2743 2645 τούτων
2781 2588 3129 2660 ἀκαθαρσίας
3160 2588 3270 2641 sici.
3300 2586 3496 2659 μεσταί
3518 2602 3534 2652 ;

2191 2771 2357 2839 Λέγει
2410 2769 2594 2830 πάλιν,
2625 2767 2702 2831 ὡς
2754 2768 2820 2821 ὲκ
2852 2762 3026 2822 Θεοῦ·
3071 2783 3092 2817 ι
3140 2763 3339 2837 Ἡμεῖς
3396 2760 3712 2830 δεδώκαμεν

2124 2881 2207 2918 σοι
2248 2866 2339 2918 τὸν
2380 2863 2655 2933 κάνθαρον
2684 2879 2697 2894 ·
2733 2860 2828 2914 καὶ
2861 2856 3018 2927 εὖξαι
3050 2859 3187 2930 πρὸς
3221 2857 3311 2913 τὸν
3343 2856 3548 2929 Κύριόν
3593 2871 3712 2927 σου,

2122 2957 2215 3010 καὶ
2252 2955 2478 3026 σφάξον.
2512 2975 2530 3008 ι
2574 2955 2640 3008 Ὢ
2671 2953 2969 3024 θαυμαστὴ
3019 2952 3183 3008 θυσία
3236 2951 3330 3006 καὶ
3366 2948 3718 3022 μεγαλοπρε-

2123 3049 2253 3124 πὴς,
2275 3050 2371 3104 καὶ
2403 3047 2499 3103 τοῦ
2525 3047 2994 3119 νομοθετήσαντος
3029 3045 3262 3111 ὲπαξίαῐ
3382 3028 3392 3044 ’

2199 3232 2288 3302 ιγ’.
2312 3232 2395 3287 Τὰ
2413 3231 2520 3287 ἀπὸ
2543 3228 2636 3284 τοῦ
2663 3227 2735 3301 ιη’
2759 3228 3031 3301 μυθαρίου
3052 3226 3301 3299 Μωάμεθ
3327 3227 3492 3300 μέχρι
3510 3226 3603 3282 τοῦ
3620 3227 3716 3292 λς’

2127 3327 2306 3381 πάντα
2366 3324 2721 3395 παρήκαμεν,
2755 3322 2829 3384 ὡς
2879 3321 3056 3390 μεστᾶ
3081 3320 3265 3391 πάσης
3297 3318 3589 3388 τερθρείας
3617 3322 3714 3374 καὶ

2121 3417 2531 3490 τερατολογίας,
2565 3416 2663 3469 καὶ
2721 3413 2949 3468 αὐτόθεν
2984 3413 3428 3485 ἀνατρεπόμενα,
3467 3412 3567 3467 ὅσα
3601 3412 3714 3467 ἀπό

2123 3527 2183 3564 τε
2214 3509 2314 3580 τῆς
2351 3509 2619 3571 Παλαιᾶς,
2664 3506 2773 3561 ἀπό
2802 3524 2859 3560 τε
2893 3506 2991 3577 τῆς
3015 3504 3161 3569 Νέας
3198 3503 3359 3560 ἔλασε
3392 3506 3486 3559 καὶ
3538 3505 3713 3575 παρέ-

2125 3603 2337 3672 φθειρε.
2366 3602 2532 3669 Λέγει
2560 3599 2667 3671 γὰρ
2702 3599 2802 3670 τὴν
2833 3598 2926 3652 τοῦ
2951 3599 3196 3661 Μωσέως
3215 3596 3537 3669 καὶἈαρὼν
3557 3596 3713 3650 ἁδελ-

2126 3697 2234 3770 φὴν
2256 3695 2483 3768 Μαρίαν
2521 3694 2673 3767 παρὰ
2697 3692 2904 3764 φοίνικι
2935 3693 3141 3746 τίκτειν
3169 3692 3263 3744 τδν
3283 3690 3545 3761 Χριστὸν,
3574 3689 3717 3742 ἀπο-

2123 3790 2432 3860 λεγομένην
2462 3787 2563 3859 τὴν
2593 3785 2796 3856 ἑαυτῆς
2822 3784 3002 3856 ψυχὴν
3045 3784 3133 3839 δια
3171 3782 3273 3848 τὰς
3328 3783 3555 3846 ὠδῖναςο
3616 3785 3717 3838 καὶ

2125 3884 2219 3939 τὸν
2252 3880 2490 3953 Χριστὸν
2517 3879 2624 3936 ἀπὸ
2654 3880 2754 3949 τῆς
2778 3877 3015 3949 γαστρὸς
3043 3874 3180 3950 αὐτῇ
3206 3875 3713 3948 προσφθέγξασθαι,

2129 3975 2227 4031 καὶ
2260 3972 2522 4029 κελεῦσαι
2570 3973 2747 4026 σεῖσαι
2787 3972 2879 4025 τὸν
2932 3973 3189 4040 φοίνικα,
3230 3970 3327 4023 καὶ
3359 3972 3554 4039 φαγεῖν
3605 3969 3719 4024 ἀπὸ

2126 4067 2235 4122 τῶν
2268 4065 2500 4136 καρπῶν
2533 4064 2727 4118 αὐτοῦ.
2765 4062 2870 4117 Τὸν
2898 4062 2953 4117 δὲ
2990 4062 3157 4117 Δασὶδ
3186 4061 3280 4117 καὶ
3314 4061 3405 4118 τὸν
3427 4061 3720 4133 Σολομῶνα

2130 4155 2355 4227 δαίμοσι
2390 4155 2486 4209 καὶ
2542 4154 2721 4224 ὄρνισι
2786 4150 3310 4223 προσδιαλέγεσθαι,
3345 4152 3607 4224 δαίμονάς
3656 4169 3717 4205 τε

2129 4246 2533 4319 συνεργοῦντας
2561 4242 2641 4316 τῷ
2687 4243 2962 4315 Σολομῶνι
2996 4247 3278 4316 παρεῖναι,
3327 4245 3423 4298 καὶ
3454 4242 3719 4317 γούνδας

2130 4342 2316 4407 τινάς’
2353 4340 2578 4395 καὶτῶν
2614 4337 2829 4409 ἀνέρων
2862 4337 3055 4411 ἄρχειν
3090 4338 3276 4408 αὑτὸν,
3311 4338 3406 4394 καὶ
3440 4338 3549 4393 τῶν
3581 4355 3721 4409 μυρ·

2135 4437 2328 4508 μήκων
2356 4450 2702 4505 κατανοησαι
2736 4430 2806 4489 σὰ
2864 4435 3147 4505 μυστήρια
3175 4449 3189 4465 ο
3230 4431 3326 4487 καὶ
3369 4431 3563 4504 ἄγριόν
3592 4448 3717 4484 τινα

430 4521 783 4594 perspexisse
801 4520 1083 4591 mysteria,
1110 4527 1166 4575 et
1194 4520 1504 4577 silvestrem
1537 4519 1831 4592 quemdam
1865 4519 2020 4587 galli-

2130 4528 2473 4600 ἀλεκτρυόνα
2497 4522 2638 4580 εῖναι
2667 4525 2879 4589 τούτοις
2900 4525 3246 4580 διδάσκαλον.
3286 4525 3396 4578 Καὶ
3418 4525 3511 4577 τὸν
3540 4522 3690 4594 ῡὼρα

424 4630 660 4674 naccam
718 4613 857 4684 ipsis
934 4615 1219 4670 doctorem
1272 4610 1466 4679 fuisse,
1523 4611 1623 4667 sed
1673 4622 1730 4669 et
1780 4610 2024 4668 ferreum

424 4708 710 4763 thoracem
736 4704 1044 4774 primuma
1073 4702 1279 4760 Davide
1300 4702 1674 4773 excogitatum
1701 4716 1849 4758 esse.

503 4799 754 4868 Seipsum
781 4796 1173 4868 veroiu'dicem
1228 4811 1354 4853 cum
1409 4796 1525 4855 Deo
1570 4796 1875 4866 "praedicat,
1930 4794 2025 4867 qui

421 4893 772 4963 iudicaturus
800 4893 872 4948 sit
898 4891 1381 4963 orbem;aliaque
1437 4891 1562 4948 istis
1616 4892 2025 4952 absurdioraet

424 4984 604 5053 magis
638 4983 907 5040 diabolica
943 4983 1274 5042 dehiscent.

501 5075 686 5133 Solem
720 5075 893 5131 tradit
919 5077 1193 5149 inaquam
1223 5078 1460 5138 calidam
1488 5080 1558 5137 ad
1590 5081 1731 5139 ﬁnes
1790 5097 2024 5142 occasus

429 5171 712 5242 immergi;
737 5179 794 5225 et
819 5169 998 5224 lotum
1026 5171 1174 5228 circa
1194 5173 1504 5230 diluculum
1534 5175 1838 5233 ascendere
1863 5185 2025 5247 atque

428 5266 656 5322 exoriri.
690 5264 857 5334 Atqui
893 5263 941 5320 si
973 5262 1055 5321 sol
1085 5264 1303 5334 quidem
1340 5266 1486 5337 ignis
1520 5279 1624 5337 est,
1652 5267 1796 5339 ignis
1840 5280 2023 5327 autem

429 5372 486 5422 et
511 5380 652 5435 aqua
681 5380 741 5421 se
775 5366 1009 5422 invicem
1036 5370 1226 5420 mutuo
1253 5361 1575 5428 conﬁciunt,
1606 5361 1699 5432 qui
1724 5361 1785 5417 ﬁt
1809 5372 1867 5414 ut
1891 5361 2028 5417 alte-

429 5469 550 5510 rum
584 5472 696 5513 non
729 5467 1024 5515 consumat
1072 5455 1362 5513 alterum?
1418 5453 1645 5520 Deinde,
1695 5454 1826 5523 quid
1884 5466 2024 5524 Opus

430 5555 516 5600 est
542 5549 643 5602 soli
673 5549 776 5604 hoc
803 5549 1069 5605 lavacro?
1092 5548 1187 5604 Sol
1215 5546 1364 5602 enim
1393 5544 1725 5616 purissimus
1746 5553 1853 5612 est,
1880 5545 2024 5615 ipsa-

432 5655 539 5712 que
569 5645 707 5699 adeo
741 5656 883 5713 aqua
911 5643 1085 5700 multo
1115 5645 1327 5713 purior.

503 5825 595 5883 ιι.
623 5823 805 5886 Solem
839 5837 896 5887 et
925 5829 1111 5887 lunam
1137 5827 1190 5884 in
1215 5828 1372 5899 equis
1403 5825 1658 5886 incedere
1690 5824 2014 5906 tradit..Scd

2130 4638 2204 4676 κα
2250 4621 2307 4675 δὲ
2337 4619 2428 4676 τὸν
2468 4618 2724 4690 σιδηροῦν
2756 4618 2908 4689 παρὰ
2947 4614 3042 4671 τοῦ
3098 4616 3264 4672 Δαὸῖδ
3314 4617 3464 4687 λέγει
3500 4616 3718 4688 πρῶτον

2131 4713 2515 4782 ἐπινοηθῆναι.

2214 4805 2443 4861 Ἑαυτὸν
2493 4803 2549 4857 δὲ
2585 4801 2782 4874 κριτὴν
2812 4801 2957 4874 μετὰ
3001 4799 3097 4856 τοῦ
3138 4799 3275 4855 Θεοῦ
3312 4800 3565 4872 φημίζει,
3596 4820 3718 4874 κρι-
3768 4789 3783 4806 ’

2127 4896 2324 4953 νοῦντα
2352 4897 2453 4969 τὴν
2481 4897 2809 4967 οἰκουμένην
2829 4909 2844 4925 ·
2868 4894 2962 4948 καὶ
2984 4894 3148 4967 ἔτερα
3174 4894 3380 4949 τούτων
3398 4893 3717 4966 ἀλογώτερα

2127 4990 2223 5042 καὶ
2252 4986 2754 5059 δαιμονιωδέστερα
2783 4984 3069 5057 καταφλυα
3081 4986 3185 5057 ρεῖ.

2199 5079 2305 5136 Τδν
2333 5080 2483 5155 ἥλιόν
2533 5096 2700 5151 φησιν
2728 5081 2809 5144 είς
2861 5076 3068 5149 θερμὸν
3100 5076 3248 5149 ὕδωρ
3307 5077 3718 5144 καταΰαπτίζε-

2130 5174 2257 5230 σθαι
2284 5175 2423 5245 πρὸς
2452 5173 2532 5245 τῷ
2582 5172 2730 5226 τέλει
2781 5173 2883 5242 τῆς
2919 5172 3220 5244 έσπερίας*
3264 5174 3360 5228 καὶ
3397 5172 3713 5245 λουόμενον,

2126 5267 2341 5323 ἀνιέναι
2396 5267 2535 5336 πρὸς
2585 5264 2787 5337 ὄρθρον
2822 5264 2916 5319 καὶ
2962 5266 3298 5319 ἀνατέλλειν.
3352 5264 3497 5321 Ἀλλ’
3524 5268 3573 5320 εί
3605 5266 3717 5337 πῦρ

2131 5361 2231 5432 μὲν
2262 5363 2290 5415 ὁ
2333 5360 2508 5433 ἥλιος,
2534 5359 2791 5431 ἀλλήλων
2829 5357 2888 5411 δὲ
2945 5358 3224 5431 φθαρτικὰ
3270 5342 3334 5413 τὸ
3370 5358 3480 5431 πῦρ
3516 5362 3613 5414 καὶ
3654 5360 3717 5413 τὸ

2129 5456 2275 5527 ὓδωρ
2298 5468 2312 5485 ⁸
2343 5453 2459 5517 πῶς
2493 5441 2593 5506 οῦκ
2620 5450 2901 5506 ἀναλίσκει
2938 5450 3169 5523 θάτερον
3195 5452 3252 5507 τὸ
3286 5452 3510 5522 ἓτερον;
3543 5450 3637 5517 Τίς
3658 5454 3719 5508 δὲ

2127 5549 2285 5620 καὶὴ
2324 5546 2483 5620 χρεία
2540 5544 2631 5598 τοῦ
2689 5544 2933 5597 τοιοῦτον
2982 5544 3244 5615 λοεδτροῦ;
3306 5545 3721 5618 Καθαρώτατος

2128 5642 2236 5711 γὰρ
2264 5639 2492 5709 ὀῆλιος,
2548 5638 2644 5689 κα¹ι
2684 5635 2852 5690 αὑτοῦ
2889 5635 2984 5690 τοῦ
3020 5636 3209 5701 ὓδατος
3242 5637 3423 5709 πολλῷ
3458 5639 3718 5712 καθαρώ-

2125 5748 2304 5803 τερος.
2974 5766 2984 5776 ·

2201 5826 2263 5882 ιδ’
2269 5864 2285 5884 .
2324 5825 2427 5883 Τὸν
2454 5825 2609 5900 ἣλιον
2630 5826 2725 5883 καὶ
2742 5825 2843 5897 τὴν
2860 5826 3093 5899 σελήνην
3123 5828 3209 5899 ἐφ’
3228 5828 3418 5895 ίπποις
3449 5826 3592 5899 εῖναι
3613 5848 3729 5911 orn
