4132 6406
395 363 532 428 1349

1260 351 1636 415 PANOPLIA
1678 343 2135 409 DOGMATICA.
2175 367 2244 379 -—
2278 343 2424 403 TIT.
2455 309 2733 405 XXVIII.

3518 334 3660 402 1350

388 498 493 535 σιν.
513 478 676 533 Ἀλλά
694 477 808 540 πῶς
830 477 1014 547 ἀψυχα
1035 473 1207 528 ταῦτα
1222 472 1373 536 ὄντα,
1391 469 1644 523 ἱππεύειν
1675 467 1927 520 δύνανται
1949 477 1964 528 ;
1997 512 1998 518 η

2110 462 2340 517 uomodo
2374 475 2507 519 uase.
2537 474 2657 513 cum
2689 465 2796 512 smt
2823 455 3082 518 inanima,
3111 450 3354 518 equitare
3388 450 3661 518 pos-unt?

392 574 507 636 πῶς
541 572 595 624 δὲ
630 571 723 622 καὶ
753 570 802 622 οἱ
844 568 1001 621 ἵπποι
1028 566 1212 636 ὄχημα
1249 563 1421 634 πυρὸς
1442 559 1582 615 εἶναι
1628 558 1967 626 ὑποστήσον-

388 682 506 731 rat;
542 664 727 733 Γήῖνος
758 661 865 730 γὰρ
901 660 1135 720 ἕκαστος
1172 658 1357 723 ἵππος,
1392 657 1484 709 καὶ
1520 652 1733 721 δαπάνη
1773 648 1968 719 πυρός.

393 756 458 809 Oi
489 755 545 809 δὲ
581 754 720 808 κατὰ
750 752 843 805 τὸν
886 751 1072 805 Ἠλίαν
1107 749 1345 821 ἕμπυροι
1391 747 1547 800 ἵπποι
1582 745 1642 798 οὐ
1696 741 1858 813 φύσιν
1894 735 1971 793 εἴ·

393 867 487 919 χον
516 848 720 913 ἵππων,
753 844 889 899 ἀλλά
922 845 1111 915 σχῆμα
1136 842 1326 915 μόνον,
1360 838 1582 910 ἄγγελοι
1609 834 1746 892 Θεοῦ
1772 832 1973 903 τυγχά-

392 959 598 1004 νοντες.

471 1030 551 1085 ιε’.
598 1032 691 1084 Ἐκ
714 1030 937 1101 βδέλλης
993 1026 1281 1099 ἄνθρωπον
1321 1024 1567 1094 γίνεσθαι
1596 1022 1769 1089 λέγει.
1812 1021 1975 1076 Ἀ).λά

397 1124 517 1187 πῶς
545 1125 611 1176 ὲκ
668 1122 762 1176 τοῦ
802 1121 1126 1192 ἀτιμοτάτου
1172 1119 1232 1174 τὸ
1260 1117 1612 1188 τιμιώτατον,
1657 1114 1753 1169 καὶ
1785 1116 1849 1168 ὲκ
1880 1112 1973 1166 τοῦ

398 1213 600 1284 ἀλόγου
634 1213 725 1267 τὸν
749 1211 994 1280 λογικὸν,
1025 1210 1121 1265 καὶ⁹
1152 1210 1215 1264 ὲκ
1241 1208 1337 1263 τοῦ
1380 1206 1616 1277 φευκτοῦ
1647 1207 1707 1258 τὸ
1743 1202 1970 1267 εύκτὸν;

2076 555 2348 623 quomodo
2369 553 2491 622 equi
2520 551 2660 621 ignis
2717 544 3032 603 vehiculum
3087 558 3205 599 esse
3278 543 3659 599 sustinebunt?

2074 647 2261 716 Equus
2283 646 2427 699 enim
2471 641 2749 698 terrestris
2776 649 2879 704 est,
2914 648 2964 693 et
3000 638 3107 705 igni
3142 636 3435 706 deﬂagrare
3461 643 3657 704 potest.

2074 738 2205 794 Elia;
2234 754 2359 793 vero
2391 737 2463 792 illi
2491 736 2633 807 ignei
2669 736 2789 803 equi
2851 732 3075 802 ﬁguram
3100 742 3359 798 equorum
3410 727 3661 800 praefere-

2075 832 2226 897 bant,
2254 845 2374 886 cum
2404 844 2591 886 revera
2617 828 2792 898 angeli
2818 825 2913 884 Dei
2944 834 3148 880 essent.

2154 1015 2237 1070 l5.
2272 1014 2345 1067 Ex
2390 1013 2645 1068 birudine
2689 1012 2802 1069 sive
2833 1014 3159 1083 sanguisuga
3226 1012 3495 1068 hominem
3551 1014 3667 1067 ﬁeri

2083 1106 2233 1163 dicit.
2270 1108 2472 1162 Verum
2506 1109 2788 1162 enimvero
2833 1120 2937 1177 qua
2969 1108 3178 1162 ratione
3207 1124 3268 1163 ex
3301 1108 3670 1178 abiectissimo

2081 1201 2562 1272 pretiosissimum,
2592 1217 2654 1256 ex
2689 1203 2851 1256 bruto
2900 1200 3110 1255 ratione
3175 1204 3479 1270 praeditum,
3511 1217 3574 1257 ex
3605 1219 3670 1256 eo

2082 1294 2225 1365 quod
2283 1293 2597 1361 fugiendum
2658 1303 2712 1349 et
2766 1294 3126 1349 aversandum
3195 1304 3319 1359 est,
3385 1295 3437 1348 id
3524 1296 3670 1364 quod

2082 1387 2395 1457 expetitur?

473 1481 571 1547 ις’.
600 1482 696 1535 Ἐκ
718 1479 937 1534 πάντων
954 1479 1062 1533 τῶν
1082 1477 1237 1541 ζώων
1253 1477 1350 1547 τῆς
1377 1474 1631 1547 βρώσεως
1654 1469 1982 1540 ἀποπέμπε·

2158 1482 2243 1536 16.
2277 1481 2355 1535 Ex
2372 1495 2465 1535 esu
2496 1480 2733 1535 omnium
2763 1479 3080 1535 animalium
3120 1481 3293 1536 solum
3326 1480 3674 1536 abominatur

401 1592 492 1629 ται
513 1574 676 1645 μόνον
704 1572 796 1626 τὸν
827 1574 1037 1641 χοῖρονο
1070 1570 1191 1623 οὕτε
1220 1570 1276 1622 δὲ
1306 1568 1466 1633 κύνα,
1495 1564 1617 1620 οὔτε
1644 1564 1831 1627 λύκον,
1858 1561 1982 1615 οὗτε

2103 1588 2340 1642 )orcum;
2378 1588 2551 1641 neque
2581 1588 2791 1638 canem,
2822 1587 2995 1642 neque
3025 1571 3230 1639 lupum,
3284 1589 3457 1643 neque
3508 1573 3675 1627 ullum

399 1685 453 1722 τι
498 1668 661 1733 ἄλλα·
700 1666 839 1720 ἀλ)ὰ
872 1663 1092 1717 πάντων
1127 1663 1379 1731 μετέχειν
1420 1658 1794 1730 προτρέπεται
1848 1654 1981 1715 τοὺς

2103 1666 2273 1730 tliud;
2310 1665 2405 1720 sed
2436 1665 2649 1722 caneris
2679 1665 2932 1720 omnibus
2986 1666 3128 1719 vesci
3171 1666 3328 1733 jubet
3383 1666 3434 1720 di
3467 1666 3678 1735 eipulos

407 1759 502 1814 ὑπ’
521 1759 689 1813 αὐτοῦ
725 1756 1117 1828 ἠπατημένους
1138 1771 1151 1785 ⁸
1177 1773 1193 1806 ι
1214 1755 1420 1823 Φάγετε
1450 1751 1581 1820 γὰρ,
1610 1768 1629 1800 ι
1663 1748 1850 1818 φησιν,
1877 1765 1894 1798 ι
1920 1747 1986 1798 ὲκ

2103 1773 2117 1812 I
2148 1772 2205 1812 se
2231 1759 2505 1827 deceptos.
2551 1775 2570 1809 ε
2606 1758 2907 1824 Comedite,
2936 1758 3131 1826 inquit,
3165 1758 3230 1812 de
3279 1758 3362 1812 his
3397 1773 3515 1826 quae
3548 1766 3680 1812 sunt

397 1851 507 1904 τῶν
528 1850 697 1904 ὄντων
728 1819 784 1901 ἐν
807 1850 873 1919 τῇ
897 1819 975 1919 ’κῇ
1001 1865 1016 1881 ο
1049 1846 1267 1915 καθαρὰ
1300 1819 1408 1914 χάρ
1437 1819 1536 1895 καί
1557 1839 1701 1893 καλά
1723 1856 1735 1869 ·
1779 1838 1877 1891 καὶ
1910 1836 1983 1906 μὴ

2103 1849 2143 1901 in
2174 1855 2317 1900 terra
2350 1863 2366 1914 ;
2395 1862 2528 1919 pura
2561 1847 2703 1901 enim
2734 1857 2860 1901 sunt
2893 1856 2948 1901 et
2972 1848 3146 1913 bona;
3180 1862 3356 1917 neque
3390 1849 3681 1917 sequimini

402 1941 736 2011 ἀκολουθῆτε
771 1944 881 2003 τοῖς
918 1940 1091 2009 ἴχνεσι
1130 1936 1226 1990 τοῦ
1260 1935 1498 1989 Σατανᾶ.
1544 1952 1562 1985 ι
1609 1930 1856 1984 Σατανᾶν
1891 1929 1985 1997 δη-

2103 1940 2313 2010 vestigia
2383 1939 2688 1993 Satanae”
2755 1939 3013 1994 Satanam
3091 1940 3297 1995 scilicet
3355 1942 3681 2010 appellitans

400 2033 579 2087 λονότι
624 2031 809 2086 καλῶν
862 2030 953 2084 τὸν
1007 2028 1076 2083 τὰ
1113 2027 1210 2100 μὲν
1244 2026 1484 2096 καθαρὰ,
1523 2024 1590 2077 τὰ
1612 2023 1668 2075 δὲ
1696 2021 1987 2090 ἀκάθαρτα

2103 2032 2280 2094 Deum,
2310 2033 2399 2101 qui
2431 2032 2534 2086 alia
2567 2033 2785 2100 quidem
2821 2032 3042 2095 munda,
3080 2033 3184 2089 alia
3216 2048 3343 2087 vero
3398 2034 3677 2086 immunda

403 2122 891 2195 προσηγορευκότα
921 2120 1078 2174 Θεόν.
1110 2118 1254 2172 Ἀλλ’
1276 2118 1324 2170 εί
1360 2116 1609 2177 Σατανᾶς
1634 2106 1814 2181 οὗτος,
1867 2111 1986 2176 πῶς

2103 2124 2252 2179 dixit.
2289 2124 2395 2179 Sed
2428 2124 2473 2178 si
2534 2126 2751 2192 quidem
2789 2125 2891 2180 iste
2942 2123 3175 2179 Satanas
3247 2135 3351 2187 est,
3407 2125 3681 2192 quomodo

402 2217 536 2268 Θεὸν
566 2214 727 2267 αὐτὸν
759 2215 818 2265 ὲν
850 2213 1033 2275 ἄλλοις
1081 2209 1393 2280 ὀνομάζεις,
1418 2224 1463 2261 ω
1485 2207 1616 2277 λῆρε
1649 2206 1744 2259 καὶ
1776 2204 1987 2274 σεαυτῷ

2103 2219 2265 2285 ipsum
2293 2216 2347 2270 in
2384 2216 2506 2270 aliis
2543 2215 2710 2269 Deum
2750 2216 3012 2286 appellas,
3044 2231 3076 2271 ο
3103 2231 3241 2272 vane
3270 2230 3519 2286 nugator.
3557 2216 3682 2269 tibi-

410 2309 693 2380 μαχόμενε
717 2324 731 2371 ;

2103 2322 2199 2376 que
2230 2306 2336 2375 ipsi
2374 2307 2722 2377 repugnans?

477 2399 563 2466 ιζ’.
602 2400 742 2469 Περὶ
800 2398 1054 2469 νηστείας
1103 2395 1411 2466 νομοθετῶν
1464 2393 1607 2448 οὓτω
1654 2392 1854 2463 φησιν’
1905 2392 1988 2445 ὅτι

2163 2398 2248 2451 l7.
2284 2397 2358 2451 De
2375 2396 2580 2468 jejunio
2597 2398 2721 2453 dum
2750 2399 2895 2470 leges
2914 2400 3037 2465 fert,
3058 2399 3135 2453 sic
3156 2399 3265 2453 ait:
3308 2416 3326 2449 ι
3356 2397 3468 2453 Nux
3493 2396 3682 2469 jejuuii

408 2494 693 2561 ιἝξεστιν
712 2493 840 2561 ὑμῖν
859 2494 890 2562 ὴ
907 2490 1004 2555 νὺξ
1019 2491 1115 2560 τῆς
1131 2488 1388 2558 νηστείας
1409 2489 1489 2550 εἰς
1509 2486 1656 2557 μίξιν
1673 2486 1781 2539 τῶν
1794 2502 1988 2553 γυναι-

2103 2489 2257 2546 vobis
2286 2490 2453 2545 libera
2471 2505 2727 2547 concessa
2742 2500 2845 2556 est,
2864 2501 2922 2546 ut
2937 2506 3055 2545 eum
3072 2491 3266 2546 vesuis
3285 2491 3543 2545 uxoribus
3565 2506 3689 2545 cou-

404 2589 521 2644 κῶν
573 2587 749 2657 ὑμῶν.
774 2579 945 2639 Αὗται
978 2585 1087 2654 γὰρ
1136 2581 1290 2651 ὑμῶν
1318 2580 1424 2633 εἱσι
1460 2579 1827 2647 σκεπάσματα
1853 2591 1868 2606 °
1897 2577 1989 2629 καὶ

2103 2581 2528 2653 ευωὺοιίε.1ρειε
2545 2584 2690 2639 enim
2706 2595 2832 2647 sunt
2848 2594 3028 2640 vestra
3044 2591 3537 2655 teguntenta,etvos
3553 2584 3688 2649 ipsis
3788 2622 3799 2630 ι

405 2681 568 2752 ὑμεῖς
590 2679 784 2741 αὑταῖς
829 2679 954 2729 ἐστε
1016 2674 1405 2745 σκεπάσματα.
1437 2670 1620 2738 Ἔγνω
1659 2668 1768 2739 γὰρ
1804 2670 1831 2720 ὁ
1860 2666 1993 2731 Θεὸς

2103 2676 2230 2732 estis
2253 2677 2748 2747 tegumenta.Deus
2786 2680 2928 2733 enim
2950 2687 3292 2748 perspectum
3334 2678 3522 2732 habuit
3565 2677 3689 2730 iusi-

407 2774 492 2828 ὂτι
519 2767 1005 2842 παραϐουλεύεσθε
1031 2770 1151 2830 ταῖς
1179 2766 1381 2836 ψυχαῖς
1403 2763 1555 2833 ὑμῶν
1574 2763 1631 2815 ὲν
1650 2762 1717 2832 τῇ
1742 2759 1990 2830 νηστείᾳ,

2103 2770 2216 2825 dias
2235 2771 2388 2826 vobis
2405 2770 2521 2824 lieri
2543 2770 2766 2839 jejunio,
2787 2782 2841 2824 et
2855 2770 3123 2840 propitius
3141 2781 3243 2825 esu
3261 2770 3446 2840 Itaque
3463 2770 3689 2826 miscea-

410 2865 510 2919 καὶ
544 2864 701 2926 ἵλεως
735 2863 865 2931 ὑμῖν
898 2860 1131 2930 γίνεται.
1184 2857 1434 2928 Μίχθητε
1464 2855 1659 2918 αὐταῖς
1703 2855 1783 2916 είς
1815 2853 1995 2922 παρά-

2103 2862 2233 2916 mini
2254 2878 2377 2917 cum
2413 2863 2519 2917 illis
2543 2866 2609 2917 ad
2635 2862 3065 2917 consolationem
3088 2879 3103 2928 ;
3123 2864 3401 2932 etvesperi
3423 2862 3690 2918 comedlte

411 2958 636 3025 κλησιν·
696 2953 900 3023 φάγετε
958 2949 1197 3021 ἑσπέρας
1246 2946 1341 3001 καὶ
1414 2944 1600 3011 πίετε,
1667 2944 1775 3007 ἕως
1807 2942 1995 3012 τὸτῆς

2103 2966 2161 3006 ac
2190 2952 2379 3017 bibite,
2426 2956 2597 3009 donec
2623 2968 2687 3008 ex
2712 2963 2828 3008 atra
2853 2956 3029 3010 noctis
3055 2955 3285 3023 caligine
3313 2955 3540 3010 candida
3572 2956 3689 3009 dies

410 3049 605 3109 νυκτὸς
643 3047 812 3118 μέλαν
844 3046 988 3114 φανῇ
1017 3042 1212 3095 λευκὸν
1240 3040 1330 3093 διὰ
1359 3040 1460 3109 τῆς
1485 3037 1701 3109 ἡμέρας
1722 3052 1736 3065 °
1765 3037 1860 3088 καὶ
1887 3034 1996 3088 πά-

2103 3045 2384 3101 illucescat
2404 3064 2419 3106 :
2440 3057 2494 3102 et
2522 3047 2713 3102 iterum
2737 3048 2950 3117 expleto
2966 3063 3139 3116 usque
3160 3048 3226 3102 ad
3251 3064 3531 3118 vesperam
3547 3050 3690 3119 jeju-

410 3140 496 3193 λιν
523 3138 851 3209 πληρώσατε
880 3135 978 3207 τὴν
1028 3132 1284 3204 νηστείαν
1319 3134 1427 3195 ἕως
1451 3133 1555 3201 τῆς
1590 3130 1856 3201 ἑσπέρας,
1902 3129 1996 3181 καὶ

2103 3136 2213 3203 uio,
2245 3152 2366 3191 cum
2399 3138 2720 3194 mulieribus
2745 3154 2858 3194 rem
2887 3139 3107 3205 habete,
3139 3141 3439 3195 oratorium
3467 3143 3688 3195 assiduo

415 3233 652 3304 μίχθητε
688 3230 902 3294 αὐταῖς,
938 3227 1093 3297 ὑμῶν
1121 3226 1502 3295 συχναζὸντων
1536 3226 1593 3277 ὲν
1642 3222 1718 3293 τῷ
1748 3238 1994 3293 προσκυ-

2103 3226 2539 3296 frequentantes.
2573 3229 2697 3286 Haec
2725 3231 3006 3300 jejuuandi
3051 3232 3187 3287 ratio
3222 3231 3308 3287 lex
3371 3231 3463 3287 Dei
3513 3244 3618 3288 est.
3662 3252 3681 3285 ι

412 3324 680 3394 νητηρίῳ.
708 3321 861 3390 Αὕτη
891 3320 1040 3372 ἐστὶν
1067 3321 1095 3372 ὁ
1126 3319 1288 3389 νόμος
1319 3317 1480 3371 Θεοῦ.
1518 3336 1537 3369 ›
1577 3316 1716 3369 Ποία
1742 3316 1991 3387 νηστεία,

412 3416 716 3484 ἀκάθαρτε,
766 3413 799 3481 ἢ
853 3413 1006 3473 ποῖος
1064 3411 1228 3478 νόμος
1264 3409 1425 3475 Θεοῦ,
1480 3408 1541 3460 τὸ
1570 3408 1636 3461 δι’
1668 3406 1795 3474 ὅλης
1849 3405 1996 3477 (τῆς)

413 3508 611 3568 νυκτὸς
646 3503 867 3567 εὐάζειν
896 3503 994 3554 καὶ
1021 3500 1407 3569 άσελγαίνειν;

484 3601 622 3671 Περὶ¹
649 3595 1009 3667 σωφροσύνης
1042 3596 1225 3657 αὐτοῖς
1256 3591 1635 3662 διαλεγόμενός
1658 3608 1824 3664 φησιν
1846 3608 1857 3621 ·
1902 3592 1995 3645 ιΑί

414 3695 676 3765 γυναῖκες
736 3689 913 3760 ὑμῶν,
965 3687 1156 3750 ναετὸς
1208 3685 1384 3756 ὑμῶν.
1424 3684 1709 3736 Είσέλθετε
1745 3685 1826 3747 εἰς
1871 3684 1998 3746 τοὺς

414 3789 639 3849 ναετοὺς
693 3784 870 3854 ὑμῶν,
907 3780 1029 3835 ὅθεν
1078 3778 1371 3849 βούλεσθε·
1419 3777 1513 3830 καὶ
1562 3774 1843 3828 συνέλθετε
1877 3775 1999 3837 ταῖς

415 3882 617 3955 ψυχαῖς
645 3878 800 3950 ὑμῶν
824 3892 838 3905 ο
863 3895 881 3927 ι
921 3874 1190 3938 τουτέστι,
1221 3872 1400 3925 πᾶσαν
1432 3868 1732 3939 ἐπιουμίαν
1764 3867 1870 3921 τῶν
1897 3866 2002 3937 ψυ-

415 3973 525 4045 χῶν
549 3969 702 4041 ὑμῶν
736 3965 1095 4037 πληρώσατε,
1136 3962 1233 4016 καὶ
1299 3958 1576 4031 χρήσασθε
1606 3960 1728 4022 ταῖς
1755 3956 2000 4026 γυναιξὶν

415 4063 572 4135 ὑμῶν
605 4058 1013 4130 ἀμφοτέρωθεν.
1061 4057 1126 4109 Τί
1159 4056 1257 4124 τῆς
1311 4054 1410 4121 σῆς
1471 4051 1811 4122 ἀκαθαρσίας
1867 4050 2001 4106 ταύ-

417 4173 516 4227 της
548 4152 948 4220 ἀσελγέστερον
973 4148 1065 4201 καὶ
1092 4146 1473 4216 μιαρώτερον;

492 4240 584 4314 ιη’.
618 4236 785 4304 Οὗτος
804 4237 1161 4309 ἐνομοθέτησε
1180 4236 1445 4304 γυναῖκας
1464 4232 1564 4303 μὲν
1580 4231 1854 4302 τέσσαρας
1872 4229 2001 4284 ἑκα-

420 4353 547 4390 στον
577 4332 778 4407 [ὑμῶν]
798 4328 1102 4400 λαμϐάνειν
1121 4343 1135 4359 ο
1177 4326 1459 4385 παλλακὰς
1486 4323 1544 4377 δὲ
1578 4323 1777 4393 χιλίας,
1812 4322 1845 4393 ἢ
1868 4323 2000 4385 ὅσας

420 4430 486 4484 ἂν
512 4429 732 4498 τρέφειν
757 4423 1041 4493 δυνηθείη.
1066 4417 1420 4473 Ύποκεῖσθαι
1446 4415 1503 4469 δὲ
1530 4419 1651 4480 ταῖς
1667 4416 1881 4484 γυναιξὶ
1901 4414 2002 4479 τάς

419 4490 706 4579 παλλακάς
729 4533 743 4547 ·
782 4490 977 4581 καὶ-ἢν
1003 4490 1107 4564 -ἂνη
1126 4513 1153 4564 ὁ
1183 4510 1321 4581 ἀνὴρ
1373 4507 1669 4580 βούληται,
1716 4506 1999 4573 ἀπολύειν,
2025 4490 2081 4551 D

420 4614 518 4667 καὶ
547 4609 715 4678 ἀλλην
759 4606 1126 4673 ἀντεισάγειν.
1189 4604 1253 4654 Ὢ
1300 4602 1404 4672 τῆς
1434 4600 1851 4671 ἀνυπερῦλήτου
1911 4599 2005 4652 καὶ⁹

423 4700 716 4775 χοιρώὸους
756 4697 789 4768 ἢ
822 4694 1100 4756 κυνώδους
1132 4693 1472 4755 ἀκολασίαςί

494 4888 719 4947 Λύσεως
776 4879 1159 4954 μνημονεύσας
1215 4877 1477 4946 γυναικὸς
1534 4877 1596 4943 ἐξ
1644 4878 1835 4948 ἀνδρός
1875 4893 2006 4945 φησι

422 4983 571 5040 τάδε·
605 4998 623 5030 ί
658 4978 787 5031 Ἐάν
812 4993 894 5038 τις
929 4971 1178 5043 ἀπολύσῃ
1208 4962 1305 5042 τὴν
1331 4972 1568 5039 γυναῖκα
1604 4970 1791 5035 αὑτοῦ,
1824 4987 2009 5041 γαμη-

425 5076 574 5147 Οήτω
602 5069 747 5141 αὕτη
773 5068 947 5137 ἑτέρῳ
970 5083 984 5098 ο
1019 5064 1116 5118 καὶ
1155 5062 1351 5128 οὕτως,
1381 5063 1429 5114 εί
1458 5061 1715 5131 βούλεται
1747 5065 1775 5116 ὀ
1804 5063 2008 5117 ἀϊιολύ⁴

428 5187 525 5231 σας
556 5169 727 5237 αὐτὴν
757 5165 897 5235 ἀνὴρ
943 5159 1137 5231 αὐτῆς,
1173 5157 1679 5228 ὲπαναστρεψάοοω
1728 5157 1864 5229 πρὸς
1908 5159 2008 5213 αύ-

427 5262 541 5315 τόν.
574 5262 687 5313 Οὐκ
713 5258 930 5324 ἐξέσται
956 5254 1012 5309 δὲ
1038 5254 1200 5323 αὐτῇ,
1224 5250 1332 5321 πρὸ
1355 5249 1449 5304 τοῦ
1475 5250 1792 5321 γαμηθῆναι
1815 5253 2007 5322 ἑτέρῳ,

428 5338 839 5422 ἐπαναστρέψαι
898 5349 1033 5420 πρὸς
1077 5346 1256 5399 αὐτόν.
1301 5365 1319 5399 ι
1400 5344 1580 5407 Καλὸς
1630 5343 1791 5413 νόμος
1825 5346 1852 5396 ὁ
1886 5360 2011 5413 μοι-

428 5449 582 5518 χείαν
612 5445 938 5508 ἐπιτάττων,
971 5441 1065 5495 καὶ
1109 5437 1412 5509 καθάρσιον
1454 5436 1623 5507 αὐτὴν
1668 5437 1768 5507 τῆς
1797 5436 2008 5490 ἀπολύο

432 5559 569 5603 σεω;
599 5537 914 5609 ὁριζόμενος
940 5535 953 5588 ί

505 5631 590 5684 ιϐ’.
616 5630 703 5692 Εἰς
736 5628 823 5680 τὸν
854 5626 977 5679 καθ’
997 5626 1154 5696 ἡμῶν
1181 5626 1415 5696 πόλεμον
1432 5623 1662 5696 ἐγείρων
1681 5626 1806 5689 τοὺς
1834 5624 2012 5696 μαθη-

430 5722 528 5784 τὰς
544 5721 709 5774 αὑτοῦ
739 5734 902 5788 φησι·
927 5739 943 5769 ι
966 5719 1265 5771 Φονεύσατε
1290 5719 1486 5780 αὐτοὺς
1504 5718 1638 5770 ὅπου
1664 5716 1729 5770 ἂν
1749 5716 2009 5786 συναντή-

432 5833 562 5885 cura
593 5815 799 5878 αὐτοῖς.
840 5833 858 5866 ι
892 5810 1057 5865 Ἀλλά
1085 5812 1229 5874 τίνος
1269 5812 1429 5866 ἕνεκα
1466 5810 1623 5863 τοῦτο
1656 5809 1924 5877 κελεύεις,
1961 5801 2005 5862 ὦ

2105 3320 2387 3387 Quodnam
2423 3322 2861 3392 verojejunium,
2905 3340 2936 3378 ο
2972 3325 3222 3394 impure;
3278 3341 3525 3394 quaenam
3590 3324 3688 3380 Dei

2106 3414 2218 3478 lex,
2249 3428 2345 3482 per
2374 3423 2542 3469 totam
2586 3426 2801 3470 noctein
2832 3414 3092 3470 bacchari
3164 3425 3217 3471 et
3271 3416 3479 3471 libidini
3506 3416 3690 3472 indul-

2106 3508 2271 3575 gere?

2178 3599 2253 3655 De
2280 3602 2609 3658 continentia
2642 3612 2804 3671 atque
2858 3602 3120 3657 modestia
3163 3602 3305 3670 apud
3344 3617 3472 3656 suos
3513 3602 3690 3658 disse-

2108 3702 2235 3741 rens
2266 3688 2384 3743 ait:
2434 3690 2721 3744 cMulieres
2775 3698 2966 3744 vestrm.
3008 3688 3370 3743 habitaculum
3445 3683 3687 3743 v'estrum

2112 3788 2261 3834 sunt.
2317 3780 2524 3835 Intrate
2556 3783 2609 3835 in
2641 3791 2885 3837 vestrum
2948 3782 3339 3845 habitaculum,
3410 3782 3686 3836 undecun-

2110 3885 2216 3938 que
2245 3870 2429 3936 vultis,
2454 3881 2508 3927 et
2534 3889 2655 3927 cum
2675 3876 2874 3929 animis
2920 3874 3120 3929 vestris
3169 3874 3561 3942 congredimini
3602 3891 3618 3929 :
3659 3893 3680 3927 ι

2111 3963 2163 4017 id
2195 3971 2300 4027 est,
2331 3979 2546 4019 omnem
2578 3965 2859 4021 libidinem
2901 3968 3068 4020 animi
3127 3964 3292 4021 vestri
3343 3966 3579 4036 explete,
3632 3979 3688 4020 et

2114 4054 2327 4109 utimini
2354 4054 2673 4112 mulieribus
2714 4058 2910 4111 vestris
2947 4059 3227 4127 utrinque.
3266 4057 3403 4123 Quid
3437 4058 3538 4111 hac
3592 4065 3685 4111 tua

2113 4146 2434 4215 inipuritate
2466 4147 2717 4217 Spurcius
2734 4158 2789 4203 et
2820 4149 3237 4205 abominabilius
3266 4150 3292 4203 7

2185 4239 2273 4295 18.
2316 4238 2414 4294 Hic
2439 4241 2612 4311 legem
2654 4240 2795 4305 tulit,
2825 4251 2884 4295 ut
2915 4241 3144 4311 quisque
3178 4251 3419 4297 vestrum
3458 4250 3691 4309 quatuor

2110 4348 2309 4391 uxores
2348 4336 2549 4391 ducere
2587 4343 2787 4405 queat;
2822 4335 3039 4405 pellices
3063 4350 3191 4391 vero
3217 4335 3385 4400 mille,
3413 4344 3505 4389 aut
3530 4345 3690 4405 quot-

2110 4434 2243 4496 quot
2277 4426 2475 4496 aliquis
2513 4426 2659 4480 alere
2690 4427 2880 4496 possit.
2924 4425 3123 4480 Verum
3162 4428 3423 4480 uxoribus
3457 4427 3680 4495 subjec-

2108 4525 2192 4573 ta’s
2220 4530 2339 4573 esse
2366 4515 2482 4571 vult
2512 4516 2731 4585 pellices
2758 4533 2771 4570 :
2799 4515 3172 4585 pér’mlttitqtte
3204 4515 3488 4584 repudiare
3519 4530 3683 4585 quam

2109 4609 2339 4665 maritus
2370 4609 2522 4674 velit,
2567 4620 2619 4663 et
2672 4612 2833 4663 aliam
2876 4624 2972 4677 pro
3006 4616 3070 4663 ea
3102 4609 3341 4663 ducere.
3397 4605 3440 4662 Ο
3474 4608 3687 4662 incom-

2109 4701 2432 4771 parabilem,
2470 4701 2859 4770 porcinamq—ue
2889 4709 2984 4755 aut
3014 4701 3263 4755 caninam
3322 4699 3690 4767 intemperan-

2111 4794 2239 4849 tiam
2269 4795 2281 4848 l

2184 4886 2320 4942 Cum
2355 4889 2578 4943 divortii
2604 4888 2855 4942 meminit
2895 4888 3039 4941 inter
3110 4888 3287 4941 viru'm
3326 4897 3389 4942 ‘et
3441 4892 3687 4951 uxorem,

2112 4977 2228 5031 haec
2266 4976 2556 5033 constituit
2588 4995 2603 5033 :
2646 4996 2665 5030 ι
2698 4978 2754 5033 Si
2786 4979 2910 5046 quis
2942 4992 3174 5033 uxorein
3234 4990 3386 5032 suam
3436 4981 3691 5048 repudia-

2111 5071 2273 5137 verit,
2306 5070 2424 5140 ipsa
2457 5071 2624 5126 nubat
2660 5071 2749 5125 alii
2783 5089 2797 5137 ;
2826 5080 2989 5142 atque
3014 5072 3110 5137 ita,
3152 5070 3199 5125 si
3232 5070 3364 5126 Velit
3420 5073 3510 5142 qui
3566 5086 3687 5125 eam

2113 5164 2315 5219 dimisit
2354 5164 2588 5218 maritus
2613 5162 2754 5231 ejus,
2787 5165 2852 5217 ad
2886 5164 3061 5233 ipsum
3089 5172 3417 5219 revertatur.
3472 5162 3689 5216 Reverti

2112 5272 2242 5310 vero
2270 5256 2336 5308 ad
2376 5255 2576 5322 ipsum,
2607 5265 2900 5325 antequam
2936 5255 3026 5308 alii
3084 5256 3349 5323 nupserit,
3396 5270 3501 5307 non
3559 5254 3690 5307 lice-

2112 5351 2208 5404 hit.
2266 5369 2286 5402 ι
2324 5349 2589 5404 Praeclara
2623 5364 2750 5403 vero
2786 5350 2893 5414 lex,
2944 5365 3063 5418 qua:
3107 5350 3430 5404 adulterium
3489 5351 3687 5416 sancit,

2111 5452 2165 5494 et
2194 5455 2260 5495 eo
2299 5440 2414 5495 vult
2442 5439 2725 5509 repudium
2767 5440 2973 5509 expiari
3006 5444 3019 5492 !

2188 5624 2271 5680 l9.
2314 5625 2602 5681 Cum‘vero
2628 5638 2755 5680 suos
2791 5620 3089 5692 discipulos
3112 5624 3165 5676 in
3198 5621 3402 5677 bellum
3430 5621 3691 5678 adversus

2115 5734 2212 5773 nos
2248 5720 2458 5783 incitat,
2487 5719 2597 5774 ait:
2629 5736 2646 5767 ι
2668 5714 2917 5771 Occidite
2938 5715 3104 5785 ipSos,
3125 5714 3440 5781 ubicunque
3464 5712 3517 5766 in
3541 5712 3690 5783 ipsos

2118 5809 2441 5865 incideritis.
2485 5827 2501 5860 ›
2546 5807 2653 5863 Sed
2688 5807 2841 5878 Cujus
2866 5805 2946 5861 rei
2981 5818 3148 5862 causa
3202 5805 3307 5861 hoc
3369 5803 3545 5872 ipsum
3598 5802 3689 5872 ju-
