4132 6402
489 271 628 341 1351

1660 288 1671 299 ⁴
1751 272 2142 337 EUTHYMII
2181 270 2547 333 ZlGABENl

3642 269 3787 334 1352

480 383 601 453 bes,
652 398 685 440 ο
730 383 1076 454 sanguinarie
1109 380 1133 436 ?
1170 381 1247 439 Ne
1296 381 1571 450 videlicet,
1627 396 1750 438 cum
1800 384 2078 455 sapientes

2195 380 2443 451 μιαιφόνε
2468 396 2482 447 ;
2528 380 2622 433 ῐνα
2647 377 2865 440 πάντως
2901 378 2999 449 μὴ,
3024 381 3293 449 νουνεχείς
3320 378 3784 452 δντες,ἐλέγχωσι
3826 416 3831 421 ~

483 475 613 541 sint,
645 475 810 545 impia
862 483 951 528 tua
980 484 1035 529 et
1059 488 1257 544 spurca
1288 472 1486 543 placita
1514 482 1837 545 coarguant.

555 588 649 642 20.
677 589 894 643 Excitat
919 596 1100 642 autem
1121 586 1310 643 multis
1330 587 1504 642 modis
1521 597 1573 643 et
1594 597 1769 642 armat
1791 588 2074 652 barbaros,

488 688 549 733 ut
584 680 1023 734 Christianorum
1068 680 1337 749 sanguine
1384 679 1706 750 polluantur
1743 699 1756 735 :
1800 680 1931 735 dum
1967 680 2078 735 illis

488 786 812 842 persuasum
839 785 963 826 esse
993 771 1128 837 vult,
1157 788 1410 842 magnam
1441 781 1497 827 et
1528 774 1809 843 copiosam
1864 787 2078 828 merce-

489 864 613 919 dem
653 865 794 933 apud
831 864 999 918 Deum
1045 867 1342 934 repositam
1360 880 1485 921 esse
1519 866 1584 921 iis
1640 868 1733 935 qui
1786 867 2081 923 crudeliter

490 956 546 1009 in
566 956 712 1025 ipsos
753 967 1098 1027 grassentur.
1127 956 1289 1013 Jubet
1336 960 1503 1014 etiam
1558 960 1806 1029 quintam
1864 970 2077 1030 partem

488 1050 829 1116 captivorum
853 1059 907 1101 et
939 1048 1171 1103 aliorum
1199 1050 1499 1118 spoliorum
1537 1051 1781 1106 dedicari
1844 1051 1979 1116 Deo,
2025 1060 2083 1105 et

487 1139 766 1209 prOphetae
793 1139 1149 1210 apostoloque
1199 1141 1322 1212 ejus
1348 1142 1678 1199 Moametho.
1716 1141 1904 1211 Neque
1934 1142 2080 1197 enim

488 1248 707 1302 aequum
745 1243 865 1288 erat
886 1234 1025 1289 lucri
1058 1251 1162 1289 non
1183 1250 1451 1301 esse_cum
1480 1237 1588 1292 illis
1608 1235 1927 1306 participem
1954 1249 2078 1290 eum

490 1324 582 1392 qui
622 1325 755 1393 ipsis
792 1325 1116 1394 perditionis
1144 1325 1588 1384 Christianorum
1621 1327 1811 1382 luisset
1838 1338 2033 1381 auctor
2063 1341 2080 1392 ;

488 1418 585 1472 sed
627 1432 725 1487 par
776 1426 897 1471 erat
950 1433 1014 1473 ex
1067 1421 1422 1489 sanguinario
1482 1419 1681 1488 populo
1725 1418 2083 1489 sanguinaria

488 1515 769 1580 praphetze
796 1510 1180 1579 sanguinarias
1214 1512 1486 1581 primitias
1513 1512 1768 1568 decerni.

564 1621 670 1674 Sed
704 1629 884 1676 tamen
918 1625 1239 1688 rogantibus
1270 1623 1601 1680 Christianis
1632 1626 1787 1696 jubet
1831 1627 2080 1683 reconci-

2180 475 2248 527 ’τά
2280 472 2561 528 άσέϐαστά
2594 489 2689 526 σου
2724 472 2819 526 καὶ
2844 473 3205 526 κατάπτυστα
3226 472 3503 543 δόγματα.

2252 586 2345 656 x'.j
2374 586 2693 659 Διανίστησι
2722 586 2815 641 καὶ
2859 586 3133 653 ἐξοπλίζει
3180 588 3625 659 παντοιοτρόπως
3656 590 3785 652 τοὺς

2184 680 2493 755 βαρϐάρους
2526 680 2664 751 πρὸς
2692 678 2749 732 τδ
2778 680 2887 743 τοῖς
2942 678 3053 733 τῶν
3085 680 3433 750 Χριστιανῶν
3460 681 3655 746 αἵμασι
3685 699 3788 734 κα-

2181 772 2596 843 ταχραίνεσθαι,
2631 772 2992 833 πιστεύοντας
3015 772 3223 843 πολλὴν
3251 774 3405 843 παρὰ
3433 772 3555 844 Θεῷ
3580 773 3788 843 μισθα-

2183 864 2442 917 ποδοσίαν
2496 862 2711 917 κεῖσθαι
2757 865 2872 927 τοῖς
2907 862 3075 933 ὠμῶς
3128 863 3251 917 κατ’
3292 865 3475 918 αὐτῶν
3518 865 3780 934 χωροῦσι.

2183 957 2296 1026 Τὴν
2338 957 2597 1028 πέμπτην
2647 956 2705 1010 δὲ
2739 958 2936 1028 μοῖραν
2968 956 3081 1011 τῶν
3136 956 3508 1027 αἰχμαλώτων
3542 963 3640 1010 καὶ
3671 958 3784 1009 τῶν

2183 1048 2361 1103 ἄλλων
2393 1051 2609 1104 σκύλων
2639 1050 2993 1105 ἀνατίθεσθαι
3026 1049 3103 1120 τῷ
3123 1049 3266 1120 Θεῷ,
3295 1053 3389 1105 καὶ
3415 1050 3493 1122 τῷ
3522 1052 3785 1122 προφήτῃ

2184 1142 2279 1195 καὶ
2306 1142 2593 1215 άποστόλῳ
2636 1141 2805 1197 αὑτοῦ
2845 1142 3130 1212 Μωάμεθ·
3172 1144 3235 1196 ού
3288 1143 3398 1215 γάρ
3431 1144 3539 1197 ἔδει
3578 1146 3654 1214 μὴ
3685 1147 3782 1199 καὶ

2182 1232 2278 1287 τοῦ
2302 1233 2536 1305 κέρδους
2598 1236 2781 1299 αὐτοῖς
2832 1235 3162 1306 κοινωνῆσαι
3218 1237 3312 1289 τὸν
3353 1236 3455 1307 τῆς
3502 1237 3787 1301 ἀπωλείας

2185 1327 2371 1391 αὐτοῖς
2402 1327 2598 1382 αἴτιον.
2654 1327 2854 1400 Ἐχρῆν
2882 1328 2940 1382 δέ
2971 1330 3037 1383 ἐκ
3070 1329 3360 1400 μιαιφόνου
3392 1329 3524 1383 λαοῦ
3554 1331 3789 1401 μιαιφό-

2185 1436 2263 1491 νῳ
2298 1421 2556 1493 προφήτῃ
2583 1422 2904 1493 μιαιφόνους
2932 1417 3073 1475 εἶναι
3106 1422 3205 1486 τὰς
3239 1421 3615 1494 προσενέξεις.

2258 1621 2370 1675 Καὶ
2400 1621 2867 1677 καταλλάττεσθαι
2919 1621 2976 1675 δὲ
3020 1621 3259 1689 κελεύει,
3308 1622 3786 1693 παρακαλούντων

491 1710 639 1765 liari.
711 1713 873 1781 Papae
936 1713 1287 1769 inhumanam
1349 1718 1793 1773 humanitatem!
1837 1719 1894 1774 Si
1940 1720 2085 1775 enim

2195 1713 2556 1785 Χριστιανῶν.
2586 1713 2764 1768 Βαϐαῖ
2796 1714 2894 1785 τῆς
2918 1714 3291 1783 ἀπανθρώπου
3320 1689 3739 1786 φιλανθρωπίας
3765 1717 3779 1769 l

495 1803 815 1870 Christiani,
856 1812 1001 1861 facta
1036 1808 1506 1873 reconciliatione,
1563 1810 1616 1863 in
1684 1809 2085 1867 Saracenorum

493 1910 680 1965 partes
705 1900 1099 1965 concesserint,
1150 1910 1205 1954 et
1251 1910 1441 1970 postea
1476 1903 1543 1957 ab
1582 1903 1899 1958 earumdem
1936 1912 2089 1971 pote-

494 1996 639 2043 state
669 1990 1041 2059 seabgregare
1069 1992 1185 2045 ausi
1246 1992 1470 2059 iuerint,
1512 1993 1708 2047 bellum
1748 2004 1940 2049 contra
1996 2009 2091 2050 eos

493 2078 724 2136 conﬂari
763 2082 1067 2151 etjugulari
1093 2098 1186 2139 eos
1215 2085 1334 2138 vult
1357 2100 1373 2149 ;
1398 2092 1453 2137 at
1491 2086 1538 2139 si
1569 2087 1819 2141 eamdem
1871 2086 2090 2158 religio-

497 2188 621 2228 nem
661 2174 1069 2242 amplexentur,
1101 2176 1154 2229 in
1195 2175 1423 2230 fratrum
1456 2193 1743 2232 numerum
1778 2179 1975 2250 recipi.

572 2308 593 2341 ι
630 2287 747 2343 Νοη
781 2288 1018 2359 adigetis
1078 2290 1252 2361 ipsos,
1301 2291 1397 2358 ait,
1425 2292 1493 2347 ad
1524 2292 1706 2347 ﬁdem.
1728 2292 1865 2348 Nam
1896 2309 1960 2349 ex
2006 2295 2090 2351 lu—

498 2383 654 2437 brico
687 2390 743 2437 et
774 2382 1108 2450 periculoso,
1141 2384 1282 2452 quod
1317 2394 1529 2454 gratqu
1559 2396 1954 2465 acceptumque
1982 2397 2086 2453 est,

502 2478 723 2545 planum
754 2475 960 2532 factum
985 2487 1087 2543 est,
1130 2497 1152 2530 ι
1220 2478 1271 2531 id
1301 2488 1411 2544 est,
1474 2481 1725 2550 apparuit
1750 2488 1929 2534 vestra
1956 2480 2091 2536 ﬁdes

498 2568 612 2623 Deo
651 2579 830 2640 grata,
884 2570 1007 2625 aliis
1039 2570 1393 2639 religionibus
1427 2571 1774 2641 improbatis,
1827 2581 2086 2642 tanquam

496 2662 849 2733 periculosis.
887 2662 1056 2734 Euge,
1093 2677 1287 2735 magna
1311 2678 1444 2718 sane
1473 2664 1805 2729 humanitas,
1833 2666 1976 2734 quod
2004 2667 2089 2721 in-

500 2756 758 2811 terﬁcere
781 2755 1130 2812 Christianos
1162 2757 1465 2812 mandasti!
1517 2758 1739 2828 adigere
1768 2758 1984 2814 interim
2019 2764 2088 2815 ad

506 2848 667 2901 tidem
697 2862 803 2901 non
846 2847 1080 2917 jussisti,
1117 2848 1217 2903 sed
1247 2850 1503 2904 occidere
1528 2851 1798 2905 mandasti
1826 2851 1840 2904 ι
1871 2866 1978 2906 non
2016 2854 2088 2909 ob

498 2938 735 2992 alienam
763 2939 956 3004 ﬁdem,
995 2942 1090 2995 sed
1118 2942 1189 2996 ob
1242 2940 1464 2995 insitam
1490 2942 1753 2997 saevitiem
1785 2951 1948 3013 atque
2001 2944 2087 3001 in-

2192 1808 2256 1862 El
2312 1807 2413 1878 μὲν
2449 1806 2912 1875 καταλλαγέντες,
2949 1807 3043 1860 καὶ
3089 1806 3211 1860 καθ’
3274 1808 3507 1871 ἑαυτοὺς
3554 1808 3787 1877 γενόμε·

2190 1915 2296 1965 νοι,
2344 1898 2679 1973 τολμήσουσι
2718 1899 2817 1967 τῆς
2873 1898 3048 1968 αὐτῆς
3101 1899 3352 1963 ἐξουσίας
3389 1899 3787 1971 ἀποδιαιρεθῆ-

2193 2007 2304 2055 ναι,
2342 1989 2584 2060 πόλεμον
2616 1988 2738 2044 κατ’
2772 1989 2957 2044 αὐτῶν
2989 1993 3340 2060 συγκροτεῖν,
3370 1992 3467 2044 καὶ
3499 1992 3787 2059 ἀποσφάτ-

2191 2098 2309 2135 τειν
2370 2081 2601 2145 αὐτούς*
2655 2082 2705 2134 εί
2740 2082 2797 2135 δὲ
2842 2083 2942 2152 τὴν
3006 2081 3182 2152 αὐτὴν
3228 2083 3577 2137 ἐπανέλοιντο
3652 2084 3787 2154 θρη-

2196 2172 2411 2249 σκείαν,
2438 2175 2521 2238 είς
2550 2173 2816 2242 ἀδελφοὺς
2839 2174 3038 2237 αὐτοὺς
3068 2175 3497 2247 παραδέχεσθαι.

2271 2306 2289 2340 ι
2328 2287 2402 2341 Ub
2472 2288 2946 2357 καταναγκάσετε.
3004 2291 3215 2361 φησὶν,
3280 2293 3362 2355 είς
3435 2293 3622 2348 πίστιν
3679 2295 3785 2348 αύ-

2191 2378 2341 2442 τούς.
2408 2380 2760 2453 Ἐφανερώθη
2791 2381 2899 2452 γὰρ
2930 2383 2990 2435 τὸ
3010 2384 3411 2453 εὐπρόσδεκτον
3435 2387 3501 2440 ἐκ
3526 2387 3618 2441 τοῦ
3642 2404 3787 2456 σφα-

2191 2467 2377 2540 λεροῦ.
2416 2486 2435 2521 ι
2487 2469 2804 2537 Τουτὲστιν,
2859 2471 3035 2542 ἐφάνη
3064 2472 3098 2541 ἡ
3133 2471 3260 2525 καθ’
3301 2472 3449 2543 ὑμᾶς
3481 2474 3667 2537 πίστις
3695 2473 3787 2526 εύα

2195 2562 2529 2633 πρόσδεκτος
2583 2562 2663 2635 τῷ
2696 2564 2841 2634 Θεῷ,
2895 2564 3005 2617 τῶν
3038 2564 3215 2619 ἄλλων
3240 2565 3482 2620 πίστεων
3521 2567 3784 2621 ἀποδοκι-

2199 2654 2535 2725 μασθεισῶν,
2558 2651 2647 2709 οἷα
2675 2657 2988 2728 σφαλερῶν.
3018 2654 3160 2727 Εὖγε
3193 2661 3296 2729 τῆς
3322 2659 3780 2730 φιλανθρωπίαςί

2194 2749 2278 2803 δτι
2307 2748 2540 2818 σφάζειν
2571 2751 2700 2813 τοὺς
2724 2752 3093 2821 Χριστιανοὺς
3122 2750 3412 2817 ἐπιτάξας.
3443 2753 3518 2826 μὴ
3536 2754 3785 2823 ἀναγκά-

2195 2842 2312 2909 ζειν
2340 2843 2479 2907 τέως
2496 2844 2576 2906 είς
2593 2844 2692 2914 τὴν
2719 2845 2905 2898 πίστιν
2928 2845 3185 2899 ἐκέλευσε
3212 2847 3462 2916 φονεύειν
3489 2845 3782 2912 ἐπιτάξας,

2195 2940 2258 2992 οὐ
2329 2939 2397 2994 δι’
2438 2940 2830 3010 ἀλλοτριότητα
2911 2941 3189 3008 πίστεως,
3253 2941 3392 2996 ἀλλά
3439 2942 3512 2996 δι’
3574 2942 3786 2995 οἰκείαν

515 3032 938 3100 humanitatem,
975 3042 1031 3087 et
1056 3048 1124 3089 ne
1141 3033 1473 3103 superstites
1495 3047 1801 3107 coarguant
1832 3046 1980 3092 tuam
2007 3038 2089 3093 iu-

2195 3032 2462 3103 ἀπήνειαν
2522 3033 2618 3087 καὶ
2669 3031 3070 3104 ἀπανθρωπίαν
3097 3070 3114 3098 ,
3163 3034 3259 3089 καὶ
3308 3034 3398 3089 ἵνα
3452 3037 3529 3107 μὴ
3580 3035 3789 3101 ζῶντες

498 3123 712 3180 sauiam
734 3134 897 3195 atque
938 3126 1293 3197 impietatem,
1321 3128 1395 3181 uti
1425 3128 1742 3198 pradictum
1771 3142 1878 3186 est.

570 3326 840 3381 Admonet
866 3340 995 3381 suos
1035 3327 1220 3382 dicens
1253 3343 1268 3382 :
1305 3346 1323 3380 ι
1365 3326 1443 3384 Ne
1477 3328 1598 3383 sitis
1629 3331 1761 3386 socii
1788 3347 1964 3403 neque
1990 3332 2091 3390 Ju-

498 3419 771 3484 daaorum,
842 3434 1018 3488 neque
1073 3419 1537 3477 Christianorum.
1587 3422 1722 3477 Nam
1778 3425 2095 3497 quicunque

500 3513 650 3584 ipsos
679 3511 945 3577 defendit,
971 3528 1037 3568 ex
1063 3514 1196 3584 ipsis
1211 3521 1317 3570 est.
1352 3532 1370 3565 ι
1402 3513 1534 3570 Esto
1555 3531 1721 3573 sane:
1748 3516 2093 3576 Christianos

497 3607 931 3675 omnipotentem
966 3616 1320 3678 sanctamque
1344 3607 1664 3664 Trinitatem
1701 3612 1943 3669 colentes
1968 3613 2094 3670 odio

503 3700 887 3769 prosequeris;
926 3699 982 3753 in
1012 3697 1230 3755 Judaaos
1263 3715 1410 3766 vero,
1463 3701 1555 3769 qui
1592 3702 1921 3770 proﬁtentur
1970 3721 2092 3762 sese

502 3793 800 3847 Abrahami
832 3791 991 3847 ﬁdem
1027 3807 1380 3858 conservare,
1423 3808 1522 3848 cur
1557 3795 1660 3850 hoc
1696 3796 1946 3851 moliris?
1984 3795 2092 3853 Sed

505 3888 641 3943 nihil
672 3887 906 3943 alienum
939 3904 968 3941 a
999 3898 1088 3942 tua
1109 3888 1339 3942 malitia.
1376 3886 1531 3944 Nosti
1557 3891 1703 3944 enim
1735 3892 1878 3960 quod
1905 3892 1993 3947 lex
2013 3893 2095 3948 di-

505 3981 782 4034 vinitatem
811 3978 1011 4034 Christi
1034 3978 1273 4034 declaret
1298 3997 1310 4033 :
1337 3979 1541 4035 idcirco
1566 3988 1826 4051 utrosque
1848 3982 1974 4038 odio
2001 3984 2095 4039 ha-

502 4074 635 4128 bere
701 4072 971 4142 praecipis,
1003 4071 1095 4142 qui
1117 4070 1341 4137 Christi,
1375 4070 1585 4137 imo,ut
1648 4073 1829 4146 potius
1883 4074 2089 4143 dicam,

506 4164 600 4222 Dei
620 4165 801 4222 hostis
822 4178 903 4221 es.

577 4459 783 4518 Deinde
823 4458 902 4516 sic
933 4458 1186 4516 condolet
1243 4458 1444 4516 Judaeis
1469 4465 1526 4514 et
1574 4447 1943 4529 Christianis,"
1969 4476 2095 4518 cum

506 4558 624 4613 ait:
688 4551 834 4608 «Va:
865 4554 1044 4621 vobis,
1104 4553 1397 4611 domestici
1461 4551 1905 4622 Scripturaruml
1962 4556 2097 4611 nihil

510 4650 663 4706 vobis
685 4648 812 4713 erit,
850 4648 1030 4717 quoad
1062 4648 1238 4717 legem
1265 4646 1567 4716 sequemini
1594 4655 1654 4701 et
1679 4645 2091 4716 Evangelinma

507 4741 679 4807 Nihil,
711 4753 905 4806 nempe
957 4738 1229 4793 utilitatis.
1292 4739 1455 4808 Atqui
1500 4737 1662 4808 paulo
1700 4749 1827 4793 ante
1853 4739 2029 4811 legem
2066 4754 2098 4793 a

507 4834 728 4891 Christo
800 4834 1079 4903 impletam
1138 4832 1311 4887 fuisse
1367 4829 1570 4896 dixisti,
1627 4828 2099 4901 Evangeliumque

508 4926 908 4998 promulgatum
967 4938 1091 4981 esse
1152 4924 1296 4978 viam
1354 4930 1411 4978 et
1469 4922 1643 4979 lucem
1707 4935 1764 4979 et.
1802 4923 2097 4992 justitiam.

510 5017 621 5073 Sed
654 5030 843 5071 revera
872 5016 1214 5073 mendacium
1244 5017 1484 5088 seipsum
1511 5014 1742 5087 jugulat,
1798 5024 1857 5070 ut
1878 5016 2096 5072 eviden-

510 5122 592 5168 ter
620 5116 969 5179 coarguatur.

582 5290 659 5345 De
685 5284 1107 5344 circumcisione
1136 5296 1190 5341 et
1211 5286 1441 5341 marium
1494 5296 1550 5342 et
1573 5285 1898 5342 feminarum
1924 5285 2095 5357 legem

512 5384 633 5440 tulit
666 5400 680 5437 :
715 5381 999 5437 interdixit
1034 5378 1142 5435 illis
1182 5379 1345 5433 etiam
1384 5379 1531 5435 vino.
1570 5378 1636 5434 Et
1672 5393 1849 5433 mares
1875 5380 2094 5448 quidem

512 5473 907 5532 circumcidere
951 5471 1281 5527 Hebraicum
1316 5488 1331 5537 ;
1360 5468 1595 5524 fetutinas
1623 5484 1752 5523 vero
1815 5470 2101 5539 impuden-

513 5569 600 5622 tia:
638 5565 1010 5621 Moamethicze
1036 5564 1339 5633 prOpriuin.
1382 5560 1592 5616 scilicet
1628 5571 1686 5616 ut
1720 5562 2095 5618 circumcisio-

515 5674 640 5714 nem
706 5659 759 5713 in
813 5657 930 5728 lege
987 5658 1363 5727 praescriptam
1417 5654 1520 5712 hoc
1569 5662 1725 5724 pacto
1774 5656 2091 5723 corrigeret.

513 5750 855 5811 Abstinentia
884 5767 917 5809 a
948 5751 1070 5808 vino
1102 5750 1204 5807 hoc
1248 5750 1385 5820 vult,
1423 5765 1494 5807 ne
1526 5747 1663 5808 ebrii
1725 5746 1878 5820 [.tcti,
1935 5747 2093 5808 facile

2198 3127 2466 3197 ἐλέγχωσι
2517 3127 2619 3197 τὴν
2683 3126 2866 3181 αὐτῶν
2937 3127 3202 3182 ἀπόνοιαν
3248 3128 3342 3183 καὶ
3396 3129 3680 3197 ἀσέϐειαν,
3707 3131 3785 3193 ὡς

2199 3222 2549 3290 προείρηται.

2272 3334 2539 3405 Παραινεῑ
2558 3337 2672 3399 τοῖς
2706 3335 2856 3400 ἰδίοις
2884 3335 3061 3405 λέγων
3090 3350 3102 3366 ·
3141 3354 3161 3388 ι
3198 3336 3292 3408 Μὴ
3320 3336 3539 3404 γίνεσθε
3568 3337 3790 3410 ἀντιλή-

2199 3444 2402 3499 πτορες
2441 3427 2718 3482 Ἰουδαίων
2778 3446 2837 3483 τε
2894 3431 2990 3484 καὶ
3021 3429 3393 3501 Χριστιανῶν.
3430 3431 3622 3494 Ὅστις
3672 3431 3785 3503 γάρ

2199 3520 2643 3592 ύπερασπίζεται
2675 3521 2857 3575 αὐτῶν
2878 3521 2939 3587 ἐξ
2966 3522 3144 3593 ὑμῶν,
3177 3526 3203 3575 ὁ
3236 3521 3479 3587 τοιοῦτος
3521 3523 3581 3589 ἐξ
3609 3525 3790 3578 αὐτῶν

2198 3613 2465 3685 ὑπάρχει.
2501 3631 2521 3665 ι
2584 3611 2813 3667 Ἐστω·
2874 3611 3241 3683 Χριστιανοὺς
3311 3614 3433 3685 μὲν,
3502 3618 3630 3679 τοὺς
3687 3617 3791 3687 τὴν

2202 3707 2550 3778 παντουργδν
2582 3708 2679 3761 καὶ
2709 3707 2875 3775 ἀγίαν
2908 3706 3118 3777 Τριάδα
3148 3706 3431 3773 σέϐοντας,
3465 3711 3668 3779 μισεῖς,
3688 3711 3791 3763 καὶ

2198 3797 2424 3851 τοιαῦτα
2475 3798 2772 3870 ὑπομένειν
2838 3797 3126 3861 κελεύεις⁴
3192 3799 3472 3864 Ἰουδαίοις
3537 3800 3616 3867 δέ,
3674 3804 3790 3866 τοῖς

2200 3889 2705 3963 ἐπαγγελλομένοις
2767 3890 2867 3961 τὴν
2892 3890 2988 3944 τοῦ
3034 3890 3290 3961 ’Δϐραάμ
3320 3890 3635 3957 ἀποσώζειν
3694 3895 3789 3947 πί-

2202 4000 2348 4050 στιν,
2397 3983 2485 4037 διὰ
2518 3983 2573 4037 τί
2632 3982 2811 4039 ταῦτα
2852 3983 3133 4055 προξενεϊς
3165 4001 3182 4050 ς
3220 3984 3359 4038 Ἀλλ’
3414 3984 3514 4038 οὐκ
3567 3984 3674 4052 ἔξω
3698 3988 3792 4039 καὶ⁵

2202 4079 2363 4133 τοῦτο
2394 4080 2495 4150 τῆς
2525 4082 2624 4150 σῆς
2646 4077 3088 4148 κακοφροσύνης.
3120 4073 3285 4141 Οἶδας
3310 4080 3418 4149 γάρ
3447 4079 3530 4132 ὅτι
3564 4081 3593 4133 ὁ
3620 4080 3790 4149 νόμος

2203 4173 2303 4244 τὴν
2348 4171 2444 4225 τού
2487 4168 2738 4241 θΧριστοῦ
2770 4169 3003 4239 θεότητα
3035 4167 3276 4222 δείκνυσι
3313 4184 3329 4201 ο
3363 4169 3457 4225 καὶ
3504 4170 3595 4224 διὰ
3625 4172 3789 4226 τοῦτο

2206 4264 2559 4336 ἀμφοτέρους
2611 4260 2925 4334 ἐχθραίνεῐν
2973 4261 3254 4350 μελεύεις,
3297 4264 3687 4336 χριστομάχος,
3750 4266 3787 4338 ἢ

2120 4396 2173 4458 D
2209 4359 2411 4433 μᾶλλον
2445 4359 2645 4423 εἰπεῖν,
2676 4354 2946 4458 θεομάχος
2968 4352 3069 4458 ἓν.

2273 4448 2390 4507 Εἶθ’
2446 4448 2596 4514 οὕτω
2648 4447 2927 4513 ταλανίζει
2973 4447 3340 4519 Χριστιανούς
3396 4466 3459 4502 τε
3493 4450 3588 4504 καὶ
3655 4450 3776 4505 Ἰουο

2200 4545 2409 4611 δαίους,
2460 4542 2667 4612 λέγων’
2736 4560 2754 4593 ι
2792 4539 2931 4595 Οὐαὶ⁸
2966 4539 3121 4610 ὑμῖν,
3179 4541 3372 4596 οἰκεῖοι
3404 4541 3669 4613 Γραφιίνί
3697 4546 3791 4596 οὑ-

2200 4640 2289 4692 δέν
2347 4639 2476 4708 ὑμῖν
2508 4636 2683 4701 ἐσται,
2716 4633 2824 4696 ἕως
2863 4630 2929 4686 ἂν
2960 4632 3357 4704 ἐξακολουθῆτε
3412 4632 3489 4704 τῷ
3511 4636 3661 4706 νόμῳ
3692 4640 3789 4691 καὶ

2199 4732 2279 4803 τῷ
2323 4729 2666 4801 Εὑαγγελίῳ.
2709 4746 2729 4780 δ
2766 4726 2999 4796 Ὄφελον
3053 4725 3326 4797 δηλονότι.
3374 4728 3486 4781 Καὶ
3512 4728 3617 4799 μὴν
3648 4732 3781 4782 ἀνω·

2199 4826 2347 4895 τέρω
2406 4820 2603 4890 μικρὸν
2668 4814 3139 4889 άληθοποιηθῆναι
3205 4815 3309 4884 μὲν
3340 4816 3491 4885 παρά
3538 4816 3785 4887 Χριστοῦ

2198 4915 2290 4968 τὸν
2322 4911 2485 4978 νόμον
2517 4910 2745 4978 είρηκας
2776 4923 2790 4937 °
2831 4906 3054 4977 δοθῆναι
3083 4904 3141 4957 δέ
3180 4904 3269 4959 διὰ
3304 4904 3400 4959 τοῦ
3445 4905 3789 4975 Εύαγγελίου

2200 5008 2481 5076 δδίδγησιν,
2529 5004 2621 5055 καὶ
2681 5001 2820 5071 φῶς,
2852 4998 2951 5052 καὶ
2975 4997 3348 5067 δικαιοσύνην.
3422 4996 3565 5052 Ἀλλ’
3613 4998 3786 5062 ὅντως

2202 5097 2383 5168 ἐαυτῷ
2419 5094 2743 5167 περιπίπτει
2769 5093 2837 5145 τά
2866 5091 3038 5144 πολλά
3067 5090 3127 5144 τδ
3157 5090 3377 5161 ψεῦδος,
3408 5090 3500 5146 ἵνα
3531 5108 3786 5161 φανερω-

2199 5192 2374 5261 τέρως
2414 5187 2726 5260 ἐλεγχθείη.

2272 5281 2631 5354 Περιτέμνειν
2666 5278 2761 5333 καὶ
2811 5278 2938 5339 τοὺς
2990 5276 3227 5347 ἄρρενας
3283 5276 3380 5330 καὶ
3407 5275 3507 5339 τάς
3558 5275 3785 5346 θηλείας

2199 5375 2601 5449 νομοθετήσας,
2659 5370 3047 5442 ἀπηγόρευσεν
3109 5370 3296 5429 αὐτοῖς
3353 5369 3445 5423 καὶ
3495 5368 3587 5421 τὸν
3619 5364 3788 5423 οἶνον.

2199 5470 2271 5523 Τὸ
2311 5469 2409 5539 μὲν
2442 5465 2535 5520 οὖν
2566 5465 2923 5534 περιτέμνειν
2958 5464 3085 5526 τοὺς
3103 5462 3341 5533 ἀρρειας
3374 5462 3691 5533 Ἐϐραῖκόψ
3726 5462 3788 5514 τὸ

2199 5562 2253 5619 δὲ
2282 5562 2379 5624 τὰς
2415 5560 2635 5627 θηλείας
2671 5558 2770 5628 τῆς
2792 5554 2888 5609 τοῦ
2923 5554 3170 5625 Μωάμεθ
3204 5556 3594 5625 ἀναισχυντίας
3625 5555 3785 5620 ἴδιον,

2204 5655 2299 5706 ἐπὶ
2328 5649 2617 5722 διορθώσει
2668 5649 2830 5720 δῆθεν
2871 5648 2970 5718 τῆς
3022 5647 3258 5717 νομικῆς
3296 5649 3600 5718 περιτομῆς
3630 5664 3642 5677 ο
3679 5648 3789 5715 ἡδὲ

2203 5744 2387 5817 ἀποχὴ
2420 5741 2511 5797 τοῦ
2550 5743 2717 5813 οἴνου,
2777 5741 2867 5798 ἵνα
2932 5738 3007 5812 μὴ
3065 5738 3474 5811 μεθυσκόμενοι
3523 5739 3637 5802 τοῖς
3696 5738 3789 5809 ἐχ-
