4132 6406
419 449 561 518 1353

1295 453 1680 515 PANOPLIA
1724 452 2192 516 DOGMATICA.
2219 478 2289 493 -
2313 455 2464 519 TIT.
2506 454 2786 520 XXVIII.

3550 452 3689 519 135$

408 566 562 639 θροίς
613 566 796 621 αὐτῶν
851 566 1120 623 εὐάλωτοι
1184 567 1536 637 γίγνωνται,
1597 569 1695 622 καὶ
1763 570 1977 639 μάλιστ‹

2110 557 2190 624 ab
2210 568 2456 624 hostibus
2489 570 2542 624 in
2584 576 2908 639 poteSIatem
2936 569 3338 639 redigerentur,
3363 582 3417 629 et
3451 576 3690 633 maxime

405 662 518 723 τοῖς
559 660 932 730 Χριστιανοῖς.

493 751 901 821 Ἐμυθολόγησε
941 750 1191 821 κάμηλόν
1236 767 1357 802 τινα
1405 752 1701 820 γενέσθαι,
1756 754 1998 822 δυναμέ-

408 860 507 914 νην
541 845 718 899 πίνειν
752 846 875 900 ὄλον
915 845 1008 899 τὸν
1060 844 1450 916 παραρρέοντα
1508 846 1757 916 ποταμόν
1789 860 1802 875 ⁶
1858 842 1999 901 εἶναι

407 936 464 989 δὲ
489 935 691 1008 ταύτην
724 936 1083 1008 παμμεγέθη,
1120 938 1219 991 καὶ
1250 938 1328 1009 μὴ
1354 938 1723 1009 χωρουμένην
1782 938 1994 1009 μεταξῦ

407 1028 502 1082 δύο
550 1030 661 1083 τῶν
693 1030 970 1101 μεγίστων
1022 1031 1218 1101 ὀρέων.
1265 1030 1412 1094 Λαὸς
1464 1026 1583 1097 οὗν,
1618 1032 1806 1101 φησὶν,
1836 1027 1906 1103 ῆν
1937 1033 2016 1086 ἐν.

405 1116 486 1185 τῷ
516 1118 665 1189 τόπῳ
691 1134 707 1150 ο
756 1122 851 1173 καὶ
879 1120 980 1192 τὴν
1010 1121 1113 1190 μὲν
1145 1118 1274 1190 μίαν
1304 1122 1525 1194 ήμέραν
1556 1122 1722 1185 αὐτὸς
1754 1121 1907 1178 ἔπινε
1933 1124 1996 1178 τὸ

409 1208 554 1279 ὕδωρ
588 1210 682 1263 τοῦ
719 1211 990 1282 ποταμοῦ,
1049 1212 1149 1282 τὴν
1207 1212 1266 1266 δὲ
1292 1213 1487 1283 ἑτέραν
1526 1215 1560 1284 ή
1593 1212 1860 1285 κάμηλος.
1898 1216 1998 1269 IIl-

409 1317 577 1353 νουσα
606 1301 663 1354 δὲ
698 1302 760 1355 τὸ
809 1302 953 1375 ὕδωρ
988 1306 1084 1358 τοῦ
1153 1306 1433 1377 ποταμοῦ,
1486 1305 1744 1371 ἐπότιζεν
1770 1306 1994 1373 αὐτοὺς,

407 1392 470 1443 τὸ
523 1394 726 1464 ἑαυτῆς
780 1396 924 1463 γάλα
1003 1398 1359 1469 παρεχομένη
1413 1400 1540 1478 ἀντὶ
1602 1399 1699 1453 τοῦ
1765 1400 1982 1462 ὓδατος.

420 1486 756 1557 Ἀνέστησαν
799 1489 893 1543 οὖν
934 1491 1162 1556 ἐκεῖνοι,
1202 1492 1437 1563 πονηροὶ
1470 1492 1649 1559 ὄντες,
1715 1493 1813 1546 καὶ
1850 1492 1996 1547 ἁπέ-

406 1589 633 1631 κτειναν
663 1577 763 1648 τὴν
804 1580 1073 1652 κάμηλον.
1109 1580 1219 1636 Ἦν
1243 1583 1300 1637 δὲ
1329 1584 1534 1656 ταύτης
1593 1586 1867 1656 γέννημα,
1902 1603 1995 1655 μι-

407 1667 518 1736 κρὰ
594 1669 865 1741 κάμηλος,
946 1674 1094 1744 ἥτις,
1156 1674 1545 1746 ἀναιρεθείσης
1594 1678 1696 1747 τῆς
1756 1677 1994 1748 μητρὸς.

406 1758 603 1831 ἐϐόησε
634 1763 772 1831 πρὸς
802 1766 896 1817 τὸν
927 1764 1065 1819 Θεόν
1098 1782 1113 1798 ·
1145 1768 1242 1821 καὶ
1274 1767 1471 1822 ἔλαϐεν
1500 1767 1679 1839 αὐτὴν
1704 1769 1842 1839 πρὸς
1866 1771 1994 1823 ἐαυ-

402 1850 517 1907 τόν.
562 1853 887 1923 Ἐρωτῶμεν
916 1856 1011 1911 οὖν
1036 1860 1165 1922 τοὺς
1198 1859 1297 1913 τοῦ
1356 1860 1843 1931 μυθολογήσαντος
1858 1862 1994 1915 ταῦ-

402 1959 472 1995 τα
528 1944 803 2015 μαθητὰς,
834 1948 1070 2021 πότερον
1103 1951 1168 2004 ὲκ
1217 1950 1563 2023 συνδυασμοῦ
1596 1952 1926 2021 γεγέννηται
1954 1954 1987 2025 ή

405 2037 578 2105 μικρά
623 2038 892 2110 κάμηλος,
929 2041 962 2112 ἢ
995 2042 1118 2113 δίχα
1179 2044 1471 2109 συνουσίας
1501 2061 1515 2109 ;
1590 2045 1705 2099 Καὶ
1732 2045 1978 2114 λέγουσι,

407 2144 427 2177 ι
460 2126 584 2198 δίχα
637 2130 949 2196 συνουσίας.
993 2151 1013 2185 s
1066 2135 1178 2187 Καὶ
1222 2135 1388 2189 πάλιν
1445 2137 1632 2207 ἡμεῖς,
1694 2139 1837 2191 (Καὶ
1867 2137 1989 2203 πῶς

400 2216 523 2287 δίχα
580 2222 920 2289 συνουσίας;
965 2241 985 2275 s
1071 2225 1186 2279 Καὶ
1232 2226 1487 2295 λέγουσιν
1561 2229 1801 2296 ἀγνοεῖν.
1874 2230 1988 2285 Καὶ

402 2305 562 2372 αὖθις
590 2311 774 2380 ἡμεῖς,
819 2331 838 2364 ι
878 2314 1003 2378 Πῶς
1038 2314 1176 2385 πρὸς
1205 2318 1407 2372 ἑαυτὸν
1432 2320 1459 2372 ὁ
1484 2319 1620 2382 Θεὸς
1646 2318 1746 2390 τὴν
1780 2321 1986 2393 μικρὰν

401 2396 649 2469 κάμηλον
681 2401 1006 2467 άνελάϐετο,
1041 2407 1136 2459 καὶ
1165 2406 1270 2460 ποῦ
1306 2406 1569 2477 βόσκεται
1597 2426 1613 2477 ;
1654 2410 1773 2474 πῶς
1798 2411 1857 2465 δὲ
1887 2412 1988 2466 καὶ

398 2494 426 2543 ὁ
458 2495 747 2565 προφήτης
771 2494 927 2565 ὑμῶν
957 2498 1059 2553 οὐκ
1093 2497 1302 2564 ἐδίδαξε
1330 2501 1398 2555 τὰ
1426 2505 1558 2574 περὶ
1587 2507 1689 2576 τῆς
1717 2504 1987 2560 άσυνδυά-

400 2600 526 2636 στου
556 2586 755 2657 γέννης
790 2588 1003 2659 αὐτῆς;
1034 2591 1149 2645 Καὶ
1178 2591 1281 2645 ποῦ
1306 2592 1536 2664 νέμεται
1562 2611 1577 2660 ;
1606 2597 1717 2649 Καὶ
1746 2598 1796 2650 εί
1823 2596 1891 2668 ζῇ
1926 2598 1985 2650 ὲν

397 2674 476 2744 τῷ
530 2676 776 2747 οὐρανῷ,
831 2680 865 2750 ἢ
929 2680 1072 2751 μετὰ
1098 2682 1200 2753 τὴν
1242 2684 1517 2755 ἀνάληψιν
1537 2686 1983 2757 τετελεύτηκεν;

401 2764 437 2836 ἦ
466 2765 782 2836 πρόδρομος
814 2768 972 2839 ὑμῶν
1005 2771 1261 2843 εἰσῆλθεν
1299 2775 1381 2835 είς
1411 2776 1504 2828 τὸν
1535 2776 1866 2846 παράδεισον
1899 2794 1915 2844 ;
1955 2797 1974 2830 ι

399 2856 508 2910 Καὶ
539 2859 711 2929 μηδὲν
741 2860 963 2931 ἔχοντες
994 2864 1198 2931 εἰπεῖν,
1233 2867 1462 2938 μένουσι
1490 2869 1777 2936 σιγῶντες.

467 2956 576 3005 κα’.
626 2952 851 3008 Ἑαυτὸν
880 2955 1030 3024 λέγει
1062 2958 1163 3021 τὰς
1188 2958 1340 3022 κλεῖς
1368 2958 1464 3013 τοῦ
1501 2961 1835 3032 παραδείσου
1883 2963 1982 3019 λα-

397 3035 534 3091 ϐεῖν·
562 3041 659 3094 καὶ⁸
693 3043 837 3097 κατὰ
857 3044 957 3116 τὴν
974 3048 1193 3119 ἡμέραν
1213 3049 1314 3118 τῆς
1346 3051 1695 3121 παγκοσμίου
1720 3053 1980 3123 κρίσεως,

402 3131 540 3200 μετὰ
565 3134 625 3187 τὸ
654 3137 1125 3209 καταδικασθῆναι
1156 3142 1362 3195 Μωσέα
1400 3144 1544 3213 μετὰ
1566 3144 1676 3198 τῶν
1710 3144 1978 3218 Ἐϐραίων

2104 672 2134 711 a
2164 657 2515 716 Christianis.

2173 747 2470 807 Fabulatus
2514 761 2599 808 est
2654 751 2825 809 fuisse
2868 752 3137 809 camelum
3193 753 3513 823 quamdam,
3566 772 3687 827 quae

2100 843 2346 911 potuerit
2386 846 2636 917 integros
2680 844 2879 902 ﬂuvios
2920 843 3357 915 praet’erﬂuentes
3414 855 3683 915 epotare:

2100 931 2270 990 fuisse
2304 945 2488 992 autem
2526 936 2670 991 illam
2708 952 3088 1009 permagnam,
3119 945 3176 995 et
3222 952 3342 1010 quae
3378 939 3521 994 inter
3548 939 3688 996 duos

2099 1036 2312 1083 montes
2347 1028 2614 1087 maximos
2640 1045 2748 1086 non
2805 1039 3114 1102 caperetur.
3175 1030 3241 1086 Et
3271 1032 3323 1089 in
3374 1047 3459 1099 eo,
3487 1032 3682 1103 inquit,

2104 1116 2227 1174 loco
2284 1121 2518 1191 pepulus
2572 1133 2737 1191 erat;
2798 1136 2857 1179 et
2912 1123 3085 1181 altero
3149 1126 3368 1195 quidem
3429 1126 3518 1181 die
3569 1126 3687 1195 ipse

2101 1224 2295 1281 aquam
2328 1211 2477 1269 ﬂuvii
2510 1213 2751 1279 bibebat,
2779 1214 2952 1273 altero
2983 1231 3138 1281 vero,
3163 1216 3406 1273 camelus
3447 1230 3463 1271 :
3509 1231 3687 1287 eaque

2099 1316 2222 1357 cum
2248 1303 2476 1361 bibisset
2500 1321 2719 1377 aquam,
2752 1308 2949 1378 populo
2971 1308 3046 1365 illi
3075 1317 3262 1380 potum
3291 1309 3568 1381 pmbebat
3599 1310 3684 1366 lac

2099 1409 2279 1463 suum,
2326 1411 2426 1464 pro
2472 1412 2635 1468 aqua.
2677 1398 2783 1457 Hic
2854 1400 3044 1471 itaque
3103 1402 3355 1472 populus.
3411 1416 3535 1458 cum
3581 1417 3671 1458 es-

2100 1494 2185 1542 set
2218 1487 2416 1554 malus,
2458 1490 2761 1546 insurrexit
2803 1500 2859 1547 et
2894 1492 3162 1549 camelum
3202 1492 3500 1550 interfecit.
3549 1493 3684 1549 Erat

2098 1593 2281 1637 autem
2321 1582 2486 1651 hujus
2524 1583 2704 1652 pullus
2756 1586 2989 1657 exiguus
3036 1587 3298 1653 camelns,
3356 1589 3453 1657 qui
3501 1589 3675 1644 inter-

2097 1673 2239 1730 fecta
2271 1685 2446 1730 matre
2482 1678 2549 1730 ad
2592 1676 2762 1733 Deum
2816 1679 3095 1745 clamavit,
3116 1688 3174 1735 et
3203 1682 3500 1751 assumpsit
3528 1696 3682 1737 eum-

2095 1767 2216 1822 dem
2278 1767 2345 1821 ad
2395 1768 2656 1839 seipsum.
2712 1768 3117 1843 lnterrogemus
3168 1772 3333 1843 igitur
3383 1773 3682 1845 discipulos

2096 1857 2258 1927 hujus
2287 1858 2653 1928 fabulatoris,
2719 1872 2902 1919 utrum
2941 1879 3010 1921 ex
3055 1864 3439 1935 conjunctione
3483 1883 3684 1936 parvus

2096 1950 2341 2009 camelus
2388 1961 2553 2009 natus
2583 1953 2678 2022 sit,
2719 1970 2786 2011 an
2833 1956 3043 2029 absque
3112 1960 3299 2015 coitu?
3349 1959 3419 2015 Et
3439 1960 3627 2016 dicunt
3662 1978 3682 2018 :
3738 2016 3739 2021 η

2102 2060 2122 2094 ι
2168 2045 2390 2116 Absque
2420 2045 2588 2103 coitu.
2627 2067 2646 2100 ι
2702 2049 2768 2105 Et
2801 2064 2904 2105 nos
2947 2066 3164 2108 rursum
3204 2068 3218 2105 :
3264 2071 3285 2105 ι
3320 2052 3386 2107 Et
3409 2054 3683 2122 quomodo

2096 2138 2303 2207 absque
2336 2139 2531 2196 coitu?
2556 2158 2575 2193 ι
2623 2140 2692 2196 Et
2739 2145 3068 2214 respondent
3095 2160 3155 2202 se
3186 2146 3456 2217 ignorare.
3496 2148 3560 2202 Et
3582 2164 3681 2205 nos

2096 2228 2293 2286 iterum
2333 2248 2348 2286 :
2402 2250 2422 2284 ι
2461 2234 2744 2299 Quomodo
2784 2250 2913 2293 vero
2967 2235 3112 2293 Deus
3149 2240 3215 2293 ad
3260 2240 3498 2309 seipsutn
3557 2258 3684 2312 par-

2098 2334 2222 2374 vum
2254 2318 2403 2375 illum
2444 2322 2717 2378 camelum
2747 2327 3065 2391 assumpsit,
3096 2335 3151 2380 et
3179 2327 3268 2382 ubi
3301 2329 3552 2395 pascitur
3578 2372 3594 2397 ,
3625 2338 3681 2385 et

2097 2420 2206 2481 quo
2233 2415 2394 2476 pacto
2435 2409 2697 2477 propheta
2722 2410 2903 2467 vester
2946 2426 3052 2467 non
3083 2412 3376 2483 explicavit
3421 2413 3539 2482 ejus
3584 2431 3679 2471 or-

2100 2506 2237 2566 tum,
2266 2514 2390 2556 cum
2438 2500 2582 2555 nulla
2620 2504 2783 2573 plane
2817 2506 3175 2561 antecesserit
3206 2506 3566 2576 coniunctio?
3610 2510 3676 2565 Et

2095 2592 2188 2646 ubi
2210 2593 2499 2669 pascitur?
2536 2593 2603 2651 Et
2627 2605 2810 2652 utrum
2841 2597 2972 2653 vivit
2995 2598 3047 2653 in
3087 2599 3251 2668 cmlo,
3277 2614 3348 2657 an
3372 2615 3505 2657 vero
3529 2612 3677 2672 post-

2094 2698 2259 2753 quam
2297 2698 2609 2759 assumptus
2658 2698 2743 2747 est
2779 2690 2936 2759 obiit,
3005 2702 3102 2750 aut
3144 2708 3243 2751 vos
3282 2695 3338 2751 in
3360 2698 3673 2765 paradisum

2092 2781 2422 2847 praecurrit?
2462 2801 2482 2833 ι
2522 2783 2618 2839 Isti
2648 2798 2780 2843 vero
2804 2800 2929 2845 cum
2967 2802 3077 2845 non
3124 2788 3362 2847 habeant
3414 2795 3557 2862 quod
3594 2811 3679 2849 re-

2095 2872 2418 2939 spondeant,
2446 2876 2846 2933 conticescunt.

2163 2960 2258 3017 2i.
2282 2961 2530 3034 Seipsum
2560 2967 2639 3022 ait
2658 2968 2835 3027 claves
2863 2971 3101 3040 paradisi
3128 2975 3428 3046 accepisse,
3459 2978 3677 3036 etcirca

2095 3053 2246 3111 diem
2309 3057 2638 3117 universalis
2686 3061 2903 3130 judicii,
2964 3075 3260 3136 postquam
3311 3068 3492 3126 Moses
3546 3086 3671 3126 cum

2091 3143 2360 3217 Hebraeis,
2417 3151 2489 3208 ob
2539 3152 2678 3225 legis
2743 3159 3236 3227 transgressiones,
3279 3164 3676 3222 condemnatus

394 3224 660 3279 ἁπάντων
729 3228 820 3281 διὰ
844 3230 945 3301 τὴν
996 3232 1089 3285 τοῦ
1122 3231 1288 3304 νόμου
1338 3234 1676 3306 παράϐασιν,
1710 3242 1804 3291 καὶ
1842 3242 1977 3308 μετὰ

398 3316 498 3343 ,λη
566 3320 711 3343 ____L
771 3321 1216 3343 ,εηνμηηηη
1311 3325 1366 3343 μ
1534 3330 1555 3343 ..
1649 3331 1663 3343 .
1830 3333 1842 3343 .

2088 3237 2292 3306 fuerit,
2358 3249 2413 3296 et
2451 3253 2576 3312 post
2606 3224 2948 3305 sententiam
2996 3252 3065 3307 de
3098 3224 3432 3313 Christianis
3476 3256 3666 3323 latam,

398 3316 498 3385 τὴν
566 3320 713 3372 κατὰ
768 3321 878 3375 τῶν
914 3323 1258 3393 Χριστιανῶν
1296 3325 1497 3397 ψῆφον,
1528 3330 1599 3401 ἣν
1642 3331 1981 3402 ὑποστήσον-

390 3425 480 3462 ται
537 3413 1049 3482 προσαγορεύοντες
1104 3417 1197 3469 τὸν
1243 3417 1486 3488 Χριστὸν
1545 3422 1676 3475 Υίὸν
1708 3423 1845 3477 Θεοῦ
1876 3428 1973 3480 καὶ

389 3501 551 3566 Θεὸν,
604 3503 892 3573 ἀνοιγῆναι
953 3505 1053 3575 μὲν
1112 3506 1205 3560 τὸν
1254 3511 1585 3582 παράδεισον
1608 3514 1702 3585 ὑπ’
1755 3516 1921 3570 αὑτοῦ
1956 3534 1971 3550 ’

391 3592 754 3646 συνεισελθεῖν
811 3595 867 3647 δὲ
919 3597 1070 3668 αὐτῷ
1116 3599 1362 3669 χιλιάδας
1410 3604 1790 3675 ἐϐδομήκοντα
1864 3612 1975 3663 ἀπὸ

388 3680 496 3734 τῶν
528 3682 995 3754 παραδεξαμένων
1024 3687 1126 3758 τὴν
1181 3687 1534 3747 διδασκαλίαν
1582 3696 1749 3749 αὑτοῦ
1780 3712 1795 3727 ⁸
1848 3702 1975 3764 τοὺς

388 3768 444 3821 δὲ
469 3769 690 3835 λοιποὺς
714 3773 822 3827 τῶν
851 3774 1016 3828 αὐτοῦ
1043 3778 1309 3848 μαθητῶν
1341 3782 1701 3852 κριθήσεσθαι
1733 3786 1971 3854 φάσκει·

390 3861 651 3926 καὶτοὺς
709 3865 807 3933 μὲν
844 3867 1163 3935 κρείττονας
1229 3867 1291 3935 ἐξ
1345 3873 1527 3925 αὐτῶν
1586 3876 1975 3947 ἀναμφιὸόλως

388 3950 483 4003 καὶ
529 3952 730 4016 αὐτοὺς
769 3956 848 4017 είς
902 3957 994 4010 τὸν
1048 3958 1378 4028 παράδεισον
1409 3963 1729 4034 εἰσαχθῆναι
1760 4007 1776 4033 ,
1841 3971 1970 4033 τοὺς

388 4040 446 4094 δὲ
476 4042 693 4112 χείρους
753 4046 847 4099 καὶ
876 4047 1245 4117 ἁμαρτωλοὺς
1292 4053 1578 4108 πιττάκιον
1602 4054 1683 4124 τῷ
1710 4059 1971 4131 τραχήλῳ

390 4133 604 4189 ἑαυτῶν
634 4138 1052 4209 περιδεδεμένον
1093 4142 1386 4212 φέροντας,
1414 4146 1510 4198 καὶ
1542 4147 1743 4212 αὐτοὺς
1774 4152 1855 4214 είς
1879 4151 1972 4205 τὸν

386 4228 722 4297 παράδεισον
792 4232 1164 4303 εἰσαχθῆναι·
1220 4238 1314 4289 κα)⁵
1388 4239 1674 4294 καλεῖσθαι
1743 4242 1970 4309 τούτους

391 4335 410 4368 ι
444 4318 842 4392 ἀπελευθέρους
892 4324 983 4377 τοῦ
1026 4325 1165 4379 Θεοῦ
1206 4330 1300 4381 καὶ
1346 4329 1441 4382 τοῦ
1476 4334 1759 4404 προφήτου
1793 4337 1968 4392 Μωά-

387 4410 518 4479 μεθ.
562 4431 580 4463 s

452 4502 558 4572 κβ⁹.
608 4502 710 4559 Τὸν
756 4507 1086 4577 παράδεισον
1132 4513 1407 4581 τέσσαρας
1464 4513 1613 4581 λέγει
1677 4521 1962 4588 ποταμοὺς

2086 3345 2251 3402 quam
2284 3331 2363 3389 illi
2399 3332 2576 3390 ferent
2630 3338 2759 3406 quia
2799 3340 3079 3397 Christum
3109 3354 3164 3400 et
3206 3343 3305 3401 Dei
3362 3346 3562 3406 Filium
3615 3362 3673 3408 et

2086 3424 2258 3480 Deum
2286 3427 2585 3497 appellant,
2651 3439 2900 3500 apertum
2941 3434 3008 3491 iri
3053 3436 3371 3507 paradisum
3403 3440 3475 3497 ab
3525 3443 3668 3512 ipso.

2083 3526 2138 3571 et
2180 3516 2342 3571 simul
2398 3532 2521 3574 cum
2589 3520 2709 3588 ipso
2755 3522 3054 3581 intraturas
3112 3528 3376 3587 chiliadas
3441 3543 3670 3602 septuao

2082 3611 2254 3680 ginta,
2296 3626 2363 3666 ex
2392 3626 2581 3668 eorum
2611 3630 2843 3672 numero
2884 3619 2977 3688 qui
3018 3620 3323 3680 doctrinam
3348 3625 3521 3695 ipsius
3549 3643 3669 3684 ani-

2081 3706 2223 3776 plexi
2261 3708 2483 3776 luerinl,
2532 3711 2771 3781 reliquos
2804 3729 2935 3771 vero
2968 3731 3097 3774 suos
3123 3720 3421 3791 discipulos
3444 3724 3666 3795 judica-

2084 3808 2193 3853 tum
2230 3801 2295 3854 iri
2336 3802 2547 3861 dictitat
2598 3814 2689 3861 :et
2714 3807 2942 3877 quidem
2978 3810 3233 3868 meliores
3258 3813 3497 3884 ipsorum
3517 3818 3658 3873 citra

2078 3905 2295 3948 omnem
2324 3898 2755 3954 controversiam
2788 3909 2844 3955 et
2874 3902 3023 3972 ipsos
3056 3906 3313 3973 paradiso
3346 3909 3618 3978 potituros
3645 3930 3657 3973 :

2076 3982 2289 4051 pejores
2335 4000 2463 4043 vero
2526 3998 2582 4043 et
2624 4000 2968 4062 peccatores,
3026 3995 3332 4053 chartulam
3383 4000 3455 4056 de
3518 4004 3660 4059 coho

2076 4076 2399 4143 pendentem
2445 4079 2702 4149 ferentes,
2744 4092 2801 4141 et
2829 4084 2975 4155 ipsos
3023 4086 3079 4141 in
3110 4091 3428 4158 paradisum
3478 4092 3650 4149 intro-

2077 4168 2305 4224 missum
2360 4169 2448 4236 iri,
2489 4173 2867 4245 appellarique
2918 4177 3056 4234 istos
3089 4195 3111 4231 ι
3181 4179 3411 4239 libertos
3464 4181 3557 4239 Dei
3597 4196 3654 4239 et

2076 4259 2350 4331 prephetae
2376 4262 2690 4323 Moamethi.
2750 4285 2770 4319 ι

2140 4515 2232 4571 22.
2266 4516 2589 4574 Paradisum
2626 4522 2847 4592 quidem
2912 4535 3150 4595 quatuor
3184 4528 3413 4587 ﬂumina
3444 4534 3650 4596 habere

379 4595 550 4665 ἔχειν,
576 4596 636 4662 ἐξ
666 4597 854 4662 ὓδατος
907 4598 1184 4654 ἀθολώτου
1211 4642 1225 4669 ,
1264 4606 1358 4656 καὶ
1391 4604 1661 4673 γάλακτος
1692 4607 1962 4680 καθαροῦ,

2085 4607 2263 4673 tradit,
2292 4600 2359 4664 ex'
2388 4626 2529 4681 aqua
2559 4628 2715 4684 pura,
2748 4615 2884 4672 lacte
2912 4632 3068 4688 puro,
3088 4632 3141 4674 et
3174 4621 3314 4679 duici
3343 4624 3488 4694 vino,
3518 4595 3651 4685 mel;

381 4689 475 4741 ml.
496 4690 641 4743 οἴνου
661 4691 943 4760 ἡδέος,καὶ
970 4693 1192 4762 μέλιτος
1214 4696 1455 4750 ὑλιστοῦ.
1482 4699 1867 4767 Συνουσιάςειν
1894 4704 1952 4757 δὲ

379 4783 476 4835 καὶ
510 4784 762 4850 γυναιξὶν
789 4786 850 4836 έν
879 4784 956 4855 τῷ
985 4786 1343 4857 παραδείσῳ·
1388 4791 1485 4844 καὶ
1522 4786 1663 4846 εἶναι
1701 4795 1802 4865 τὴν
1835 4812 1960 4852 συν-

376 4875 570 4927 ουσίαν
598 4875 781 4928 αὐτῶν
811 4875 1086 4949 ήδυτάτην
1123 4880 1289 4946 πάνυ,
1322 4882 1416 4935 καὶ
1463 4882 1688 4956 διαρκῆ,
1730 4889 1824 4943 καὶ
1862 4889 1959 4962 ἄῤ-

379 4968 628 5037 ρευστον.
685 4966 828 5032 Τοὺς
890 4970 1076 5039 μέντοι
1138 4971 1450 5041 Ἐϐραίους,
1492 4977 1749 5044 καὶτοὺς
1782 4982 1958 5054 Χρισ-

375 5060 593 5122 τιανοὺς
627 5058 760 5125 ξύλα
784 5059 879 5112 τοῦ
933 5060 1155 5114 αἰωνίου
1187 5065 1552 5134 χρηματίζειν
1582 5069 1755 5138 πυρός
1783 5087 1796 5100 '
1830 5076 1958 5139 τοὺς

375 5150 434 5203 δὲ
465 5151 815 5223 Σαμαρείτας
862 5153 1236 5223 άποτετάχθαι
1264 5157 1404 5226 πρὸς
1441 5157 1540 5229 τὴν
1582 5161 1829 5233 ἐκφορὰν
1860 5167 1957 5237 τῆς

375 5244 587 5313 κόπρου
612 5248 721 5299 τῶν
754 5249 811 5300 ὲν
836 5246 912 5318 τῷ
944 5248 1265 5320 παραδείσῳ
1294 5251 1702 5323 διαιτωμένων,
1764 5257 1850 5311 ἵνα
1874 5261 1954 5330 μὴ

374 5338 634 5407 ὲποζέσῃ,
686 5341 874 5408 φησὶν,
906 5341 1315 5410 ὁπαράδεισος.
1381 5345 1569 5400 Ταῦτα
1625 5349 1826 5416 πάντα,
1893 5351 1956 5405 τὰ

375 5430 758 5498 καταγέλαστα
812 5434 991 5488 πάντα
1051 5436 1147 5488 καὶ⁸
1192 5436 1551 5508 άπαράδεκτα
1600 5441 1953 5511 Χριστιανοίς

371 5522 524 5587 ὄντα,
564 5525 658 5577 καὶ
695 5524 957 5596 μυθάρια,
1008 5528 1101 5581 καὶ
1129 5528 1433 5596 ἁσύστατα,
1493 5532 1592 5585 οὐκ
1639 5534 1950 5590 ἐπιδέονταί

370 5632 514 5680 τινος
546 5618 886 5689 ἀνατροπῆς,
917 5620 1144 5676 αὐτόθεν
1165 5621 1530 5693 ἐληλεγμένα.

438 5796 550 5859 κγ’.
584 5790 918 5845 Ἀποκλείων
944 5794 1080 5846 πᾶσι
1111 5794 1210 5865 τὴν
1238 5796 1468 5869 ἔρευναν
1493 5799 1603 5853 τῶν
1630 5802 1761 5873 παρ’
1779 5801 1946 5856 αὐτοῦ

365 5883 873 5956 δογματιζομένων,
928 5889 980 5938 εί
1008 5887 1185 5956 ἀληθῆ
1240 5892 1484 5964 ταῦταῆ
1538 5894 1640 5965 μὴ,
1701 5896 1943 5968 κελεύει,

696 5983 962 6045 ΡΑτιιοι..
996 5988 1113 6049 Gn.
1153 5989 1385 6058 CXXX.

2080 4700 2241 4770 ieque
2298 4703 2580 4762 defaecato.
2640 4704 2771 4788 item
2855 4713 3214 4769 concumbere
3284 4716 3432 4789 ipsos
3522 4736 3645 4777 cum

2072 4792 2389 4850 mulieribus
2432 4797 2483 4849 in
2517 4800 2769 4866 paradiso
2800 4816 2815 4853 ε
2846 4815 3073 4870 esseque
3100 4817 3449 4875 congressum
3504 4812 3649 4881 ipso-

2072 4897 2190 4937 rum
2224 4884 2677 4953 jucundissimum
2719 4893 2938 4949 omnino
2966 4904 3022 4949 et
3045 4896 3425 4970 suiiicientem,
3465 4915 3519 4961 et
3553 4909 3647 4978 qui

2069 4992 2343 5047 nunquam
2390 4980 2619 5038 dililuat.
2706 4983 2965 5044 Hebraeos
3018 5005 3147 5047 vero
3200 5000 3255 5048 et
3308 4994 3650 5056 Christianos

2068 5069 2215 5141 ligna
2253 5074 2565 5142 sempiterni
2614 5075 2751 5144 ignis
2791 5078 3047 5147 appellari
3089 5096 3103 5133 :
3140 5082 3515 5145 Samaritanos
3539 5108 3640 5147 au~
3706 5138 3724 5161 ,

2067 5175 2173 5221 tem
2200 5165 2502 5221 destinatos
2531 5182 2652 5225 esse
2688 5178 2746 5223 ut
2773 5180 2990 5231 stercus
3046 5175 3276 5233 eﬂ'erant
3310 5194 3500 5237 eorum
3549 5187 3643 5254 qui

2064 5258 2119 5313 in
2152 5257 2409 5328 paradiso
2436 5269 2624 5329 agunt,
2651 5276 2719 5315 ne
2742 5265 2985 5332 graviter
3011 5268 3155 5323 olent
3183 5273 3490 5338 paradisus.
3517 5272 3645 5332 Haec

2062 5349 2278 5419 quidem
2306 5350 2511 5414 omnia,
2539 5358 2595 5405 et
2622 5352 2846 5407 ridicula
2873 5356 3230 5428 undequaque
3267 5372 3321 5415 et
3349 5362 3525 5418 aliena
3574 5369 3642 5421 ab

2062 5442 2208 5497 omni
2239 5442 2677 5499 Christianorum
2719 5447 2987 5517 doctrina,
3032 5451 3270 5524 itemque
3318 5456 3549 5532 fabella,
3585 5475 3641 5518 et

2061 5539 2296 5594 absurda
2375 5540 2601 5596 minime
2675 5546 3055 5613 consistentia,
3110 5566 3220 5607 non
3297 5566 3459 5624 egent
3536 5562 3639 5616 ulla

2060 5627 2412 5695 refutatione,
2442 5640 2500 5685 ut
2531 5647 2649 5700 quae
2680 5649 2709 5686 a
2742 5634 2937 5706 seipsis
2985 5640 3389 5714 redarguantur
3414 5655 3480 5727 et.
3502 5665 3639 5705 con-

2062 5717 2374 5770 vincantur.

2129 5807 2219 5863 25.
2246 5809 2312 5864 Et
2344 5820 2400 5865 ut
2430 5812 2818 5873 intercluderet
2848 5823 3099 5881 omnibus
3119 5827 3256 5883 viam
3276 5830 3636 5900 investigandi

2057 5915 2153 5988 sua
2189 5903 2414 5973 placita,
2454 5914 2635 5962 utrum
2693 5909 2934 5987 scilicet,
2969 5930 3094 5974 vera
3156 5919 3285 5986 sint,
3337 5937 3404 5975 an
3456 5922 3593 5982 falsa
3621 5966 3637 5992 ,

3241 6013 3316 6076 43
