4132 6408
457 367 589 426 1355

1696 369 2080 429 EUTHYMII
2120 373 2479 434 ZIGADENI

3576 379 3713 440 i356

457 481 698 544 mandat,
742 480 847 534 hoc
880 480 1093 548 quidem
1135 489 1396 548 tempore,
1451 489 1708 549 tanquam
1764 483 2024 546 divinitus

2151 487 2226 539 νῦν
2281 490 2382 557 μὲν
2426 492 2501 553 ὡς
2553 491 2893 546 θεόπνευστα
2939 493 3194 562 δέχεσθαι
3250 491 3316 544 τὰ
3350 490 3479 561 παρ’
3543 490 3710 545 αὐτοῦ

457 575 738 643 inspirata,
767 588 862 627 sua
889 573 1136 642 amplecti
1159 573 1365 637 omnia,
1391 573 1868 641 investigationem
1895 589 2024 629 vero

458 667 670 719 illorum
702 677 756 719 et
798 665 1167 734 probationem
1200 665 1264 719 ad
1299 665 1440 719 diem
1499 680 1671 735 usque
1719 675 2020 721 extremum

459 759 648 826 judicii
681 755 999 812 universalis
1045 757 1446 812 reservandam.
1485 759 1636 813 Tunc
1684 758 1828 812 enim
1885 759 2026 829 quod

465 853 688 916 probum
751 849 1138 919 sincerumque
1187 854 1276 918 sit,
1315 853 1532 920 planum
1583 851 1720 908 fore.
1760 852 1838 907 Ne
1897 867 2026 906 vero

463 941 747 1011 quisquam
787 943 933 997 dicat
967 960 980 1000 :
1019 962 1037 994 ι
1084 938 1302 998 Postula
1331 960 1358 998 a
1391 945 1497 999 Deo
1535 946 1750 1016 signum
1809 945 2025 1014 aliquod

459 1033 527 1086 ad
559 1031 1026 1087 conﬁrmationem
1080 1043 1291 1088 tuorum
1344 1033 1689 1102 placitorum,
1735 1054 1754 1085 ι
1803 1035 2028 1089 simulat

461 1124 792 1191 petitionem,
822 1135 874 1178 et
908 1125 975 1178 ad
1008 1125 1170 1179 Deum
1202 1127 1280 1178 ait
1309 1142 1321 1178 :
1364 1145 1381 1176 ‹
1427 1124 1713 1182 Postulant
1750 1141 1778 1178 a
1835 1134 1887 1180 te
1926 1126 2025 1182 do-

461 1216 667 1270 mestici
715 1224 770 1269 et
825 1216 1103 1270 vernaculi
1169 1216 1416 1284 discipuli
1465 1219 1748 1286 scripturae
1791 1217 1866 1287 (id
1918 1229 2020 1281 est,

462 1309 551 1371 qui
602 1307 927 1376 scripturam
972 1309 1113 1362 illam
1146 1309 1402 1364 divinitus
1436 1310 1653 1364 missam
1688 1310 2025 1379 amplectun-

463 1398 570 1466 tur)
603 1409 662 1452 ut
693 1401 946 1455 demittas
979 1402 1044 1455 ad
1083 1414 1178 1456 eos
1215 1401 1540 1470 scripturam
1581 1417 1611 1456 e
1650 1401 1823 1464 caelis,
1874 1421 1890 1451 ι
1927 1405 2032 1455 sci-

463 1493 595 1546 licet
624 1494 946 1561 scripturam
979 1495 1290 1558 secundam,
1338 1509 1459 1564 qnm
1484 1501 1666 1548 certos
1702 1509 1797 1548 eos
1844 1496 2027 1548 reddat

464 1584 659 1650 placita
693 1600 722 1638 a
754 1600 841 1640 me
892 1586 1164 1654 proposita
1211 1597 1265 1640 et
1299 1587 1592 1640 constituta
1648 1599 1770 1640 esse
1811 1601 1937 1640 vera
1979 1595 2030 1640 et

468 1675 562 1731 tibi
597 1686 770 1744 grata.
805 1675 997 1731 Postea
1029 1677 1095 1732 de
1154 1675 1395 1731 Hebraeis
1430 1677 1700 1747 proponit,
1753 1677 1895 1744 quod
1955 1677 2030 1730 illi

471 1769 645 1838 majus
678 1769 953 1838 quippiam
983 1783 1012 1822 a
1046 1768 1198 1822 Mose
1238 1768 1510 1836 petierint,
1552 1769 1827 1824 dicentes:
1874 1788 1891 1821 ι
1930 1771 2033 1825 Os-

423 1902 426 1906 .
467 1863 623 1916 tende
663 1862 819 1916 nobis
875 1861 1042 1914 Deum
1077 1860 1384 1922 manifesto,
1438 1880 1455 1911 ι
1504 1871 1555 1915 et
1604 1865 1748 1930 quod
1781 1877 2033 1929 compre-
2066 1840 2110 1895 Β

473 1956 717 2010 henderit
775 1956 920 2025 ipsos
950 1953 1092 2008 Deus
1121 1954 1188 2008 ob
1242 1953 1564 2022 injustitiarn
1608 1969 1785 2018 suam,
1841 1955 1892 2008 id
1953 1965 2036 2008 est

471 2045 805 2099 sustulerite
835 2044 1034 2109 medio,
1061 2045 1129 2099 ob
1157 2044 1296 2099 haue
1349 2043 1641 2098 absurdam
1699 2055 1752 2100 et
1803 2045 2033 2114 ineptam

472 2138 784 2204 petitionem
820 2136 1083 2204 ipsorum.
1142 2134 1266 2190 Haec
1297 2135 1514 2205 quidem
1573 2136 1659 2190 ille
1708 2138 1934 2201 addidit,
1983 2147 2039 2191 ut

475 2239 705 2283 lm’l‘el'el
734 2226 1027 2295 discipulos
1053 2241 1200 2293 suos,
1233 2237 1288 2281 ut
1312 2228 1619 2293 prohiberet
1645 2227 1742 2298 (uti
1796 2228 2040 2282 declara-

476 2335 586 2372 tum
615 2321 719 2390 est)
752 2319 1028 2386 inquirere
1073 2320 1560 2376 demonstrationes
1617 2321 1866 2376 veritatis
1903 2339 1918 2386 ;
1972 2336 2039 2376 ne

476 2413 681 2468 scilicet
732 2410 928 2467 similia
958 2411 1089 2480 ipsis
1120 2411 1451 2466 acciderent.
1485 2412 1654 2468 Judaei
1691 2425 1869 2468 tamen
1923 2430 2039 2467 ma-

472 2505 555 2572 gis
589 2504 861 2572 deprecati
885 2511 1028 2567 sunt,
1098 2517 1162 2557 ne
1195 2502 1334 2558 Deus
1379 2504 1691 2572 loqueretur
1749 2507 1813 2559 ad
1869 2507 2038 2576 ipsos,

475 2605 530 2650 et
551 2596 774 2666 gloriam
813 2596 928 2660 Dei,
963 2609 1081 2663 quae
1110 2595 1241 2663 ipsis
1271 2595 1324 2648 in
1361 2605 1544 2650 monte
1593 2596 1722 2651 Sina
1777 2613 2042 2667 apparue-

473 2698 577 2756 rat,
614 2687 924 2744 horribilem
954 2687 1414 2744 existimaruntet
1459 2689 1852 2745 intolerabilem
1886 2710 1897 2744 :
1943 2690 2043 2743 fal-

473 2795 704 2848 sumque
733 2789 818 2834 est
859 2781 1169 2848 exemplum
1230 2777 1578 2836 Hebrazorutn
1633 2783 1723 2851 qui
1769 2797 1834 2836 eo
1889 2785 2044 2838 modo

471 2869 760 2938 perierint.

547 2963 812 3020 Praeterea
887 2978 1118 3023 conatur
1175 2972 1472 3026 conciliare
1524 2970 1624 3026 sibi
1655 2969 1901 3025 veritatis
1926 2979 2043 3024 stu-

477 3057 647 3120 dium,
682 3069 736 3112 et
772 3059 874 3112 ﬁde
919 3061 1133 3132 dignam
1194 3066 1582 3119 auctoritatem
1657 3065 1874 3134 placitis
1933 3065 2046 3120 suis

2129 580 2308 634 πάντα
2340 596 2357 610 ⁸
2387 583 2756 653 παραπέμψαι
2812 584 2867 637 δὲ
2898 583 2996 654 τὴν
3031 585 3262 638 “τούτων
3333 585 3562 652 ἔρευναν
3616 583 3713 637 καὶ

2127 671 2450 739 δοκιμασίαν
2479 674 2561 736 είς
2591 674 2690 740 τὴν
2709 674 3031 729 τελευταίαν
3061 677 3278 744 ἡμέραν
3310 674 3410 738 τῆς
3501 690 3712 740 παγκο-

2132 763 2293 827 σμίου
2323 763 2564 830 κρίσεως
2593 780 2608 795 ⁸
2640 766 2763 818 τότε
2789 765 2899 837 γάρ
2927 765 3165 834 φανῆναι
3208 765 3268 818 τὺ
3296 765 3513 826 πάντως
3557 765 3708 817 δόκι-

2133 870 2250 920 μον.
2287 855 2406 909 Ἵνα
2433 855 2488 909 δέ
2525 858 2601 926 μή
2623 873 2708 921 τις
2743 859 2893 929 εἴπῃ,
2928 876 2948 910 ‹
2987 857 3222 927 Δῖτησαι
3257 857 3411 926 παρὰ
3445 857 3540 909 τοῦ
3563 855 3704 908 Θεοῦ

2133 947 2357 1014 σημεῖον
2393 949 2472 1010 είς
2505 949 2771 1003 πίστωσιν
2824 949 2937 1002 τῶν
2977 949 3130 1016 παρὰ
3183 949 3280 1002 σοῦ
3310 949 3714 1017 δογματιζομέ-

2131 1053 2258 1099 νων,
2294 1057 2310 1088 ι
2348 1038 2704 1108 ὑποκρίνεται
2732 1041 2829 1110 τὴν
2854 1040 3090 1111 αἴτησιν,
3155 1039 3251 1092 καί
3298 1056 3432 1108 φησι
3460 1039 3594 1107 πρὸς
3621 1039 3712 1090 τὸν

2130 1127 2264 1180 Θεόν
2286 1141 2300 1157 °
2346 1146 2365 1179 ι
2407 1129 2694 1182 Αίτοῦνταί
2724 1147 2782 1182 σε
2817 1131 2867 1183 οἱ
2895 1131 3089 1184 οίκεῖοι
3121 1130 3221 1199 τῆς
3248 1130 3466 1197 γραφῆς
3505 1129 3714 1199 (τουτέ-

2134 1237 2250 1273 στιν
2278 1222 2326 1272 oi
2361 1220 2460 1289 τὴν
2503 1219 2852 1289 θεόπεμπτον
2886 1239 2980 1275 σου
3013 1221 3235 1291 γραφὴν
3262 1221 3574 1290 δεξάμενοι)
3613 1221 3711 1273 τοῦ

2133 1312 2459 1378 κατενέγκαι
2485 1313 2671 1365 ἐπάνω
2699 1312 2880 1366 αὐτῶν
2909 1312 3131 1382 γραφὴν
3159 1315 3224 1364 ἐκ
3250 1310 3342 1364 τοῦ
3370 1311 3603 1381 οὐρανοῦ
3626 1327 3642 1343 ο
3686 1329 3706 1362 ι

2132 1403 2349 1474 γραφὴν
2379 1404 2638 1475 δευτέραν
2656 1404 2924 1474 δηλονότι,
2952 1402 3410 1476 πληροφοροῦσαν
3443 1403 3574 1471 περὶ
3599 1402 3711 1454 τῶν

2133 1496 2266 1565 παρ’
2319 1497 2483 1551 αὑτοῦ
2523 1497 3038 1566 δογματιζομένων,
3069 1496 3154 1549 ὅτι
3185 1495 3362 1565 ἀληθῆ
3399 1498 3493 1548 καὶ
3519 1496 3715 1566 εὐάρε-

2136 1604 2255 1641 στα.
2294 1584 2424 1640 Εἶτα
2490 1588 2883 1658 προσεκτίθησι
2929 1589 3058 1657 περὶ
3111 1587 3220 1640 τῶν
3289 1587 3586 1656 Ἐϐραίων,
3628 1588 3713 1639 ὅτι

2134 1680 2405 1751 ᾐτήσαντο
2461 1681 2552 1734 τὸν
2614 1681 2821 1751 Μωσῆν
2885 1679 3116 1749 μείζονα
3155 1679 3372 1742 τούτου,
3413 1680 3510 1732 καὶ
3536 1676 3711 1740 εἷπον,

2148 1791 2166 1823 ι
2204 1773 2389 1836 Δεῖξον
2411 1776 2542 1843 ἡμῖν
2577 1775 2669 1828 τὸν
2704 1775 2836 1828 Θεδν
2870 1773 3117 1844 φανερῶς
3145 1791 3159 1805 ·
3200 1793 3218 1825 ι
3266 1774 3361 1826 καὶ
3397 1773 3587 1827 έλαεεν
3618 1773 3715 1824 αύ-

2139 1862 2265 1924 τοὺς
2292 1863 2352 1914 τὺ
2398 1865 2553 1916 Θεῖον
2586 1864 2672 1916 διὰ
2734 1865 2831 1933 τῆς
2879 1864 3090 1928 ἀδικίας
3142 1865 3324 1916 αὐτῶν
3358 1879 3371 1892 ·
3403 1863 3718 1926 τουτέστιν,

2139 1954 2349 2006 ἀνεῖλεν
2413 1956 2611 2018 αὐτοὺς
2649 1956 2736 2009 διὰ
2765 1956 2864 2027 τὴν
2925 1957 3237 2026 παράλογον
3263 1957 3471 2021 ταύτην
3496 1955 3719 2022 αἴτησιν

2140 2046 2338 2099 αὐτῶν.
2377 2047 2565 2101 Ταῦτα
2599 2047 2655 2100 δέ
2686 2047 3052 2118 προσέθηκεν,
3084 2047 3336 2116 ἐκφοϐῶν
3358 2047 3485 2108 τοὺς
3537 2045 3712 2114 μαθη-

2139 2139 2238 2200 τάς
2266 2137 2454 2201 αὐτοῦ,
2493 2139 2589 2190 καὶ
2635 2138 2860 2192 κωλύων
2908 2139 3006 2207 (ὡς
3029 2137 3343 2208 δεδήλωται)
3402 2137 3587 2207 ζητεῖν
3620 2135 3715 2189 αύ-

2140 2231 2266 2294 τοὺς
2303 2231 2606 2297 ἀποδείξεις
2660 2233 2760 2303 τῆς
2783 2233 3064 2302 ἀληθείας,
3091 2233 3176 2285 ἵνα
3206 2233 3281 2302 μὴ
3321 2235 3389 2286 τὰ
3417 2233 3581 2300 ὃμοια
3603 2233 3714 2285 πά-

2142 2325 2295 2378 θωσι.
2355 2326 2544 2378 Καίτοι
2577 2326 2965 2395 παρῃτήσαντο
3009 2327 3207 2395 μᾶλλον
3259 2326 3309 2378 οἱ
3375 2324 3622 2378 Ἰουδαῖοι
3655 2325 3716 2375 τδ

2144 2416 2328 2470 λαλεῖν
2375 2418 2511 2487 πρὸς
2558 2419 2760 2480 αὐτοὺς
2812 2418 2903 2470 τὸν
2943 2417 3076 2471 Θεόν
3107 2435 3119 2446 ·
3181 2417 3278 2470 καὶ
3319 2417 3419 2488 τὴν
3469 2415 3563 2469 ἐπὶ
3619 2414 3714 2466 τοῦ

2144 2510 2302 2578 ὅρους
2332 2510 2591 2578 ὀφθεῖσαν
2623 2507 2714 2563 τοῦ
2745 2509 2881 2563 Θεοῦ
2938 2510 3099 2574 δόξαν
3138 2511 3406 2580 φορτικὴν
3443 2511 3720 2580 ἡγήσαντο

2145 2603 2238 2653 καὶ
2277 2602 2649 2655 ἀνυπόστατον
2679 2618 2692 2633 ο
2731 2602 2824 2656 καὶ
2856 2603 3050 2671 ψευδὲς
3099 2601 3232 2656 αὐτὸ
3270 2601 3330 2655 τὸ
3359 2601 3717 2672 παράδειγμα

2144 2692 2254 2744 τῶν
2283 2693 2456 2756 οὕτως
2488 2692 2873 2748 ἀποθανόντων
2913 2691 3203 2764 Ἐϐραίων.

2221 2987 2339 3039 Ἔτι
2373 2985 2823 3055 περιποιούμενος
2859 2986 3038 3053 ἐαυτῷ
3067 2981 3322 3052 ἀλήθειαν
3372 2979 3466 3033 καὶ
3507 2977 3717 3044 ἀξιοπι-

2151 3080 2301 3131 στίαν
2327 3078 2418 3130 ἐπὶ
2469 3079 2580 3140 τοῖς
2631 3075 3135 3146 δογματιζομένοις,
3198 3073 3410 3140 εἰσάγει
3442 3069 3717 3138 πρόσωπά

479 3160 747 3214 astruere,
800 3153 925 3206 dum
963 3153 1013 3208 in
1052 3155 1286 3210 medium
1312 3157 1531 3212 adducit
1554 3171 1816 3226 personas
1883 3171 2044 3224 quas-

2151 3191 2271 3226 τινα
2335 3172 2501 3224 πᾶσιν
2558 3170 2923 3238 ἀδιάγνωστα,
2987 3173 3065 3231 είς
3148 3169 3416 3236 κήρυγμα
3465 3164 3572 3234 πρὸ
3628 3163 3722 3216 τοῦ

478 3243 601 3297 dam
627 3244 871 3300 diﬂiciles
903 3250 1145 3318 cognitu,
1177 3264 1298 3318 qua!
1328 3260 1453 3304 ante
1481 3249 1593 3304 Noe
1627 3253 1690 3303 ad
1738 3250 2044 3317 praedican-

479 3337 607 3390 dum
641 3339 910 3403 venerint,
934 3349 988 3392 et
1014 3339 1063 3393 in
1087 3341 1282 3409 quibus
1307 3343 1522 3410 quidem
1546 3343 1678 3409 ipsis
1712 3341 1843 3392 lides
1867 3339 2047 3393 habita
2083 3387 2086 3390 .

483 3429 669 3491 fuerit,
712 3429 1140 3486 benedictionem
1180 3447 1427 3502 magnam
1476 3442 1754 3486 assecutus
1797 3445 1920 3485 esse
1954 3430 2050 3484 ho-

482 3522 689 3590 mines;
752 3526 802 3575 in
869 3522 1063 3591 quibus
1117 3537 1244 3580 vero
1300 3525 1430 3580 ﬁdes
1459 3527 1709 3595 derogata
1753 3525 1843 3590 sit,
1883 3523 2050 3578 male-

480 3615 771 3671 dictionem
789 3631 1054 3672 summam
1073 3617 1329 3672 sensisse.
1351 3619 1478 3673 Post
1495 3616 1602 3672 Noe
1621 3632 1747 3671 vero
1761 3617 2051 3672 introducit

481 3705 678 3762 Tzaled
706 3707 993 3778 quemdam
1022 3709 1364 3779 pmphetam,
1388 3708 1607 3763 fratrem
1635 3708 1896 3766 Thamodi
1919 3750 1932 3773 ,
1958 3709 2049 3777 qui

485 3815 657 3867 neque
703 3816 936 3871 unquam
966 3801 1086 3866 fuit,
1123 3815 1299 3870 neque
1339 3800 1406 3854 ab
1435 3803 1543 3856 ullo
1587 3801 1688 3856 alio
1741 3802 2053 3856 nominatus

483 3903 607 3957 est;
642 3895 767 3947 item
809 3903 864 3948 et
895 3892 1140 3963 Saipum,
1175 3893 1424 3948 similiter
1459 3894 1698 3962 ignotum
1724 3905 1778 3948 ct
1812 3893 1969 3958 Mosi,
2001 3903 2055 3947 et

482 3988 735 4042 omnibus
765 3987 888 4040 aliis
919 3985 1214 4042 historicis.
1246 3985 1424 4053 Atque
1464 3986 1561 4040 hos
1605 3986 1820 4053 quidem
1866 4000 2054 4039 omnes

485 4085 809 4153 praedicasse
843 4083 993 4146 dicit,
1019 4083 1351 4150 eosdemque
1374 4078 1476 4134 illis
1500 4082 1590 4149 qui
1615 4079 1772 4134 tidem
1801 4080 1936 4148 ipsis
1961 4080 2057 4132 ha-

488 4177 726 4241 buerint,
755 4175 920 4229 Deum
963 4174 1255 4244 propitium
1285 4173 1580 4240 praebuisse
1609 4189 1623 4227 :
1651 4173 1741 4228 ubi
1769 4185 1896 4224 vero
1926 4171 2056 4225 ﬁdes

488 4270 596 4322 illis
617 4273 830 4336 penitus
851 4270 1030 4324 habita
1052 4284 1158 4323 non
1186 4268 1306 4331 fuit,
1323 4282 1415 4323 eas
1431 4275 1620 4338 gentes
1640 4264 2054 4319 fuisseeversas.

558 4360 648 4414 24.
673 4360 935 4429 Deinceps
955 4362 1021 4414 de
1053 4360 1232 4431 seipso
1269 4357 1556 4414 addittalia
1585 4375 1598 4410 :
1629 4376 1646 4407 ι
1671 4355 1759 4411 Va:
1776 4357 2053 4411 homines!

493 4471 591 4526 ego
623 4469 740 4508 sum
768 4453 857 4507 Dei
884 4453 1180 4522 apostolus.
1215 4471 1231 4504 ι
1286 4450 1362 4505 Ex
1425 4451 1640 4520 placitis
1669 4451 1774 4504 tuis
1837 4451 2056 4518 planum

2151 3261 2275 3315 Νῶε
2333 3261 2556 3314 ἐλθόντα
2591 3277 2603 3290 ·
2638 3263 2732 3312 καὶ
2769 3263 2825 3312 ἐν
2850 3253 2931 3322 οἷς
2967 3261 3063 3326 μὶν
3099 3255 3526 3326 ἐπιστεύθησαν,
3561 3255 3714 3309 θείαν

2153 3351 2404 3420 εὐλογίαν
2470 3351 2894 3420 προεξενηκότα,
2972 3352 3029 3402 ἐν
3089 3345 3169 3412 οἷς
3211 3349 3268 3401 δέ
3321 3346 3723 3418 ἠπιστήθησαν,

2153 3447 2399 3516 κατάραν
2434 3447 2723 3514 μεγίστην.
2760 3444 2914 3498 Μετὰ
2947 3445 3128 3514 μέντοι
3149 3444 3239 3497 τὸν
3273 3443 3397 3497 Νῶε
3447 3442 3726 3509 ἐπεισάγει

2155 3538 2360 3602 Τζάλεδ
2420 3538 2541 3589 τινὰ
2567 3537 2878 3605 προφήτην,
2941 3534 3169 3603 ἀδελφὺν
3212 3531 3436 3603 Θαμὼδ,
3481 3532 3572 3583 τὸν
3601 3529 3728 3582 οὔτε

2155 3633 2440 3698 γεγονότα,
2511 3628 2634 3681 οὒτε
2693 3627 2823 3695 παρ’
2881 3627 3040 3680 ἄλλου
3103 3624 3514 3695 ὀνομασθέντα·
3563 3621 3730 3675 ἔτιδέ

2157 3722 2252 3774 καὶ
2302 3722 2527 3781 Σάῖπον,
2581 3721 2785 3788 ὁμοίως
2842 3720 3121 3787 ἄγνωστον
3151 3717 3246 3769 καὶ
3300 3716 3378 3784 τῷ
3409 3715 3731 3785 Μωσῇ,καὶ

2157 3815 2292 3866 πᾶσι
2324 3813 2432 3874 τοῖς
2452 3812 2631 3874 ἄλλοις
2665 3811 2960 3880 ἱστορικοῖς
2991 3824 3005 3839 ·
3042 3808 3135 3871 οὓς
3193 3807 3346 3876 λέγει
3379 3805 3730 3876 κηρύξαντας

2158 3907 2289 3976 παρ’
2310 3901 2391 3971 οἷς
2429 3907 2525 3975 μὲν
2547 3903 2968 3971 ἐπιστεύθησαν,
3029 3901 3121 3954 τὸν
3150 3900 3283 3955 Θεὸν
3313 3901 3497 3963 αὐτοῖς
3523 3899 3731 3969 εὐμενῆ

2161 3999 2592 4068 παρεσχηκέναι,
2620 3995 2751 4063 παρ’
2785 3989 2864 4056 οἷς
2891 3993 2947 4045 δὲ
2978 3991 3383 4063 ἠπιστήθησαν,
3424 4005 3734 4060 καταστρο⁶

2160 4088 2267 4158 φὴν
2298 4089 2478 4148 αὐτοῖς
2504 4085 2780 4153 γενέσθαι.

2236 4354 2335 4408 κδ’.
2380 4347 2512 4406 Εἶτα
2545 4306 2876 4421 Ξπροστίθησι
2909 4349 3042 4419 περὶ
3072 4348 3268 4404 ἑαυτοῦ
3305 4347 3515 4403 τοιάδεο
3551 4364 3570 4397 ι
3597 4346 3732 4399 Οὐαὶ

2165 4447 2441 4517 ἄνθρωποι
2471 4447 2483 4496 ι
2509 4442 2620 4510 ἐγὼ
2647 4441 2941 4504 ἀπόστολός
2964 4441 3081 4510 εἰμι
3100 4440 3192 4493 τοῦ
3227 4439 3386 4493 Θεοῦ.
3418 4457 3436 4490 ι
3470 4437 3738 4501 Ἔδειξας,

494 4550 573 4613 iit,
623 4547 775 4617 cujus
824 4546 998 4614 dei,_o
1038 4545 1337 4614 impostor,
1393 4544 1470 4600 sis
1525 4545 1826 4612 apostolus,
1898 4542 2047 4607 falso1

2169 4539 2263 4608 ἀφ’
2299 4533 2373 4593 ὧν
2396 4535 2768 4604 δογματίζεις,
2797 4528 2842 4587 ὦ
2874 4533 3067 4596 πλάνε,
3099 4533 3257 4584 ποίου
3307 4531 3432 4584 θεοῦ
3476 4529 3742 4598 ὑπάρχεις

495 4642 740 4709 inquam,
772 4640 849 4692 sic
885 4637 1169 4706 appellati,
1219 4648 1411 4706 nempe
1453 4634 1704 4697 Satanae;
1753 4634 1878 4689 huic
1911 4649 2060 4687 nam-

495 4746 599 4801 que
628 4740 778 4798 grata
805 4738 858 4784 et
880 4729 1052 4782 amica
1097 4728 1280 4792 doces,
1312 4737 1366 4780 at
1388 4725 1607 4798 inimica
1640 4739 1766 4780 vero
1793 4735 1845 4779 et
1869 4738 2061 4792 magno

497 4825 626 4877 Deo.

568 4921 799 4975 Rursum
839 4921 982 4975 velut
1008 4935 1072 4974 ex
1112 4931 1341 4988 persona
1388 4916 1478 4970 Dei
1512 4914 1642 4969 dicit
1679 4931 1690 4964 :
1728 4917 1770 4963 1(
1824 4911 2065 4965 Misimus

500 5025 551 5068 te
590 5015 654 5067 ad
696 5011 930 5077 gentem,
967 5023 1025 5065 ut
1063 5027 1123 5066 ea
1154 5025 1272 5080 quae
1305 5009 1396 5063 tibi
1441 5006 1675 5062 revelata
1705 5013 1759 5059 et
1797 5001 2063 5072 patefacta

450 5097 458 5194 ς
498 5115 645 5172 sunt,
676 5105 850 5160 eidem
888 5104 1110 5173 prazsint
1139 5115 1193 5158 et
1237 5104 1525 5170 imperent,
1558 5117 1576 5150 ι
1622 5098 1675 5152 id
1703 5104 1809 5158 est,
1857 5102 1916 5148 ut
1975 5092 2062 5144 illa

502 5199 738 5267 subjecta
788 5197 856 5252 sit
904 5195 970 5250 iis
1031 5209 1150 5264 quae
1199 5194 1292 5248 tibi
1360 5192 1596 5246 revelata
1655 5195 1781 5243 sunt
1829 5185 2062 5253 placitis.

500 5295 671 5360 Atque
711 5292 812 5345 hoc
861 5288 1076 5359 quidem
1115 5286 1235 5340 ideo
1278 5283 1451 5347 dixit,
1499 5289 1557 5334 ut
1595 5277 1973 5333 auctoritatem
2013 5284 2066 5329 et

503 5384 661 5435 tidem
721 5381 824 5436 sibi
879 5385 1244 5451 compararet,
1301 5372 1754 5445 quemadmodum
1825 5381 2069 5439 saepenu-

507 5491 659 5530 mero
698 5475 982 5530 consuevit
1044 5473 1244 5526 facere.
1305 5467 1371 5520 Et
1418 5467 1614 5521 iterum
1664 5462 1855 5516 addit:
1898 5478 1915 5512 ι
1968 5459 2068 5526 Qui

499 5563 814 5635 religionem
854 5573 1098 5620 nostram
1143 5559 1469 5630 improbant,
1506 5557 1658 5612 aiunt
1684 5567 1770 5607 me
1807 5567 1920 5607 non
1949 5566 2070 5607 esse

506 5657 808 5727 apostolum
856 5673 871 5710 :
922 5655 1061 5710 Deus
1093 5651 1222 5707 mihi
1277 5648 1523 5712 suﬂiciat,
1557 5645 1645 5700 hic
1681 5645 1824 5700 inter
1879 5657 1968 5696 me
2018 5651 2071 5694 et

505 5765 598 5804 vos
625 5751 799 5806 testis.
844 5767 863 5801 ι
898 5747 1051 5813 Quod
1104 5753 1282 5798 autem
1336 5741 1512 5796 dicit:
1556 5758 1575 5791 ι
1642 5738 1881 5794 Suﬂiciat
1936 5734 2070 5792 mihi

509 5843 676 5908 Deus,
699 5858 716 5892 ι
754 5841 898 5896 idem
934 5848 1015 5895 est
1047 5851 1108 5891 ac
1131 5835 1176 5890 si
1199 5833 1421 5890 dixisset
1447 5848 1461 5886 :
1497 5831 1737 5890 Sufﬁciet
1767 5832 1894 5887 mihi
1924 5833 2065 5886 Deus

2174 4630 2494 4693 ἀπόστολος,
2511 4629 2592 4680 ὅτι
2609 4625 2701 4678 τοῦ
2718 4623 3079 4693 ψευδωνύμου
3096 4662 3112 4688 ,
3136 4623 3280 4691 φημὶ
3299 4620 3362 4690 δὴ
3394 4620 3487 4672 τοῦ
3509 4618 3739 4671 Σατανᾶ.

2176 4722 2364 4791 Τούτῳ
2397 4721 2495 4792 μὲν
2521 4721 2628 4788 γὰρ
2663 4717 2794 4786 φίλα
2817 4716 3116 4779 διδάσκεις,
3144 4713 3320 4785 ἐχθρά
3349 4713 3404 4766 δέ
3438 4711 3516 4781 τῷ
3549 4708 3745 4778 ἀληθεῖ

2173 4815 2267 4867 καὶ
2301 4813 2520 4880 μεγάλῳ
2543 4812 2683 4880 Θεῷ.

2248 4903 2409 4970 Λέγει
2435 4903 2594 4955 πάλιν
2628 4901 2702 4964 ὡς
2728 4904 2792 4954 ἐκ
2822 4898 3117 4971 προσώπου
3170 4893 3262 4947 τοῦ
3291 4891 3427 4946 Θεοῦ
3465 4892 3595 4960 περὶ
3620 4895 3748 4943 ἐαυ-

2172 4995 2267 5050 τοῦ
2295 5011 2308 5026 ο
2350 5014 2368 5045 ‹
2413 4994 2842 5064 Ἀπεστείλαμέν
2869 5009 2928 5046 σε
2951 4991 3088 5058 πρὸς
3119 4988 3299 5049 ἔθνος,
3330 4985 3426 5038 τοῦ
3452 4985 3748 5053 τυγχάνειν

2173 5090 2358 5143 ἐπάνω
2386 5088 2564 5142 αὐτῶν
2584 5089 2654 5141 τὰ
2685 5083 3111 5158 δηλοποιηθέντα
3140 5080 3278 5150 πρὸς
3315 5077 3397 5142 σέ,
3445 5095 3463 5129 ι
3501 5074 3748 5129 τουτέστι

2175 5181 2267 5234 τοῦ
2324 5179 2648 5235 ὑποκεῖσθαι
2696 5176 2894 5238 αὐτοὺς
2965 5175 3089 5235 τοῖςτ
3143 5167 3574 5240 δηλοποιηθεῖσι.
3635 5165 3746 5218 Καὶ

2173 5273 2330 5327 τοῦτο
2361 5272 2418 5325 δὲ
2442 5273 2686 5340 εἴρηκεν,
2720 5266 3036 5333 ἀξιόπιστον
3064 5261 3257 5316 ἐαυτὸν
3274 5260 3467 5325 ποιῶν,
3487 5257 3562 5319 ὡς
3592 5255 3750 5309 εἴωθε

2176 5364 2436 5426 πολλάκις
2471 5364 2669 5415 ποιεῖν.
2737 5358 2846 5412 Καὶ
2878 5355 3032 5418 αὖθις
3082 5351 3406 5424 προστίθησι
3437 5364 3451 5379 ⁸
3495 5367 3514 5400 ι
3548 5348 3745 5408 Λέγουο

2180 5478 2264 5515 σιν
2303 5458 2353 5512 οἱ
2383 5456 2730 5526 ἀρνούμενοι,
2765 5453 2846 5505 ὅτι
2869 5449 2969 5504 οῦκ
2996 5451 3114 5519 εἰμι
3149 5445 3478 5507 ἀπόστολος.
3576 5442 3752 5513 Apre-

2182 5553 2285 5622 σθῇ
2325 5549 2472 5620 μοιό
2537 5545 2670 5608 Θεός
2701 5555 2717 5573 ⁸
2766 5537 2919 5604 οὗτος
2978 5541 3188 5610 μάρτυς
3219 5536 3423 5609 μεταξὺ
3466 5532 3602 5603 ἐμοῦ
3656 5531 3754 5622 καὶ

2181 5620 2359 5714 ὑμῶν.
2397 5661 2415 5692 ι
2473 5639 2546 5692 Ta
2574 5638 2651 5700 δὲ,
2689 5654 2707 5688 ι
2741 5632 3014 5704 Ἀρκεσθῇ
3058 5631 3199 5701 μοιὸ
3224 5629 3384 5694 Θεὸς,
3427 5644 3446 5678 ι
3479 5624 3602 5678 ἀντὶ
3630 5620 3752 5714 τοῦ,

2189 5711 2438 5801 ’Ᾰρκέσει
2477 5745 2566 5798 μοι
2600 5728 2681 5788 είς
2731 5723 3040 5796 μαρτυρίαν
3085 5721 3115 5771 ὁ
3146 5720 3280 5783 Θεός
3312 5734 3328 5749 °
3357 5717 3416 5780 ὃς
3449 5717 3568 5769 ἐστι
3611 5711 3754 5782 μάρ-

2178 5841 2272 5887 τυς
2308 5819 2442 5890 ἐμοῦ
2479 5819 2597 5890 μὲν,
2628 5817 2708 5870 ὅτι
2747 5815 2866 5886 εἰμὶ
2905 5811 3208 5875 ἀπόστολος
3254 5805 3442 5874 αὑτοῦ,
3477 5804 3633 5872 ὑμῶν
3667 5802 3755 5866 δὲ,
