4132 6404
430 335 562 397 ηπ

1318 333 1697 396 PANOPLIA
1738 334 2201 398 DOGMATICA.
2225 364 2297 376 —
2334 340 2484 401 TIT.
2527 342 2809 404 XXVIII.

3562 348 3699 407 1358

422 451 505 507 ὅτι
548 450 830 505 ἀπιστεῖτέ
863 468 976 519 μοι.
1011 449 1145 503 Θεὸν
1191 449 1291 519 μὲν
1317 446 1410 502 οῦν
1443 448 1807 518 προϐάλλεται
1872 450 2015 520 μάρ-

2132 456 2173 506 ξιι
2204 452 2599 522 testimonium,
2621 456 2713 526 qui
2733 455 2889 511 testis
2912 464 2996 511 est
3019 456 3150 511 mibl
3174 456 3412 527 quidem,
3435 460 3576 527 quod
3594 461 3696 514 sim

423 562 486 597 τυ
497 563 562 613 ρα
598 545 696 614 τῆς
727 542 1035 613 ἀποστολῆς
1065 541 1254 607 αὐτοῦ,
1280 541 1434 594 οὐδὲν
1457 541 1515 595 δὲ
1539 539 1677 594 Θεοῦ
1713 542 1865 606 ἀξιον
1893 543 2016 594 ἐπι-

425 638 653 707 φέρεται
681 654 696 670 ο
734 638 823 690 ναὶ
884 636 991 706 μὴν
1045 634 1171 687 οὔτε
1232 633 1537 687 ἀποστόλου
1598 632 1890 702 σύμϐολον,
1953 633 2015 683 ού

427 728 898 799 θαυματουργίαν,
963 728 1024 779 οὺ
1056 727 1404 797 προφητείαν
1456 726 1744 795 ἀληθινὴν,
1796 725 1856 777 ού
1900 724 2014 794 βίον

426 824 825 893 ἐξησκημένον,
855 822 979 875 ούδέ
1012 821 1204 885 ἀπλῶς
1230 821 1435 889 γνῶσιν
1474 838 1487 851 ’
1560 821 1678 875 ἀλλ’
1722 819 2014 872 ἀναποδεί-

426 932 601 977 κτως,
638 932 656 965 ι
696 915 830 977 Θεός
862 932 951 983 μοι
981 914 1212 984 μάρτυς,
1253 932 1271 965 ι
1302 914 1489 983 φησίν.

2118 545 2437 613 apostolus;
2475 546 2629 602 vobis
2655 562 2808 613 vero,
2838 550 2981 618 quod
3014 550 3148 605 mihi
3186 548 3347 605 ﬁdem
3378 564 3485 605 non
3530 552 3698 606 babe-

2120 635 2209 689 tis.
2263 636 2354 690 Sic
2438 637 2606 691 Deum
2664 638 2755 693 ille
2805 641 3109 697 obtestatur
3152 641 3301 696 velut
3345 651 3537 697 testem
3614 644 3696 695 sui

2116 726 2504 794 apostolatus;
2561 744 2664 784 nec
2721 738 2903 786 tamen
2955 732 3254 801 quidquam
3322 732 3435 788 Deo
3479 722 3697 803 dignum

2117 816 2314 882 adfert,
2348 820 2439 885 qui
2495 821 2695 875 nullam
2725 836 2939 892 quoque
2974 825 3204 893 apostoli
3275 833 3539 880 tesseram
3580 825 3695 878 sive

2118 908 2444 979 symbolum,
2482 926 2655 981 neque
2694 915 3032 983 prophetiam
3076 932 3283 980 veram,
3321 933 3492 988 neque
3528 917 3698 971 mira»

426 1008 575 1076 cula,
612 1021 784 1074 neque
812 1008 976 1061 vitam
1005 1009 1489 1064 exercitationibus
1526 1011 1731 1063 sanctis
1763 1005 2053 1065 excultam,
2078 1019 2255 1074 neque
2276 1005 2436 1060 aliam
2469 1008 2551 1078 (ut
2584 1008 2903 1077 simpliciter
2940 1010 3141 1081 dicam)
3177 1012 3546 1080 cognitionem
3567 1026 3698 1080 pro-

428 1101 533 1157 fert
577 1118 591 1153 :
627 1102 719 1154 sed
748 1103 957 1169 absque
1014 1102 1161 1156 omni
1203 1102 1524 1171 probatione
1552 1112 1606 1154 et
1657 1098 2120 1155 demonstratione
2166 1116 2177 1149 :
2221 1118 2238 1148 ι
2292 1099 2433 1153 Deus
2496 1099 2627 1154 mihi
2680 1101 2833 1155 testis
2861 1112 2965 1167 est,
3005 1120 3023 1154 ι
3063 1103 3258 1174 inquit.

498 1214 601 1269 κε’.
632 1216 743 1267 Καὶ
776 1214 941 1269 πάλιν
970 1214 1027 1268 ἐν
1056 1214 1230 1285 ἑτέρῳ
1248 1215 1395 1285 λόγῳ
1415 1214 1543 1269 τάδε
1586 1212 1870 1277 διέξεισιν,
1925 1213 2009 1264 ὅτι

433 1325 452 1359 ι
478 1307 703 1369 Πάντως
727 1306 911 1375 ἐροῦσί
932 1323 1046 1376 μοι,
1066 1308 1149 1359 ὅτι
1166 1308 1629 1377 Δαιμονιζόμενος
1651 1302 1722 1367 εἴ,
1749 1305 1926 1371 λέγων
1947 1305 2009 1355 ἐκ

428 1398 564 1450 Θεοῦ
597 1397 858 1463 δέξασθαι
898 1399 1095 1454 ταῦτα.
1138 1400 1200 1450 Εἰ
1233 1399 1343 1469 γὰρ
1369 1395 1511 1472 ἦσαν
1540 1397 1742 1467 ἀληθῆ,
1777 1396 2010 1463 ἄγγελος

427 1489 492 1542 ἂν
521 1490 906 1558 κατήγγειλεν.
946 1489 1188 1550 »Αίτίας
1260 1490 1319 1542 δὲ
1385 1488 1573 1557 τίθησι
1632 1488 1727 1541 τοῦ
1802 1486 2010 1555 μηδένα

427 1580 737 1648 καταϐῆναι
787 1579 1041 1647 ἄγγελον,
1101 1579 1196 1631 καί
1255 1595 1445 1647 φησιν,
1513 1581 1598 1632 ὃτι
1640 1595 1659 1628 ι
1697 1575 1817 1629 Είσί
1866 1591 2012 1635 τινες

409 1651 493 1752 ξδιν
527 1671 619 1734 οὓς
680 1670 841 1725 τοῦτο
899 1671 1216 1725 κωλύεται’
1280 1673 1373 1723 καὶ
1426 1672 1530 1734 ὅτι,
1586 1671 1695 1723 τῶν
1760 1668 2013 1735 ἀγγέλων

404 1754 829 1825 1κατελθόντων,
861 1763 923 1815 τὸ
955 1763 1078 1816 ὂλον
1111 1763 1384 1832 ῆνυσται⁹
1428 1762 1525 1816 λαὶ
1571 1761 1655 1824 τίς
1704 1761 1866 1831 χάρις
1900 1761 2013 1821 τοῖς

428 1855 743 1925 ἀνθρώποις
770 1873 782 1921 ;
810 1872 828 1907 >
876 1854 1044 1908 Ἀλλά
1062 1856 1170 1922 μὴν
1194 1855 1471 1924 πρόφασις
1485 1852 1641 1905 τοῦτο
1659 1853 1755 1917 τῆς
1780 1852 2016 1917 ἀπορίας

429 1950 522 2002 καὶ
569 1948 671 2017 τῆς
724 1947 1020 2010 ἀσθενείας
1079 1965 1197 2001 σου.
1272 1947 1546 2008 Πολλάκις
1604 1946 1715 2016 γὰρ
1787 1944 2016 2011 ἄγγελοι

433 2042 709 2109 κατῆλθον
760 2041 842 2102 είς
896 2040 995 2110 τὴν
1052 2041 1181 2107 γῆν,
1250 2038 1454 2106 μᾶλλον
1513 2038 1569 2090 δὲ
1621 2037 1742 2090 καθ’
1775 2038 2015 2106 ἑκάστην

435 2134 885 2199 καταϐαίνουσιν,
946 2136 1028 2195 εἰς
1059 2132 1341 2187 διακονίαν
1390 2130 1853 2199 ἀποστελλόμενοι
1905 2130 2016 2182 τῶν

435 2228 787 2296 σωζομένων.

508 2525 634 2584 κςν.
664 2518 885 2573 Ὀποῖον
914 2518 972 2573 δέ
996 2518 1172 2572 καὶτὸ
1189 2519 1416 2587 σημεῖον
1441 2517 1538 2571 καὶ
1568 2518 1602 2586 ή
1626 2513 1901 2580 ἀπόδειξις
1920 2517 2020 2585 τῆς

437 2612 744 2683 ἀποστολῆς
777 2611 943 2666 αὑτοῦ
973 2630 988 2678 ;
1020 2630 1038 2662 ι
1076 2610 1242 2663 Ἴδετε
1268 2610 1396 2679 γὰρ,
1430 2626 1449 2658 ι
1477 2610 1634 2678 φησι,
1668 2627 1685 2659 ι
1724 2608 1825 2669 τὰς
1850 2608 2013 2661 ἀστε-

441 2704 715 2777 ροτοξίας,
751 2704 997 2775 ὁπηνίκα
1027 2702 1313 2758 ἀναϐαίνει
1344 2705 1369 2754 ὁ
1394 2702 1663 2767 Σατανᾶς,
1744 2702 2026 2772 ἀκροάσα-

440 2800 591 2859 σθαι,
624 2797 794 2851 θέλων
822 2797 889 2850 τὰ
935 2799 992 2849 ἐν
1043 2794 1261 2866 οὐρανῷ
1308 2793 1621 2863 λαλούμενα
1651 2810 1665 2824 ο
1718 2795 1806 2847 διὰ
1857 2792 2021 2845 τοῦτο

439 2890 798 2955 πιστεύσατε,
830 2892 913 2943 ὅτι
958 2888 1264 2951 ἀπόστολός
1301 2889 1441 2955 είμι.
1474 2888 1672 2949 Ἀλλος
1725 2888 1833 2955 γὰρ
1862 2886 2022 2939 τοῦτο

438 2983 547 3054 πρὸ
574 2983 707 3053 ἐμοῦ
730 2982 830 3035 ούκ
864 2981 1108 3046 ἐδίδαξεν
1126 3020 1138 3033 .
1183 3000 1202 3033 ι
1238 2981 1451 3042 Ὄντως
1467 2980 1647 3042 οὐδεὶς
1671 2979 1833 3042 ἀλλος
1861 2978 2023 3031 τοῦτο

439 3076 647 3141 ἐδίδαξε
670 3092 682 3103 ·
720 3075 852 3129 διότι
876 3074 1146 3144 πρόδηλόν
1173 3074 1289 3126 ἐστι
1324 3072 1540 3141 ψεῦδος.
1580 3074 1693 3125 Οὐκ
1722 3074 2021 3144 ἀστεροτοε

2142 3077 2490 3132 manifestum
2546 3083 2629 3130 est
2700 3074 3097 3139 mendacium;

2188 1210 2279 1265 25.
2315 1213 2381 1265 Et
2412 1214 2606 1268 iterum
2634 1214 2686 1268 in
2720 1214 2828 1269 alio
2858 1230 3111 1271 sermone
3136 1215 3250 1269 haec
3284 1220 3504 1267 narrat:
3536 1231 3553 1263 ι
3574 1210 3704 1266 0m-

2122 1308 2250 1359 nino
2285 1305 2418 1358 tnibi
2483 1307 2765 1376 objicient,
2788 1322 2878 1361 me
2925 1308 3169 1361 diemone
3216 1306 3553 1375 exagitatum
3594 1304 3705 1356 dic-

2119 1399 2278 1453 titare
2336 1398 2503 1454 Deum
2560 1400 2672 1453 haec
2726 1398 2859 1453 mihi
2917 1397 3226 1451 tradidisse.
3259 1394 3315 1450 Si
3344 1447 3361 1453 ..
3385 1395 3528 1449 enim
3589 1394 3705 1447 haec

2118 1500 2301 1544 essent
2341 1486 2489 1553 vera,
2523 1490 2746 1557 angelus
2777 1490 2981 1560 aliquis
3032 1490 3146 1543 haec
3192 1489 3326 1542 mibi
3382 1489 3703 1541 annuntiasa

2135 1588 2237 1633 set.
2286 1596 2305 1629 ι
2341 1578 2570 1648 Exponit
2602 1578 2765 1632 etiam
2794 1592 2989 1632 causas
3024 1592 3124 1631 cur
3155 1575 3335 1630 nullus
3382 1575 3699 1646 angelorum

2119 1674 2432 1738 descendat,
2470 1682 2521 1727 et
2543 1673 2652 1727 ait:
2683 1692 2700 1725 ι
2729 1672 2860 1727 Esse
2881 1671 3093 1741 aliquos
3116 1685 3210 1739 per
3231 1685 3367 1739 quos
3391 1671 3492 1725 hoc
3528 1670 3703 1739 ipsum

2121 1766 2445 1835 impediatur
2475 1782 2489 1818 :
2526 1766 2740 1833 etquod
2770 1764 2976 1834 angelis
3006 1761 3461 1819 descendentibus
3481 1762 3703 1816 univer-

2123 1870 2242 1912 sum
2266 1854 2371 1909 hoc
2409 1868 2508 1923 per
2541 1868 2637 1909 eos
2666 1862 3109 1907 consummatum
3166 1861 3332 1918 esset,
3378 1860 3433 1906 et
3455 1865 3577 1920 quae
3596 1861 3707 1903 tum

2129 1948 2300 2019 gratia
2338 1947 2645 2002 hominibus
2676 1945 2885 2000 fuerit?
2922 1963 2942 1997 ι
2978 1945 3140 2014 Atqui
3175 1945 3288 1999 haec
3323 1943 3500 1997 oratio
3554 1941 3710 1995 l‘ucns

2114 2042 2507 2110 etpraetextus
2537 2047 2621 2095 est
2676 2038 2914 2108 perplexi
2979 2038 3146 2092 animi
3202 2038 3301 2097 tui,
3357 2046 3413 2089 et
3482 2034 3710 2088 inscitire

2129 2143 2293 2202 atque
2327 2130 2715 2186 imbecillitatis
2744 2142 2869 2185 tum.
2908 2130 3293 2199 Saepenumero
3340 2128 3487 2181 enim
3534 2125 3708 2193 angeli

2130 2228 2182 2280 in
2210 2235 2405 2279 terram
2438 2224 2831 2279 descenderunt
2862 2239 2878 2280 :
2911 2223 3017 2276 imo
3066 2220 3311 2291 quotidie
3352 2220 3707 2281 descendunt,

2131 2334 2252 2374 cum
2306 2320 2593 2372 mittuntur
2652 2318 2717 2373 ad
2774 2315 3135 2371 ministerium
3185 2327 3371 2368 eorum
3434 2310 3527 2380 qui
3585 2318 3713 2363 sunt

2131 2413 2401 2467 servandi.

2202 2528 2294 2582 26·
2327 2527 2610 2593 Quodnam
2637 2543 2763 2598 ergo
2787 2527 2997 2596 signum
3015 2536 3068 2580 et
3086 2522 3477 2580 demonstratio
3498 2531 3723 2587 apostm

2130 2620 2271 2674 latus
2295 2620 2453 2688 ejus?
2488 2638 2506 2670 ι
2540 2618 2856 2678 Observate.
2883 2618 2979 2683 ait,
3005 2617 3389 2687 ejaculationes
3414 2622 3709 2673 astrorum,

2134 2712 2352 2779 quando
2393 2709 2623 2765 Satanas
2675 2709 2920 2764 ascendit
2977 2708 3044 2762 ad
3098 2706 3423 2761 audiendum
3470 2718 3533 2757 ea
3585 2717 3712 2770 qum

2136 2804 2188 2855 in
2221 2803 2359 2855 coelo
2403 2801 2657 2854 dicuntur
2720 2817 2733 2853 :
2790 2810 2952 2868 atque
2990 2797 3060 2853 ob
3121 2796 3173 2851 id
3213 2795 3417 2850 credite
3449 2806 3537 2847 me
3590 2805 3711 2845 esse

2138 2894 2462 2961 apostolum,
2508 2892 2646 2945 alius
2690 2892 2832 2946 enim
2893 2903 3019 2944 ante
3081 2903 3167 2943 me
3235 2888 3334 2941 hoc
3390 2883 3568 2939 nullus
3612 2883 3710 2936 do-

2140 2989 2271 3041 cuit.
2317 3004 2335 3037 ι
2391 2986 2409 3054 (
2449 2984 2614 3049 Sane,
2679 2982 2860 3037 nullus
2896 2983 3034 3036 alius
3084 2981 3186 3035 hoc
3220 2977 3406 3034 docuit
3461 2973 3709 3043 ideoque)

3182 3085 3358 3140 neque
3412 3071 3557 3125 enim
3606 3068 3711 3121 ista

441 3168 549 3234 ξίαι
578 3168 688 3238 γὰρ
720 3140 933 3233 ταῦτα,
957 3140 1143 3229 καθὼς
1177 3140 1345 3229 αὑτός
1377 3184 1533 3235 φησι,
1588 3166 1730 3219 κατά
1758 3140 1877 3220 τοῦ-
1906 3166 2021 3218 δαί-

2136 3178 2263 3223 sunt
2295 3167 2576 3221 stellarum
2602 3166 2946 3236 sagittaturae
2971 3178 3114 3233 quae.
3171 3171 3230 3215 ut
3285 3161 3401 3229 ipse
3431 3159 3529 3225 ait,
3575 3171 3709 3211 con-

443 3277 602 3331 μονος
677 3260 1126 3327 ἐκπεμπόμενα·
1184 3256 1303 3309 ἀλλ’
1362 3257 1857 3329 ἁποσπινοηρίσεις
1911 3259 2022 3311 τῶν

441 3355 708 3423 ἀστέρων.
746 3353 1022 3411 Ἕκαστος
1051 3351 1161 3418 γὰρ
1192 3350 1372 3420 ἀστὴρ
1415 3348 1527 3419 πῦρ
1578 3351 1716 3412 ἐστι,
1750 3350 1845 3402 καὶ
1881 3352 2021 3401 κατά

438 3445 537 3516 τὴν
564 3446 658 3497 τοῦ
689 3443 862 3511 πυρὸς
921 3442 1087 3511 φύσιν
1128 3442 1530 3511 ἐκπυρηνίσεις
1566 3441 1873 3509 ἐκπέμπει.

516 3557 682 3611 Πάλιν
716 3555 897 3625 ἐαυτῷ
928 3555 1364 3618 κατασκευάζων
1406 3555 1464 3607 τὸ
1495 3555 1836 3619 ἀξιόπιστον,
1873 3556 2022 3607 είσά-

442 3667 531 3718 γει
578 3652 670 3703 τὸν
709 3648 844 3702 Θεὸν
901 3646 1288 3717 μαρτυροῦντα
1335 3646 1464 3715 περὶ
1498 3646 1694 3698 ἐαυτοῦ
1730 3647 1825 3698 καὶ
1852 3646 2021 3715 ὀμνύ-

441 3758 591 3805 οντα,
616 3741 709 3794 καὶ
734 3738 992 3805 λέγονταο
1030 3757 1047 3789 ι
1079 3736 1173 3790 Μὰ
1193 3736 1253 3787 τὸ
1287 3736 1488 3805 ἀστρον
1520 3738 1581 3789 τὸ
1602 3737 1884 3807 δυόμενον,
1918 3740 2018 3791 ούκ

443 3834 725 3902 ἐπλανήθη
747 3833 774 3884 ὁ
802 3832 1018 3901 ἐταίρος
1051 3829 1229 3898 ὑμῶν,
1273 3828 1397 3881 οὐδὲ
1456 3828 1735 3899 ἠνόμησε,
1798 3832 1891 3883 καὶ
1924 3832 2024 3883 οὐκ

445 3925 750 3994 ἐφθέγξατο
785 3925 849 3976 ἐκ
895 3923 1242 3994 θελήματος·
1297 3923 1398 3975 οὐκ
1443 3923 1594 3974 ἐστιν
1643 3922 1791 3992 αύτῷ
1848 3926 1895 3977 εί
1947 3926 2022 3993 μὴ

443 4018 792 4085 ἀποκάλυψις
854 4014 1338 4087 ἀποκαλυφθείσα,
1409 4015 1477 4083 ἣν
1526 4014 1730 4078 ἔδειξεν
1790 4016 1938 4084 αὐτῷ
1996 4018 2024 4068 ὁ

449 4110 666 4181 ἰσχυρὸς
715 4111 794 4172 είς
819 4108 1077 4178 δύναμιν,
1128 4108 1157 4159 ὁ
1201 4104 1548 4177 ἀθεώρητος.
1598 4126 1616 4157 ι
1666 4106 1828 4159 Ἀλλά
1892 4109 2023 4177 μὴν,

448 4206 637 4271 ὥσπερ
668 4202 728 4253 τὸ
760 4200 854 4254 τὸν
899 4201 1033 4254 Θεὸν
1091 4200 1292 4269 ὀμόσαι
1322 4199 1464 4253 κατά
1516 4201 1747 4269 ἀστέρος
1802 4200 2022 4268 ψευδὲς,

446 4297 587 4349 οῦτω
614 4296 679 4365 δὴ
705 4294 800 4347 καὶ
826 4295 925 4346 ὅσα
948 4292 1314 4363 ἀπεκαλύφθη
1353 4293 1431 4361 τῷ
1460 4293 1709 4362 Μωὰμεθ
1735 4293 1904 4363 ψευδῆ
1932 4296 2026 4347 καὶ

446 4387 531 4439 δαι
541 4384 799 4455 μονιιίιδη.

517 4587 654 4655 Φησὶ
691 4585 1071 4657 προφητεῦσαι
1117 4585 1327 4654 Ἰησοῦν
1352 4586 1443 4637 τὸν
1472 4587 1603 4639 Υίὸν
1648 4588 1870 4657 Μαρίας
1904 4588 2031 4656 περὶ

450 4678 669 4741 ἐαυτοῦ,
700 4678 962 4730 εἰπόνταο
1009 4697 1024 4729 ι
1076 4677 1220 4745 Ἐγὼ
1270 4677 1571 4740 ἀπόστολός
1620 4678 1737 4747 είμι
1770 4677 1865 4730 τοῦ
1893 4678 2029 4729 Θεοῦ

453 4770 592 4839 πρὸς
619 4770 786 4839 ὑμᾶς,
825 4766 1173 4835 ἀληθοποιῶν
1221 4767 1292 4821 τὰ
1326 4768 1641 4837 ἔμπροσθέν
1677 4785 1777 4837 μου
1827 4766 1897 4820 τά
1934 4767 2028 4819 τοῦ

448 4863 637 4930 νόμου,
695 4861 789 4914 καὶ
839 4860 1334 4929 εὐαγγελιζόμενος
1372 4859 1677 4913 ἀπόστολον
1727 4860 2031 4930 ἐρχόμενον

452 4956 568 5027 μετ’
601 4956 702 5025 ἐμέ
731 4970 745 4985 ο
774 4955 947 5024 ὄνομα
992 4952 1143 5022 αὐτῷ
1192 4952 1463 5023 Μωάμεθ.
1495 4972 1515 5005 ι
1551 4952 1665 5005 Καὶ
1714 4952 1820 5005 ποῦ
1859 4954 2023 5005 τοῦτο

450 5050 863 5120 προεφήτευσεν
902 5050 930 5099 ὁ
965 5046 1225 5117 Χριστὸς,
1257 5047 1291 5116 ἢ
1339 5048 1398 5097 ἐν
1445 5045 1578 5116 ποίᾳ
1615 5047 1804 5116 γραφῇ
1835 5062 1849 5107 ;
1886 5045 2031 5099 Πάν-

450 5160 557 5206 τως
581 5143 690 5214 γάρ
714 5142 842 5203 τοὺς
870 5139 962 5192 τοῦ
998 5138 1240 5207 Χριστοῦ
1290 5138 1505 5202 λόγους,
1544 5139 1867 5207 ὁπηδήποτε
1925 5155 2035 5190 κει-

456 5236 672 5304 μένους,
732 5238 814 5297 είς
869 5233 1158 5302 ἀκρίῦειαν
1213 5230 1534 5283 ἐπίστασθε.
1589 5233 1799 5297 Ἠγουν
1855 5231 2031 5295 δειξά⁸

453 5345 627 5379 τωσαν
650 5328 700 5379 οἱ
727 5325 824 5379 τοῦ
854 5324 1105 5394 Μωάμεθ
1160 5324 1406 5395 μαθηταὶ
1454 5325 1859 5395 γεγραμμένην
1924 5340 2028 5377 που

453 5418 561 5471 τῶν
582 5417 956 5471 θεοπνεύστων
1006 5414 1237 5485 Γραφῶν
1292 5414 1505 5484 ταύτην
1584 5415 1683 5486 τὴν
1754 5416 1885 5483 περὶ
1933 5413 2029 5467 τοῦ

454 5509 700 5580 Μωάμεθ
747 5508 1098 5579 πρόρρησιν·
1150 5508 1184 5578 ἢ
1244 5507 1435 5576 σαφῶς
1494 5511 1731 5561 ῐστωσαν
1780 5507 1862 5559 ὅτι
1935 5507 2032 5559 καὶ

453 5601 611 5655 τοῦτο
636 5598 857 5671 ψεῦδος,
902 5599 1091 5672 ὥσπερ
1118 5600 1184 5671 δὴ
1214 5600 1310 5655 καὶ
1336 5601 1505 5655 τᾶλλα
1544 5600 1654 5655 τῶν
1682 5600 2031 5671 διδαγμὰτων

456 5710 645 5747 αυτοῦ.

532 5787 637 5849 κζ’.
665 5786 737 5839 Τὸ
754 5786 1050 5839 ἐκατοστὸν
1083 5786 1386 5841 δωδέκατον
1424 5784 1694 5856 μυθάριον
1726 5786 2029 5857 ἐπιγέγρα-

2140 3272 2221 3313 tra
2250 3262 2545 3314 daemonem
2573 3258 2920 3320 emittuntur,
2950 3256 3045 3311 sed
3081 3251 3499 3310 scintillationes
3524 3265 3552 3303 a
3578 3248 3713 3303 stel-

2137 3352 2206 3407 lis
2232 3351 2467 3407 cmissat.
2506 3350 2939 3420 Unumquodque
2968 3347 3111 3402 enim
3164 3353 3373 3400 astrum
3426 3341 3566 3410 ignis
3608 3349 3712 3403 est,

2137 3452 2190 3498 et
2219 3457 2317 3511 pro
2347 3452 2542 3497 natura
2572 3443 2710 3512 ignis
2739 3441 3005 3496 scintillas
3028 3438 3246 3493 emittit.

2208 3560 2409 3612 iterum
2470 3557 2684 3609 tandem
2752 3553 3127 3607 auctoritatem
3186 3562 3240 3606 et
3288 3550 3447 3605 ﬁdem
3501 3549 3601 3605 sibi
3657 3566 3714 3600 a-

2139 3659 2352 3705 struere
2398 3647 2612 3710 nititur,
2643 3660 2764 3699 cum
2814 3644 3105 3699 introducit
3130 3644 3296 3698 Deum
3334 3640 3713 3696 testiﬁcantem

2139 3743 2203 3797 de
2232 3741 2436 3810 seipse,
2486 3739 2871 3808 jurantemque
2924 3749 2989 3790 ac
3039 3734 3308 3789 dicentem
3351 3749 3364 3785 :
3409 3750 3427 3783 ι
3470 3729 3565 3787 Na:
3610 3745 3706 3798 per

2137 3842 2342 3887 astrum
2398 3831 2540 3899 quod
2608 3829 2827 3895 occidit,
2865 3828 3050 3883 socius
3106 3838 3292 3880 vester
3361 3839 3466 3880 non
3522 3832 3604 3879 est
3659 3822 3712 3875 in

2138 3938 2376 3978 errorem
2410 3922 2711 3986 inductus;
2778 3935 2955 3990 neque
2998 3919 3186 3988 inique
3216 3920 3345 3988 egit,
3391 3932 3566 3986 neque
3619 3930 3716 3985 pro

2140 4032 2240 4071 suo
2288 4017 2551 4069 arbitratu
2603 4015 2816 4068 locutus
2842 4020 2926 4067 est
2956 4029 2971 4078 ;
3001 4024 3174 4080 neque
3207 4022 3291 4064 est
3326 4008 3570 4064 doctrina
3598 4007 3715 4075 ejus

2142 4111 2284 4165 aliud
2315 4124 2476 4178 quam
2511 4107 2770 4161 revelatio
2806 4105 2911 4175 ipsi
2952 4104 3189 4160 revelata
3220 4119 3236 4168 ;
3267 4117 3429 4171 quam
3475 4100 3715 4155 ostendit

2143 4205 2189 4258 ei
2223 4202 2379 4255 fortis
2415 4199 2502 4254 ille
2540 4198 2749 4253 viribus
2780 4206 2835 4252 et
2866 4195 3173 4251 invisibilis.
3207 4211 3226 4245 ι
3274 4193 3380 4247 Sed
3429 4201 3489 4246 ut
3550 4190 3715 4245 Deum

2140 4296 2329 4361 jurare
2374 4307 2469 4361 per
2532 4290 2769 4356 stellam,
2831 4297 2915 4343 est
2977 4285 3342 4351 mendacium,
3416 4285 3496 4338 sic
3553 4282 3715 4335 etiam

2145 4396 2483 4454 quacunque
2538 4380 2807 4448 patefacta
2858 4386 2983 4435 sunt
3016 4374 3337 4440 Moametho,
3398 4371 3532 4428 falsa
3593 4383 3719 4427 sunt

2054 4502 2109 4561 Ι)
2144 4486 2197 4529 et
2232 4474 2523 4528 diabolica.

2214 4588 2424 4651 Tradit,
2456 4585 2644 4642 Iesum
2684 4584 2865 4639 Maria:
2931 4582 3132 4637 Filium
3191 4582 3507 4653 prmdisissn
3549 4581 3614 4634 de
3662 4594 3722 4634 se

2141 4681 2227 4735 bis
2268 4680 2450 4736 verbis
2492 4696 2507 4733 :
2548 4696 2567 4730 ι
2616 4677 2730 4748 Ego
2795 4691 2914 4732 smn
2964 4674 3060 4731 Dei
3113 4674 3393 4744 apostolus
3435 4682 3563 4728 ante
3598 4687 3720 4735 vos,

2143 4774 2372 4844 implens
2398 4788 2460 4828 ea
2486 4787 2607 4842 quae
2676 4778 2804 4826 ante
2850 4784 2935 4825 me
2959 4770 3014 4823 in
3074 4768 3191 4839 lege
3239 4766 3496 4836 praedicta
3548 4767 3720 4823 fuere.

2139 4867 2207 4922 Et
2246 4867 2513 4920 annuntio
2556 4864 2713 4918 vobis
2741 4861 3052 4932 apostolum
3107 4870 3398 4916 venturum
3437 4868 3559 4929 post
3609 4876 3720 4922 mc.

2141 4958 2228 5013 cui
2264 4971 2464 5012 nomen
2495 4953 2792 5009 Moametlt.
2850 4972 2879 5001 ι
2925 4950 3158 5008 Ubinam
3211 4965 3342 5006 vero
3404 4952 3506 5006 hoc
3562 4950 3721 5005 Chri-

2141 5059 2257 5105 stus
2297 5047 2594 5119 praedixit?
2643 5053 2736 5099 aut
2765 5044 2820 5100 in
2847 5058 3084 5114 quanam
3126 5044 3397 5113 scriptura
3422 5045 3447 5097 i
3482 5042 3716 5098 Omnino

2138 5145 2282 5203 enim
2355 5143 2555 5201 Christi
2608 5140 2850 5206 oracula,
2910 5140 3225 5212 ubicunque
3284 5140 3502 5195 tandem
3590 5151 3721 5193 sunt
3762 5116 3775 5127 μ

2140 5239 2368 5306 scripta,
2428 5244 2682 5290 accurate
2741 5235 2955 5289 tenetis.
3029 5235 3135 5289 Ant
3224 5233 3387 5302 igitur
3468 5231 3718 5302 discipuli

2141 5328 2406 5385 Moamedi
2447 5329 2829 5383 demonstrent
2858 5326 3002 5381 banc
3029 5327 3096 5381 de
3148 5324 3463 5379 Moametbo
3488 5325 3718 5394 praedic-

2141 5423 2340 5476 tionem
2402 5420 2456 5474 in
2517 5418 2697 5490 aliqua
2749 5426 2905 5487 parte
2980 5414 3241 5471 divinitus
3318 5416 3713 5485 inspiratarum

2140 5513 2549 5584 Scripturarum
2576 5511 2932 5581 perscriptam
2978 5521 3104 5563 esse
3138 5520 3153 5558 :
3182 5516 3275 5560 aut
3311 5506 3516 5575 liquido
3538 5506 3717 5561 sciant

2138 5620 2257 5661 esse
2284 5605 2452 5660 etiam
2501 5604 2606 5659 hoc
2666 5600 3031 5666 mendacium,
3089 5598 3547 5670 quemadmodum
3606 5599 3710 5652 alia

2138 5696 2311 5767 ipsius
2344 5695 2621 5765 dogmata.

2206 5788 2296 5843 27.
2335 5788 2642 5845 Centesima
2675 5783 2995 5841 duodecima
3050 5782 3244 5840 fabella
3301 5782 3711 5849 inscriptionem
