  <div class='ocr_page' id='page_1' title='image "/cluster/home/n/w/nwhite01/storage/ocr_20150623/130:no.3/coo.31924054870351/689.png"; bbox 0 0 4132 6408; ppageno 0'>
   <div class='ocr_carea' id='block_1_1' title="bbox 367 333 501 398">
    <p class='ocr_par' dir='ltr' id='par_1_1' title="bbox 367 333 501 398">
     <span class='ocr_line' id='line_1_1' title="bbox 367 333 501 398; baseline -0.045 0"><span class='ocrx_word' id='word_1_1' title='bbox 367 333 501 398; x_wconf 66' lang='grc'>1259</span> 
     </span>
    </p>
   </div>
   <div class='ocr_carea' id='block_1_2' title="bbox 1599 327 2408 390">
    <p class='ocr_par' dir='ltr' id='par_1_2' title="bbox 1599 327 2408 390">
     <span class='ocr_line' id='line_1_2' title="bbox 1599 327 2408 390; baseline -0.007 0"><span class='ocrx_word' id='word_1_2' title='bbox 1599 328 1990 390; x_wconf 83' lang='lat' dir='ltr'><strong>EUTlIYMII</strong></span> <span class='ocrx_word' id='word_1_3' title='bbox 2039 327 2408 387; x_wconf 78' lang='lat' dir='ltr'><strong>ZlGABENI</strong></span> 
     </span>
    </p>
   </div>
   <div class='ocr_carea' id='block_1_3' title="bbox 3512 327 3650 395">
    <p class='ocr_par' dir='ltr' id='par_1_3' title="bbox 3512 327 3650 395">
     <span class='ocr_line' id='line_1_3' title="bbox 3512 327 3650 395; baseline 0 -7"><span class='ocrx_word' id='word_1_4' title='bbox 3512 327 3650 395; x_wconf 72' lang='lat'><strong>1:63.)</strong></span> 
     </span>
    </p>
   </div>
   <div class='ocr_carea' id='block_1_4' title="bbox 362 445 1950 520">
    <p class='ocr_par' dir='ltr' id='par_1_4' title="bbox 362 446 1950 517">
     <span class='ocr_line' id='line_1_4' title="bbox 362 446 1950 517; baseline 0 -16"><span class='ocrx_word' id='word_1_5' title='bbox 362 450 560 503; x_wconf 80' lang='lat' dir='ltr'><strong>habet:</strong></span> <span class='ocrx_word' id='word_1_6' title='bbox 612 447 866 502; x_wconf 80' lang='lat' dir='ltr'><strong>Parcam.</strong></span> <span class='ocrx_word' id='word_1_7' title='bbox 920 446 1015 504; x_wconf 74' lang='lat' dir='ltr'><strong>Est</strong></span> <span class='ocrx_word' id='word_1_8' title='bbox 1035 456 1213 503; x_wconf 88' lang='lat' dir='ltr'><strong>autem</strong></span> <span class='ocrx_word' id='word_1_9' title='bbox 1243 446 1660 517; x_wconf 56' lang='lat' dir='ltr'><strong>prwstigiatoria</strong></span> <span class='ocrx_word' id='word_1_10' title='bbox 1707 449 1950 501; x_wconf 86' lang='lat' dir='ltr'><strong>incanta-</strong></span> 
     </span>
    </p>
   </div>
   <div class='ocr_carea' id='block_1_5' title="bbox 2056 445 3646 520">
    <p class='ocr_par' dir='ltr' id='par_1_5' title="bbox 2058 445 3646 520">
     <span class='ocr_line' id='line_1_5' title="bbox 2058 445 3646 520; baseline 0.001 -19"><span class='ocrx_word' id='word_1_11' title='bbox 2058 465 2189 502; x_wconf 85' lang='grc' dir='ltr'>πται</span> <span class='ocrx_word' id='word_1_12' title='bbox 2211 447 2310 516; x_wconf 75' lang='grc' dir='ltr'>μὲν</span> <span class='ocrx_word' id='word_1_13' title='bbox 2329 449 2408 511; x_wconf 73' lang='grc' dir='ltr'>εἰς</span> <span class='ocrx_word' id='word_1_14' title='bbox 2433 447 2495 500; x_wconf 87' lang='grc' dir='ltr'><strong>τὸ</strong></span> <span class='ocrx_word' id='word_1_15' title='bbox 2522 445 2832 517; x_wconf 82' lang='grc' dir='ltr'>Φείσομαι,</span> <span class='ocrx_word' id='word_1_16' title='bbox 2860 445 2976 500; x_wconf 66' lang='grc' dir='ltr'>ἔστι</span> <span class='ocrx_word' id='word_1_17' title='bbox 2995 447 3050 500; x_wconf 75' lang='grc' dir='ltr'>δέ</span> <span class='ocrx_word' id='word_1_18' title='bbox 3071 464 3155 510; x_wconf 83' lang='grc' dir='ltr'><strong>τις</strong></span> <span class='ocrx_word' id='word_1_19' title='bbox 3181 447 3419 517; x_wconf 76' lang='grc' dir='ltr'>γοητικὴ</span> <span class='ocrx_word' id='word_1_20' title='bbox 3439 449 3646 520; x_wconf 54' lang='lat' dir='ltr'><strong>tamen.</strong></span> 
     </span>
    </p>
   </div>
   <div class='ocr_carea' id='block_1_6' title="bbox 364 539 1944 611">
    <p class='ocr_par' dir='ltr' id='par_1_6' title="bbox 364 539 1944 611">
     <span class='ocr_line' id='line_1_6' title="bbox 364 539 1944 611; baseline 0.001 -17"><span class='ocrx_word' id='word_1_21' title='bbox 364 543 616 611; x_wconf 59' lang='lat' dir='ltr'><strong>umqum</strong></span> <span class='ocrx_word' id='word_1_22' title='bbox 682 542 816 598; x_wconf 92' lang='lat' dir='ltr'><strong>dicit</strong></span> <span class='ocrx_word' id='word_1_23' title='bbox 875 559 890 596; x_wconf 91' lang='lat'><strong>:</strong></span> <span class='ocrx_word' id='word_1_24' title='bbox 953 558 972 592; x_wconf 72' lang='grc' dir='ltr'><strong>ι</strong></span> <span class='ocrx_word' id='word_1_25' title='bbox 1019 540 1163 607; x_wconf 87' lang='lat' dir='ltr'><strong>Dic,</strong></span> <span class='ocrx_word' id='word_1_26' title='bbox 1212 541 1440 596; x_wconf 84' lang='lat' dir='ltr'><strong>Parcam</strong></span> <span class='ocrx_word' id='word_1_27' title='bbox 1496 539 1727 596; x_wconf 91' lang='lat' dir='ltr'><strong>Domino</strong></span> <span class='ocrx_word' id='word_1_28' title='bbox 1788 541 1944 605; x_wconf 85' lang='lat' dir='ltr'><strong>lucis,</strong></span> 
     </span>
    </p>
   </div>
   <div class='ocr_carea' id='block_1_7' title="bbox 361 633 1950 706">
    <p class='ocr_par' dir='ltr' id='par_1_7' title="bbox 361 633 1950 706">
     <span class='ocr_line' id='line_1_7' title="bbox 361 633 1950 706; baseline 0.003 -22"><span class='ocrx_word' id='word_1_29' title='bbox 361 648 391 684; x_wconf 72' lang='grc' dir='ltr'><strong>ο</strong></span> <span class='ocrx_word' id='word_1_30' title='bbox 455 634 598 689; x_wconf 86' lang='lat' dir='ltr'><strong>malo</strong></span> <span class='ocrx_word' id='word_1_31' title='bbox 653 634 848 706; x_wconf 88' lang='lat' dir='ltr'><strong>(quod</strong></span> <span class='ocrx_word' id='word_1_32' title='bbox 905 633 1083 698; x_wconf 83' lang='lat' dir='ltr'><strong>ﬁnxit)</strong></span> <span class='ocrx_word' id='word_1_33' title='bbox 1162 643 1218 689; x_wconf 87' lang='lat' dir='ltr'><strong>et</strong></span> <span class='ocrx_word' id='word_1_34' title='bbox 1295 648 1360 688; x_wconf 75' lang='lat' dir='ltr'><strong>ex</strong></span> <span class='ocrx_word' id='word_1_35' title='bbox 1424 633 1570 688; x_wconf 90' lang='lat' dir='ltr'><strong>malo</strong></span> <span class='ocrx_word' id='word_1_36' title='bbox 1628 633 1950 704; x_wconf 81' lang='lat' dir='ltr'><strong>ejaculatio-</strong></span> 
     </span>
    </p>
   </div>
   <div class='ocr_carea' id='block_1_8' title="bbox 365 723 1951 796">
    <p class='ocr_par' dir='ltr' id='par_1_8' title="bbox 365 723 1951 796">
     <span class='ocr_line' id='line_1_8' title="bbox 365 723 1951 796; baseline 0.001 -17"><span class='ocrx_word' id='word_1_37' title='bbox 365 726 454 780; x_wconf 83' lang='lat' dir='ltr'><strong>nis</strong></span> <span class='ocrx_word' id='word_1_38' title='bbox 529 734 848 790; x_wconf 87' lang='lat' dir='ltr'><strong>astrorum,</strong></span> <span class='ocrx_word' id='word_1_39' title='bbox 913 726 1133 796; x_wconf 79' lang='lat' dir='ltr'><strong>quando</strong></span> <span class='ocrx_word' id='word_1_40' title='bbox 1203 723 1296 780; x_wconf 88' lang='lat' dir='ltr'><strong>illa</strong></span> <span class='ocrx_word' id='word_1_41' title='bbox 1367 725 1748 789; x_wconf 90' lang='lat' dir='ltr'><strong>intenduntur,</strong></span> <span class='ocrx_word' id='word_1_42' title='bbox 1807 734 1861 779; x_wconf 90' lang='lat' dir='ltr'><strong>et</strong></span> <span class='ocrx_word' id='word_1_43' title='bbox 1919 739 1951 780; x_wconf 77' lang='grc' dir='ltr'><strong>ε</strong></span> 
     </span>
    </p>
   </div>
   <div class='ocr_carea' id='block_1_9' title="bbox 365 817 1950 888">
    <p class='ocr_par' dir='ltr' id='par_1_9' title="bbox 365 817 1950 888">
     <span class='ocr_line' id='line_1_9' title="bbox 365 817 1950 888; baseline 0.001 -18"><span class='ocrx_word' id='word_1_44' title='bbox 365 818 511 874; x_wconf 90' lang='lat' dir='ltr'><strong>malo</strong></span> <span class='ocrx_word' id='word_1_45' title='bbox 565 817 853 888; x_wconf 80' lang='lat' dir='ltr'><strong>sputorum</strong></span> <span class='ocrx_word' id='word_1_46' title='bbox 913 817 968 872; x_wconf 93' lang='lat' dir='ltr'><strong>in</strong></span> <span class='ocrx_word' id='word_1_47' title='bbox 1023 817 1302 881; x_wconf 86' lang='lat' dir='ltr'><strong>mundos.</strong></span> <span class='ocrx_word' id='word_1_48' title='bbox 1368 827 1425 873; x_wconf 90' lang='lat' dir='ltr'><strong>et</strong></span> <span class='ocrx_word' id='word_1_49' title='bbox 1490 831 1520 872; x_wconf 90' lang='lat' dir='ltr'><strong>e</strong></span> <span class='ocrx_word' id='word_1_50' title='bbox 1601 819 1742 873; x_wconf 92' lang='lat' dir='ltr'><strong>malo</strong></span> <span class='ocrx_word' id='word_1_51' title='bbox 1811 817 1950 872; x_wconf 83' lang='lat' dir='ltr'><strong>invi-</strong></span> 
     </span>
    </p>
   </div>
   <div class='ocr_carea' id='block_1_10' title="bbox 363 913 642 967">
    <p class='ocr_par' dir='ltr' id='par_1_10' title="bbox 363 913 642 967">
     <span class='ocr_line' id='line_1_10' title="bbox 363 913 642 967; baseline -0.007 -1"><span class='ocrx_word' id='word_1_52' title='bbox 363 913 577 967; x_wconf 82' lang='lat' dir='ltr'><strong>dorum.</strong></span> <span class='ocrx_word' id='word_1_53' title='bbox 621 930 642 965; x_wconf 74' lang='grc' dir='ltr'><strong>ι</strong></span> 
     </span>
    </p>
   </div>
   <div class='ocr_carea' id='block_1_11' title="bbox 430 1001 1951 1075">
    <p class='ocr_par' dir='ltr' id='par_1_11' title="bbox 430 1001 1951 1075">
     <span class='ocr_line' id='line_1_11' title="bbox 430 1001 1951 1075; baseline -0.002 -14"><span class='ocrx_word' id='word_1_54' title='bbox 430 1003 649 1061; x_wconf 84' lang='lat' dir='ltr'><strong>Fabella</strong></span> <span class='ocrx_word' id='word_1_55' title='bbox 697 1004 994 1060; x_wconf 86' lang='lat' dir='ltr'><strong>centesima</strong></span> <span class='ocrx_word' id='word_1_56' title='bbox 1042 1005 1251 1060; x_wconf 88' lang='lat' dir='ltr'><strong>decima</strong></span> <span class='ocrx_word' id='word_1_57' title='bbox 1301 1013 1461 1059; x_wconf 87' lang='lat' dir='ltr'><strong>tertia</strong></span> <span class='ocrx_word' id='word_1_58' title='bbox 1502 1001 1591 1058; x_wconf 82' lang='grc' dir='ltr'><strong>ἐι</strong></span> <span class='ocrx_word' id='word_1_59' title='bbox 1649 1017 1762 1073; x_wconf 84' lang='lat' dir='ltr'><strong>ipsa</strong></span> <span class='ocrx_word' id='word_1_60' title='bbox 1818 1018 1951 1075; x_wconf 83' lang='lat' dir='ltr'><strong>prae-</strong></span> 
     </span>
    </p>
   </div>
   <div class='ocr_carea' id='block_1_12' title="bbox 363 1097 1943 1168">
    <p class='ocr_par' dir='ltr' id='par_1_12' title="bbox 363 1097 1943 1168">
     <span class='ocr_line' id='line_1_12' title="bbox 363 1097 1943 1168; baseline 0.001 -18"><span class='ocrx_word' id='word_1_61' title='bbox 363 1097 672 1168; x_wconf 85' lang='lat' dir='ltr'><strong>stigiatoria</strong></span> <span class='ocrx_word' id='word_1_62' title='bbox 741 1097 1044 1154; x_wconf 87' lang='lat' dir='ltr'><strong>incantatio</strong></span> <span class='ocrx_word' id='word_1_63' title='bbox 1111 1106 1216 1162; x_wconf 87' lang='lat' dir='ltr'><strong>est,</strong></span> <span class='ocrx_word' id='word_1_64' title='bbox 1282 1111 1406 1150; x_wconf 86' lang='lat' dir='ltr'><strong>nam</strong></span> <span class='ocrx_word' id='word_1_65' title='bbox 1462 1105 1516 1150; x_wconf 87' lang='lat' dir='ltr'><strong>et</strong></span> <span class='ocrx_word' id='word_1_66' title='bbox 1569 1098 1684 1166; x_wconf 89' lang='lat' dir='ltr'><strong>ipsa</strong></span> <span class='ocrx_word' id='word_1_67' title='bbox 1756 1098 1943 1152; x_wconf 86' lang='lat' dir='ltr'><strong>inscri-</strong></span> 
     </span>
    </p>
   </div>
   <div class='ocr_carea' id='block_1_13' title="bbox 362 1189 1946 1258">
    <p class='ocr_par' dir='ltr' id='par_1_13' title="bbox 362 1189 1946 1258">
     <span class='ocr_line' id='line_1_13' title="bbox 362 1189 1946 1258; baseline 0 -12"><span class='ocrx_word' id='word_1_68' title='bbox 362 1193 528 1258; x_wconf 88' lang='lat' dir='ltr'><strong>bitur,</strong></span> <span class='ocrx_word' id='word_1_69' title='bbox 619 1189 896 1254; x_wconf 72' lang='lat' dir='ltr'><strong>Peream;</strong></span> <span class='ocrx_word' id='word_1_70' title='bbox 946 1201 1002 1248; x_wconf 89' lang='lat' dir='ltr'><strong>et</strong></span> <span class='ocrx_word' id='word_1_71' title='bbox 1054 1192 1136 1248; x_wconf 89' lang='lat' dir='ltr'><strong>sic</strong></span> <span class='ocrx_word' id='word_1_72' title='bbox 1191 1191 1407 1247; x_wconf 83' lang='lat' dir='ltr'><strong>habet:</strong></span> <span class='ocrx_word' id='word_1_73' title='bbox 1460 1210 1479 1244; x_wconf 72' lang='grc' dir='ltr'><strong>ι</strong></span> <span class='ocrx_word' id='word_1_74' title='bbox 1539 1190 1657 1257; x_wconf 85' lang='lat' dir='ltr'><strong>Dic,</strong></span> <span class='ocrx_word' id='word_1_75' title='bbox 1719 1191 1946 1246; x_wconf 84' lang='lat' dir='ltr'><strong>Parcam</strong></span> 
     </span>
    </p>
   </div>
   <div class='ocr_carea' id='block_1_14' title="bbox 363 1283 1945 1355">
    <p class='ocr_par' dir='ltr' id='par_1_14' title="bbox 363 1283 1945 1355">
     <span class='ocr_line' id='line_1_14' title="bbox 363 1283 1945 1355; baseline 0.001 -17"><span class='ocrx_word' id='word_1_76' title='bbox 363 1283 590 1339; x_wconf 89' lang='lat' dir='ltr'><strong>Domino</strong></span> <span class='ocrx_word' id='word_1_77' title='bbox 620 1284 902 1339; x_wconf 81' lang='lat' dir='ltr'><strong>hominum</strong></span> <span class='ocrx_word' id='word_1_78' title='bbox 935 1283 1075 1354; x_wconf 80' lang='lat' dir='ltr'><strong>(regi</strong></span> <span class='ocrx_word' id='word_1_79' title='bbox 1112 1284 1436 1355; x_wconf 86' lang='lat' dir='ltr'><strong>hominum),</strong></span> <span class='ocrx_word' id='word_1_80' title='bbox 1469 1285 1609 1340; x_wconf 85' lang='lat' dir='ltr'><strong>Deus</strong></span> <span class='ocrx_word' id='word_1_81' title='bbox 1639 1286 1945 1352; x_wconf 84' lang='lat' dir='ltr'><strong>hominum,</strong></span> 
     </span>
    </p>
   </div>
   <div class='ocr_carea' id='block_1_15' title="bbox 358 1375 1946 1447">
    <p class='ocr_par' dir='ltr' id='par_1_15' title="bbox 358 1375 1946 1447">
     <span class='ocr_line' id='line_1_15' title="bbox 358 1375 1946 1447; baseline 0.003 -17"><span class='ocrx_word' id='word_1_82' title='bbox 358 1390 390 1430; x_wconf 89' lang='lat' dir='ltr'><strong>e</strong></span> <span class='ocrx_word' id='word_1_83' title='bbox 443 1375 624 1443; x_wconf 88' lang='lat' dir='ltr'><strong>malo;</strong></span> <span class='ocrx_word' id='word_1_84' title='bbox 670 1375 869 1431; x_wconf 86' lang='lat' dir='ltr'><strong>emalo</strong></span> <span class='ocrx_word' id='word_1_85' title='bbox 925 1390 1155 1432; x_wconf 87' lang='lat' dir='ltr'><strong>susurro</strong></span> <span class='ocrx_word' id='word_1_86' title='bbox 1195 1375 1528 1444; x_wconf 64' lang='lat' dir='ltr'><strong>daemonum,</strong></span> <span class='ocrx_word' id='word_1_87' title='bbox 1586 1378 1810 1447; x_wconf 81' lang='lat' dir='ltr'><strong>quando</strong></span> <span class='ocrx_word' id='word_1_88' title='bbox 1861 1379 1946 1434; x_wconf 78' lang='lat' dir='ltr'><strong>in-</strong></span> 
     </span>
    </p>
   </div>
   <div class='ocr_carea' id='block_1_16' title="bbox 359 1466 1951 1536">
    <p class='ocr_par' dir='ltr' id='par_1_16' title="bbox 359 1466 1951 1536">
     <span class='ocr_line' id='line_1_16' title="bbox 359 1466 1951 1536; baseline 0.004 -16"><span class='ocrx_word' id='word_1_89' title='bbox 359 1476 650 1522; x_wconf 85' lang='lat' dir='ltr'><strong>susurrant</strong></span> <span class='ocrx_word' id='word_1_90' title='bbox 675 1466 730 1522; x_wconf 91' lang='lat' dir='ltr'><strong>in</strong></span> <span class='ocrx_word' id='word_1_91' title='bbox 753 1466 921 1524; x_wconf 86' lang='lat' dir='ltr'><strong>corda</strong></span> <span class='ocrx_word' id='word_1_92' title='bbox 957 1467 1262 1536; x_wconf 83' lang='lat' dir='ltr'><strong>hominum,</strong></span> <span class='ocrx_word' id='word_1_93' title='bbox 1295 1482 1326 1524; x_wconf 90' lang='lat' dir='ltr'><strong>e</strong></span> <span class='ocrx_word' id='word_1_94' title='bbox 1355 1467 1693 1524; x_wconf 66' lang='lat' dir='ltr'><strong>daemonibus</strong></span> <span class='ocrx_word' id='word_1_95' title='bbox 1747 1476 1802 1524; x_wconf 90' lang='lat' dir='ltr'><strong>et</strong></span> <span class='ocrx_word' id='word_1_96' title='bbox 1857 1470 1951 1527; x_wconf 83' lang='lat' dir='ltr'><strong>ho-</strong></span> 
     </span>
    </p>
   </div>
   <div class='ocr_carea' id='block_1_17' title="bbox 362 1557 682 1613">
    <p class='ocr_par' dir='ltr' id='par_1_17' title="bbox 362 1557 682 1613">
     <span class='ocr_line' id='line_1_17' title="bbox 362 1557 682 1613; baseline -0.003 -2"><span class='ocrx_word' id='word_1_97' title='bbox 362 1557 621 1613; x_wconf 89' lang='lat' dir='ltr'><strong>minibus.</strong></span> <span class='ocrx_word' id='word_1_98' title='bbox 663 1575 682 1610; x_wconf 70' lang='grc' dir='ltr'><strong>ι</strong></span> 
     </span>
    </p>
   </div>
   <div class='ocr_carea' id='block_1_18' title="bbox 431 1739 1946 1812">
    <p class='ocr_par' dir='ltr' id='par_1_18' title="bbox 431 1739 1946 1812">
     <span class='ocr_line' id='line_1_18' title="bbox 431 1739 1946 1812; baseline -0.002 -14"><span class='ocrx_word' id='word_1_99' title='bbox 431 1741 520 1798; x_wconf 76' lang='grc'><strong>28.</strong></span> <span class='ocrx_word' id='word_1_100' title='bbox 558 1741 805 1798; x_wconf 82' lang='lat' dir='ltr'><strong>Tradidit</strong></span> <span class='ocrx_word' id='word_1_101' title='bbox 833 1755 1060 1810; x_wconf 83' lang='lat' dir='ltr'><strong>magnus</strong></span> <span class='ocrx_word' id='word_1_102' title='bbox 1084 1741 1186 1796; x_wconf 82' lang='lat' dir='ltr'><strong>iste</strong></span> <span class='ocrx_word' id='word_1_103' title='bbox 1210 1750 1266 1795; x_wconf 89' lang='lat' dir='ltr'><strong>et</strong></span> <span class='ocrx_word' id='word_1_104' title='bbox 1315 1739 1681 1812; x_wconf 64' lang='lat' dir='ltr'><strong>praestigiator</strong></span> <span class='ocrx_word' id='word_1_105' title='bbox 1737 1742 1946 1812; x_wconf 85' lang='lat' dir='ltr'><strong>magica</strong></span> 
     </span>
    </p>
   </div>
   <div class='ocr_carea' id='block_1_19' title="bbox 2053 539 3648 611">
    <p class='ocr_par' dir='ltr' id='par_1_19' title="bbox 2053 539 3648 611">
     <span class='ocr_line' id='line_1_19' title="bbox 2053 539 3648 611; baseline 0.002 -19"><span class='ocrx_word' id='word_1_106' title='bbox 2053 541 2331 608; x_wconf 78' lang='grc' dir='ltr'>λέγουσαο</span> <span class='ocrx_word' id='word_1_107' title='bbox 2365 559 2382 593; x_wconf 80' lang='lat' dir='ltr'><strong>t</strong></span> <span class='ocrx_word' id='word_1_108' title='bbox 2418 540 2577 606; x_wconf 75' lang='grc' dir='ltr'>Εἰπὲ,</span> <span class='ocrx_word' id='word_1_109' title='bbox 2611 542 2878 610; x_wconf 73' lang='grc' dir='ltr'>Φεῐσομαι</span> <span class='ocrx_word' id='word_1_110' title='bbox 2911 541 2992 604; x_wconf 89' lang='grc' dir='ltr'><strong>είς</strong></span> <span class='ocrx_word' id='word_1_111' title='bbox 3047 542 3138 593; x_wconf 81' lang='grc' dir='ltr'><strong>τὸν</strong></span> <span class='ocrx_word' id='word_1_112' title='bbox 3183 539 3394 611; x_wconf 77' lang='grc' dir='ltr'><strong>Κύριον</strong></span> <span class='ocrx_word' id='word_1_113' title='bbox 3414 541 3510 594; x_wconf 81' lang='grc' dir='ltr'>τοῦ</span> <span class='ocrx_word' id='word_1_114' title='bbox 3532 543 3648 595; x_wconf 82' lang='grc' dir='ltr'>δια-</span> 
     </span>
    </p>
   </div>
   <div class='ocr_carea' id='block_1_20' title="bbox 2053 624 3645 701">
    <p class='ocr_par' dir='ltr' id='par_1_20' title="bbox 2053 624 3645 701">
     <span class='ocr_line' id='line_1_20' title="bbox 2053 624 3645 701; baseline -0.001 -16"><span class='ocrx_word' id='word_1_115' title='bbox 2053 631 2346 701; x_wconf 85' lang='grc' dir='ltr'>φάσματος</span> <span class='ocrx_word' id='word_1_116' title='bbox 2367 633 2431 684; x_wconf 83' lang='grc' dir='ltr'><strong>ὲκ</strong></span> <span class='ocrx_word' id='word_1_117' title='bbox 2461 631 2636 685; x_wconf 77' lang='grc' dir='ltr'>κακοῦ</span> <span class='ocrx_word' id='word_1_118' title='bbox 2675 624 2738 684; x_wconf 76' lang='grc' dir='ltr'>οὗ</span> <span class='ocrx_word' id='word_1_119' title='bbox 2795 631 3029 696; x_wconf 71' lang='grc' dir='ltr'>ἔπλασε,</span> <span class='ocrx_word' id='word_1_120' title='bbox 3084 635 3182 686; x_wconf 68' lang='grc' dir='ltr'><strong>καὶ</strong></span> <span class='ocrx_word' id='word_1_121' title='bbox 3231 633 3296 685; x_wconf 85' lang='grc' dir='ltr'><strong>ὲκ</strong></span> <span class='ocrx_word' id='word_1_122' title='bbox 3328 633 3504 686; x_wconf 82' lang='grc' dir='ltr'>κακοῦ</span> <span class='ocrx_word' id='word_1_123' title='bbox 3541 636 3645 701; x_wconf 82' lang='grc' dir='ltr'>τῆς</span> 
     </span>
    </p>
   </div>
   <div class='ocr_carea' id='block_1_21' title="bbox 2049 723 3647 796">
    <p class='ocr_par' dir='ltr' id='par_1_21' title="bbox 2049 723 3647 796">
     <span class='ocr_line' id='line_1_21' title="bbox 2049 723 3647 796; baseline 0.003 -22"><span class='ocrx_word' id='word_1_124' title='bbox 2049 723 2429 792; x_wconf 82' lang='grc' dir='ltr'>ἀστροτοξίας,</span> <span class='ocrx_word' id='word_1_125' title='bbox 2465 723 2554 776; x_wconf 85' lang='grc' dir='ltr'>ὅτε</span> <span class='ocrx_word' id='word_1_126' title='bbox 2581 723 2916 777; x_wconf 86' lang='grc' dir='ltr'>είστείνεται</span> <span class='ocrx_word' id='word_1_127' title='bbox 2949 739 2962 752; x_wconf 93' lang='grc'><strong>·</strong></span> <span class='ocrx_word' id='word_1_128' title='bbox 2999 725 3096 778; x_wconf 60' lang='grc' dir='ltr'><strong>καὶ⁵</strong></span> <span class='ocrx_word' id='word_1_129' title='bbox 3128 726 3194 778; x_wconf 77' lang='grc' dir='ltr'><strong>ἐκ</strong></span> <span class='ocrx_word' id='word_1_130' title='bbox 3225 725 3400 778; x_wconf 83' lang='grc' dir='ltr'>κακοῦ</span> <span class='ocrx_word' id='word_1_131' title='bbox 3435 727 3647 796; x_wconf 80' lang='grc' dir='ltr'>ἐμπτυ-</span> 
     </span>
    </p>
   </div>
   <div class='ocr_carea' id='block_1_22' title="bbox 2053 815 3644 887">
    <p class='ocr_par' dir='ltr' id='par_1_22' title="bbox 2053 815 3644 887">
     <span class='ocr_line' id='line_1_22' title="bbox 2053 815 3644 887; baseline 0.003 -21"><span class='ocrx_word' id='word_1_132' title='bbox 2053 815 2283 884; x_wconf 84' lang='grc' dir='ltr'>σμάτων</span> <span class='ocrx_word' id='word_1_133' title='bbox 2309 816 2390 879; x_wconf 87' lang='grc' dir='ltr'><strong>είς</strong></span> <span class='ocrx_word' id='word_1_134' title='bbox 2430 818 2560 880; x_wconf 83' lang='grc' dir='ltr'>τοὺς</span> <span class='ocrx_word' id='word_1_135' title='bbox 2613 816 2885 886; x_wconf 67' lang='grc' dir='ltr'><strong>κόσμους9</strong></span> <span class='ocrx_word' id='word_1_136' title='bbox 2913 817 3009 870; x_wconf 72' lang='grc' dir='ltr'><strong>καὶ</strong></span> <span class='ocrx_word' id='word_1_137' title='bbox 3052 817 3117 871; x_wconf 77' lang='grc' dir='ltr'><strong>ἐκ</strong></span> <span class='ocrx_word' id='word_1_138' title='bbox 3167 817 3344 871; x_wconf 84' lang='grc' dir='ltr'>κακοῦ</span> <span class='ocrx_word' id='word_1_139' title='bbox 3375 817 3644 887; x_wconf 85' lang='grc' dir='ltr'>φθονούν-</span> 
     </span>
    </p>
   </div>
   <div class='ocr_carea' id='block_1_23' title="bbox 2050 922 2241 957">
    <p class='ocr_par' dir='ltr' id='par_1_23' title="bbox 2050 922 2241 957">
     <span class='ocr_line' id='line_1_23' title="bbox 2050 922 2241 957; baseline 0 -1"><span class='ocrx_word' id='word_1_140' title='bbox 2050 922 2179 957; x_wconf 85' lang='grc' dir='ltr'>των.</span> <span class='ocrx_word' id='word_1_141' title='bbox 2224 925 2241 956; x_wconf 76' lang='grc' dir='ltr'><strong>ι</strong></span> 
     </span>
    </p>
   </div>
   <div class='ocr_carea' id='block_1_24' title="bbox 2123 996 3642 1070">
    <p class='ocr_par' dir='ltr' id='par_1_24' title="bbox 2123 996 3642 1070">
     <span class='ocr_line' id='line_1_24' title="bbox 2123 996 3642 1070; baseline -0.001 -20"><span class='ocrx_word' id='word_1_142' title='bbox 2123 997 2232 1050; x_wconf 80' lang='grc' dir='ltr'><strong>Καὶ</strong></span> <span class='ocrx_word' id='word_1_143' title='bbox 2299 998 2359 1050; x_wconf 92' lang='grc' dir='ltr'><strong>τὸ</strong></span> <span class='ocrx_word' id='word_1_144' title='bbox 2407 996 2703 1052; x_wconf 75' lang='grc' dir='ltr'>ἑκατοστὸν</span> <span class='ocrx_word' id='word_1_145' title='bbox 2749 997 2806 1050; x_wconf 81' lang='grc' dir='ltr'>δὲ</span> <span class='ocrx_word' id='word_1_146' title='bbox 2851 997 3306 1068; x_wconf 74' lang='grc' dir='ltr'><strong>τρισκαιδέκατον</strong></span> <span class='ocrx_word' id='word_1_147' title='bbox 3371 998 3642 1070; x_wconf 75' lang='grc' dir='ltr'>μυθάριον</span> 
     </span>
    </p>
   </div>
   <div class='ocr_carea' id='block_1_25' title="bbox 2050 1087 3644 1162">
    <p class='ocr_par' dir='ltr' id='par_1_25' title="bbox 2050 1087 3644 1162">
     <span class='ocr_line' id='line_1_25' title="bbox 2050 1087 3644 1162; baseline -0.001 -17"><span class='ocrx_word' id='word_1_148' title='bbox 2050 1092 2286 1162; x_wconf 74' lang='grc' dir='ltr'>γοητικὴ</span> <span class='ocrx_word' id='word_1_149' title='bbox 2318 1093 2413 1145; x_wconf 75' lang='grc' dir='ltr'>καὶ</span> <span class='ocrx_word' id='word_1_150' title='bbox 2443 1089 2589 1162; x_wconf 78' lang='grc' dir='ltr'>αὕτη</span> <span class='ocrx_word' id='word_1_151' title='bbox 2623 1091 2775 1144; x_wconf 78' lang='grc' dir='ltr'>ἐστὶν</span> <span class='ocrx_word' id='word_1_152' title='bbox 2803 1087 3014 1161; x_wconf 72' lang='grc' dir='ltr'>ἐπωδή.</span> <span class='ocrx_word' id='word_1_153' title='bbox 3059 1091 3509 1162; x_wconf 65' lang='grc' dir='ltr'>Ἐπιγέγραπτλι</span> <span class='ocrx_word' id='word_1_154' title='bbox 3540 1095 3644 1161; x_wconf 83' lang='grc' dir='ltr'><strong>μὲν</strong></span> 
     </span>
    </p>
   </div>
   <div class='ocr_carea' id='block_1_26' title="bbox 2050 1181 3640 1252">
    <p class='ocr_par' dir='ltr' id='par_1_26' title="bbox 2050 1181 3640 1252">
     <span class='ocr_line' id='line_1_26' title="bbox 2050 1181 3640 1252; baseline 0.001 -17"><span class='ocrx_word' id='word_1_155' title='bbox 2050 1183 2160 1252; x_wconf 79' lang='grc' dir='ltr'><strong>γὰρ</strong></span> <span class='ocrx_word' id='word_1_156' title='bbox 2227 1181 2532 1236; x_wconf 72' lang='grc' dir='ltr'>καὶτοῦτο</span> <span class='ocrx_word' id='word_1_157' title='bbox 2585 1183 2666 1244; x_wconf 81' lang='grc' dir='ltr'><strong>είς</strong></span> <span class='ocrx_word' id='word_1_158' title='bbox 2724 1181 3038 1250; x_wconf 83' lang='grc' dir='ltr'>Φείσομαι.</span> <span class='ocrx_word' id='word_1_159' title='bbox 3095 1181 3252 1251; x_wconf 82' lang='grc' dir='ltr'><strong>Ἔχει</strong></span> <span class='ocrx_word' id='word_1_160' title='bbox 3325 1182 3383 1234; x_wconf 82' lang='grc' dir='ltr'>δὲ</span> <span class='ocrx_word' id='word_1_161' title='bbox 3441 1181 3640 1245; x_wconf 76' lang='grc' dir='ltr'>οὕτως’</span> 
     </span>
    </p>
   </div>
   <div class='ocr_carea' id='block_1_27' title="bbox 2059 1274 3642 1347">
    <p class='ocr_par' dir='ltr' id='par_1_27' title="bbox 2059 1274 3642 1347">
     <span class='ocr_line' id='line_1_27' title="bbox 2059 1274 3642 1347; baseline -0.001 -20"><span class='ocrx_word' id='word_1_162' title='bbox 2059 1296 2075 1327; x_wconf 82' lang='grc' dir='ltr'><strong>ι</strong></span> <span class='ocrx_word' id='word_1_163' title='bbox 2107 1277 2269 1342; x_wconf 82' lang='grc' dir='ltr'>Εἰπὲ,</span> <span class='ocrx_word' id='word_1_164' title='bbox 2301 1277 2573 1347; x_wconf 83' lang='grc' dir='ltr'>Φείσομαι</span> <span class='ocrx_word' id='word_1_165' title='bbox 2621 1275 2706 1338; x_wconf 83' lang='grc' dir='ltr'><strong>είς</strong></span> <span class='ocrx_word' id='word_1_166' title='bbox 2758 1274 2852 1328; x_wconf 86' lang='grc' dir='ltr'><strong>τὸν</strong></span> <span class='ocrx_word' id='word_1_167' title='bbox 2911 1274 3119 1343; x_wconf 79' lang='grc' dir='ltr'>Κύριον</span> <span class='ocrx_word' id='word_1_168' title='bbox 3170 1275 3282 1328; x_wconf 81' lang='grc' dir='ltr'><strong>τῶν</strong></span> <span class='ocrx_word' id='word_1_169' title='bbox 3308 1274 3642 1346; x_wconf 83' lang='grc' dir='ltr'>ἀνθρώπων,</span> 
     </span>
    </p>
   </div>
   <div class='ocr_carea' id='block_1_28' title="bbox 2053 1367 3641 1440">
    <p class='ocr_par' dir='ltr' id='par_1_28' title="bbox 2053 1367 3641 1440">
     <span class='ocr_line' id='line_1_28' title="bbox 2053 1367 3641 1440; baseline 0 -17"><span class='ocrx_word' id='word_1_170' title='bbox 2053 1369 2280 1440; x_wconf 82' lang='grc' dir='ltr'>βασιλέα</span> <span class='ocrx_word' id='word_1_171' title='bbox 2322 1370 2430 1422; x_wconf 85' lang='grc' dir='ltr'><strong>τῶν</strong></span> <span class='ocrx_word' id='word_1_172' title='bbox 2487 1367 2816 1440; x_wconf 80' lang='grc' dir='ltr'>ἀνθρώπων,</span> <span class='ocrx_word' id='word_1_173' title='bbox 2871 1369 2900 1422; x_wconf 88' lang='lat'><strong>6</strong></span> <span class='ocrx_word' id='word_1_174' title='bbox 2952 1367 3086 1430; x_wconf 86' lang='grc' dir='ltr'>Θεὸς</span> <span class='ocrx_word' id='word_1_175' title='bbox 3149 1368 3259 1421; x_wconf 84' lang='grc' dir='ltr'><strong>τῶν</strong></span> <span class='ocrx_word' id='word_1_176' title='bbox 3309 1368 3641 1439; x_wconf 78' lang='grc' dir='ltr'>ἀνθρώπων,</span> 
     </span>
    </p>
   </div>
   <div class='ocr_carea' id='block_1_29' title="bbox 2049 1459 3642 1532">
    <p class='ocr_par' dir='ltr' id='par_1_29' title="bbox 2049 1459 3642 1532">
     <span class='ocr_line' id='line_1_29' title="bbox 2049 1459 3642 1532; baseline -0.001 -17"><span class='ocrx_word' id='word_1_177' title='bbox 2049 1467 2114 1517; x_wconf 84' lang='grc' dir='ltr'><strong>ὲκ</strong></span> <span class='ocrx_word' id='word_1_178' title='bbox 2163 1460 2337 1516; x_wconf 79' lang='grc' dir='ltr'>κακοῦ</span> <span class='ocrx_word' id='word_1_179' title='bbox 2391 1461 2796 1532; x_wconf 79' lang='grc' dir='ltr'>ψιθυρίσματος</span> <span class='ocrx_word' id='word_1_180' title='bbox 2817 1460 2928 1514; x_wconf 88' lang='grc' dir='ltr'>τῶν</span> <span class='ocrx_word' id='word_1_181' title='bbox 2959 1459 3235 1529; x_wconf 80' lang='grc' dir='ltr'><strong>δαιμόνων</strong></span> <span class='ocrx_word' id='word_1_182' title='bbox 3259 1475 3272 1492; x_wconf 77' lang='grc'><strong><em>⁸</em></strong></span> <span class='ocrx_word' id='word_1_183' title='bbox 3311 1461 3393 1513; x_wconf 84' lang='grc' dir='ltr'>ὅτι</span> <span class='ocrx_word' id='word_1_184' title='bbox 3415 1459 3642 1530; x_wconf 83' lang='grc' dir='ltr'>ψιθυρί-</span> 
     </span>
    </p>
   </div>
   <div class='ocr_carea' id='block_1_30' title="bbox 2051 1553 3647 1626">
    <p class='ocr_par' dir='ltr' id='par_1_30' title="bbox 2051 1553 3647 1626">
     <span class='ocr_line' id='line_1_30' title="bbox 2051 1553 3647 1626; baseline -0.003 -16"><span class='ocrx_word' id='word_1_185' title='bbox 2051 1556 2208 1621; x_wconf 80' lang='grc' dir='ltr'>ζεται</span> <span class='ocrx_word' id='word_1_186' title='bbox 2241 1557 2318 1620; x_wconf 81' lang='grc' dir='ltr'><strong>είς</strong></span> <span class='ocrx_word' id='word_1_187' title='bbox 2347 1557 2447 1626; x_wconf 78' lang='grc' dir='ltr'><strong>τὴν</strong></span> <span class='ocrx_word' id='word_1_188' title='bbox 2480 1555 2713 1626; x_wconf 79' lang='grc' dir='ltr'>καρδίαν</span> <span class='ocrx_word' id='word_1_189' title='bbox 2739 1553 2849 1610; x_wconf 82' lang='grc' dir='ltr'>τῶν</span> <span class='ocrx_word' id='word_1_190' title='bbox 2873 1553 3185 1624; x_wconf 82' lang='grc' dir='ltr'>ἀνθρώπων</span> <span class='ocrx_word' id='word_1_191' title='bbox 3214 1554 3281 1607; x_wconf 73' lang='grc' dir='ltr'><strong>ἐκ</strong></span> <span class='ocrx_word' id='word_1_192' title='bbox 3307 1553 3416 1612; x_wconf 85' lang='grc' dir='ltr'>τῶν</span> <span class='ocrx_word' id='word_1_193' title='bbox 3442 1553 3647 1623; x_wconf 80' lang='grc' dir='ltr'>δαιμό-</span> 
     </span>
    </p>
   </div>
   <div class='ocr_carea' id='block_1_31' title="bbox 2050 1648 2635 1720">
    <p class='ocr_par' dir='ltr' id='par_1_31' title="bbox 2050 1648 2635 1720">
     <span class='ocr_line' id='line_1_31' title="bbox 2050 1648 2635 1720; baseline 0 -16"><span class='ocrx_word' id='word_1_194' title='bbox 2050 1667 2158 1704; x_wconf 87' lang='grc' dir='ltr'>νων</span> <span class='ocrx_word' id='word_1_195' title='bbox 2181 1650 2276 1705; x_wconf 73' lang='lat' dir='ltr'><strong>ttat</strong></span> <span class='ocrx_word' id='word_1_196' title='bbox 2303 1648 2401 1706; x_wconf 84' lang='grc' dir='ltr'>ἀνθ</span> <span class='ocrx_word' id='word_1_197' title='bbox 2412 1649 2635 1720; x_wconf 83' lang='grc' dir='ltr'>ρώπων.</span> 
     </span>
    </p>
   </div>
   <div class='ocr_carea' id='block_1_32' title="bbox 2123 1733 3644 1814">
    <p class='ocr_par' dir='ltr' id='par_1_32' title="bbox 2123 1733 3644 1814">
     <span class='ocr_line' id='line_1_32' title="bbox 2123 1733 3644 1814; baseline -0.001 -18"><span class='ocrx_word' id='word_1_198' title='bbox 2123 1741 2237 1814; x_wconf 86' lang='grc' dir='ltr'>κη’.</span> <span class='ocrx_word' id='word_1_199' title='bbox 2258 1741 2590 1812; x_wconf 80' lang='grc' dir='ltr'>Παρέδωκεν</span> <span class='ocrx_word' id='word_1_200' title='bbox 2622 1733 2782 1804; x_wconf 74' lang='grc' dir='ltr'>οὗτος</span> <span class='ocrx_word' id='word_1_201' title='bbox 2803 1743 2831 1794; x_wconf 98' lang='lat'><strong>6</strong></span> <span class='ocrx_word' id='word_1_202' title='bbox 2857 1740 2994 1810; x_wconf 85' lang='grc' dir='ltr'>γόης</span> <span class='ocrx_word' id='word_1_203' title='bbox 3014 1738 3259 1810; x_wconf 77' lang='grc' dir='ltr'>μαγικάς</span> <span class='ocrx_word' id='word_1_204' title='bbox 3285 1754 3439 1803; x_wconf 86' lang='grc' dir='ltr'>τινας</span> <span class='ocrx_word' id='word_1_205' title='bbox 3473 1755 3644 1794; x_wconf 79' lang='grc' dir='ltr'>κακο-</span> 
     </span>
    </p>
   </div>
   <div class='ocr_carea' id='block_1_33' title="bbox 362 1816 1950 1906">
    <p class='ocr_par' dir='ltr' id='par_1_33' title="bbox 362 1832 1944 1903">
     <span class='ocr_line' id='line_1_33' title="bbox 362 1832 1944 1903; baseline 0.003 -18"><span class='ocrx_word' id='word_1_206' title='bbox 362 1833 610 1903; x_wconf 80' lang='lat' dir='ltr'><strong>quaedam</strong></span> <span class='ocrx_word' id='word_1_207' title='bbox 674 1833 929 1900; x_wconf 83' lang='lat' dir='ltr'><strong>artiﬁcia,</strong></span> <span class='ocrx_word' id='word_1_208' title='bbox 969 1841 1025 1887; x_wconf 87' lang='lat' dir='ltr'><strong>et</strong></span> <span class='ocrx_word' id='word_1_209' title='bbox 1107 1832 1470 1888; x_wconf 76' lang='lat' dir='ltr'><strong>dzemoniacas</strong></span> <span class='ocrx_word' id='word_1_210' title='bbox 1566 1836 1944 1900; x_wconf 80' lang='lat' dir='ltr'><strong>cairemonias,</strong></span> 
     </span>
    </p>
   </div>
   <div class='ocr_carea' id='block_1_34' title="bbox 2056 1816 3641 1906">
    <p class='ocr_par' dir='ltr' id='par_1_34' title="bbox 2056 1830 3641 1906">
     <span class='ocr_line' id='line_1_34' title="bbox 2056 1830 3641 1906; baseline -0.004 -18"><span class='ocrx_word' id='word_1_211' title='bbox 2056 1835 2298 1906; x_wconf 79' lang='grc' dir='ltr'>τεχνίας,</span> <span class='ocrx_word' id='word_1_212' title='bbox 2317 1835 2413 1888; x_wconf 74' lang='grc' dir='ltr'>καὶ</span> <span class='ocrx_word' id='word_1_213' title='bbox 2441 1832 2819 1904; x_wconf 82' lang='grc' dir='ltr'>δαιμονιώδεις</span> <span class='ocrx_word' id='word_1_214' title='bbox 2849 1832 3100 1899; x_wconf 84' lang='grc' dir='ltr'>τελετὰς,</span> <span class='ocrx_word' id='word_1_215' title='bbox 3126 1831 3220 1884; x_wconf 73' lang='grc' dir='ltr'>καὶ</span> <span class='ocrx_word' id='word_1_216' title='bbox 3254 1830 3423 1895; x_wconf 73' lang='grc' dir='ltr'>ἄλλας</span> <span class='ocrx_word' id='word_1_217' title='bbox 3447 1831 3641 1902; x_wconf 74' lang='grc' dir='ltr'>ἁυεμί.</span> 
     </span>
    </p>
   </div>
   <div class='ocr_carea' id='block_1_35' title="bbox 362 1923 1944 1995">
    <p class='ocr_par' dir='ltr' id='par_1_35' title="bbox 362 1923 1944 1995">
     <span class='ocr_line' id='line_1_35' title="bbox 362 1923 1944 1995; baseline 0.003 -16"><span class='ocrx_word' id='word_1_218' title='bbox 362 1925 605 1995; x_wconf 83' lang='lat' dir='ltr'><strong>aliasque</strong></span> <span class='ocrx_word' id='word_1_219' title='bbox 653 1924 889 1980; x_wconf 79' lang='lat' dir='ltr'><strong>nefarias</strong></span> <span class='ocrx_word' id='word_1_220' title='bbox 939 1923 1308 1995; x_wconf 83' lang='lat' dir='ltr'><strong>scelestasque</strong></span> <span class='ocrx_word' id='word_1_221' title='bbox 1369 1934 1516 1981; x_wconf 83' lang='lat' dir='ltr'><strong>artes</strong></span> <span class='ocrx_word' id='word_1_222' title='bbox 1552 1935 1609 1981; x_wconf 87' lang='lat' dir='ltr'><strong>et</strong></span> <span class='ocrx_word' id='word_1_223' title='bbox 1653 1927 1944 1983; x_wconf 81' lang='lat' dir='ltr'><strong>sacriﬁcia.</strong></span> 
     </span>
    </p>
   </div>
   <div class='ocr_carea' id='block_1_36' title="bbox 363 2016 1155 2087">
    <p class='ocr_par' dir='ltr' id='par_1_36' title="bbox 363 2016 1155 2087">
     <span class='ocr_line' id='line_1_36' title="bbox 363 2016 1155 2087; baseline -0.003 -14"><span class='ocrx_word' id='word_1_224' title='bbox 363 2017 592 2073; x_wconf 79' lang='lat' dir='ltr'><strong>Frustra</strong></span> <span class='ocrx_word' id='word_1_225' title='bbox 665 2018 830 2087; x_wconf 84' lang='lat' dir='ltr'><strong>igitur</strong></span> <span class='ocrx_word' id='word_1_226' title='bbox 909 2016 1155 2087; x_wconf 87' lang='lat' dir='ltr'><strong>discipuli</strong></span> 
     </span>
    </p>
   </div>
   <div class='ocr_carea' id='block_1_37' title="bbox 366 2107 1948 2181">
    <p class='ocr_par' dir='ltr' id='par_1_37' title="bbox 366 2107 1948 2181">
     <span class='ocr_line' id='line_1_37' title="bbox 366 2107 1948 2181; baseline 0.001 -18"><span class='ocrx_word' id='word_1_227' title='bbox 366 2110 529 2179; x_wconf 90' lang='lat' dir='ltr'><strong>pudet</strong></span> <span class='ocrx_word' id='word_1_228' title='bbox 593 2110 740 2177; x_wconf 86' lang='lat' dir='ltr'><strong>ipsos</strong></span> <span class='ocrx_word' id='word_1_229' title='bbox 811 2109 1012 2163; x_wconf 86' lang='lat' dir='ltr'><strong>habere</strong></span> <span class='ocrx_word' id='word_1_230' title='bbox 1080 2107 1242 2162; x_wconf 88' lang='lat' dir='ltr'><strong>talem</strong></span> <span class='ocrx_word' id='word_1_231' title='bbox 1307 2107 1590 2163; x_wconf 88' lang='lat' dir='ltr'><strong>doctorem</strong></span> <span class='ocrx_word' id='word_1_232' title='bbox 1649 2113 1948 2181; x_wconf 85' lang='lat' dir='ltr'><strong>mysterio-</strong></span> 
     </span>
    </p>
   </div>
   <div class='ocr_carea' id='block_1_38' title="bbox 368 2197 1947 2268">
    <p class='ocr_par' dir='ltr' id='par_1_38' title="bbox 368 2197 1947 2268">
     <span class='ocr_line' id='line_1_38' title="bbox 368 2197 1947 2268; baseline 0.001 -14"><span class='ocrx_word' id='word_1_233' title='bbox 368 2215 510 2262; x_wconf 86' lang='lat' dir='ltr'><strong>rum,</strong></span> <span class='ocrx_word' id='word_1_234' title='bbox 567 2198 716 2253; x_wconf 91' lang='lat' dir='ltr'><strong>omni</strong></span> <span class='ocrx_word' id='word_1_235' title='bbox 773 2197 1133 2268; x_wconf 72' lang='lat' dir='ltr'><strong>blasphemia,</strong></span> <span class='ocrx_word' id='word_1_236' title='bbox 1219 2197 1504 2252; x_wconf 87' lang='lat' dir='ltr'><strong>atheismis</strong></span> <span class='ocrx_word' id='word_1_237' title='bbox 1555 2207 1609 2253; x_wconf 84' lang='lat' dir='ltr'><strong>et</strong></span> <span class='ocrx_word' id='word_1_238' title='bbox 1687 2201 1947 2256; x_wconf 81' lang='lat' dir='ltr'><strong>monstris</strong></span> 
     </span>
    </p>
   </div>
   <div class='ocr_carea' id='block_1_39' title="bbox 363 2283 684 2349">
    <p class='ocr_par' dir='ltr' id='par_1_39' title="bbox 363 2283 684 2349">
     <span class='ocr_line' id='line_1_39' title="bbox 363 2283 684 2349; baseline -0.012 0"><span class='ocrx_word' id='word_1_239' title='bbox 363 2283 661 2349; x_wconf 79' lang='lat' dir='ltr'><strong>scatentem</strong></span> <span class='ocrx_word' id='word_1_240' title='bbox 672 2332 684 2346; x_wconf 94' lang='lat'><strong>.</strong></span> 
     </span>
    </p>
   </div>
   <div class='ocr_carea' id='block_1_40' title="bbox 435 2383 1947 2454">
    <p class='ocr_par' dir='ltr' id='par_1_40' title="bbox 435 2383 1947 2454">
     <span class='ocr_line' id='line_1_40' title="bbox 435 2383 1947 2454; baseline 0.001 -15"><span class='ocrx_word' id='word_1_241' title='bbox 435 2385 527 2440; x_wconf 78' lang='lat'><strong>29.</strong></span> <span class='ocrx_word' id='word_1_242' title='bbox 566 2383 852 2440; x_wconf 78' lang='lat' dir='ltr'><strong>lsmaelitze</strong></span> <span class='ocrx_word' id='word_1_243' title='bbox 909 2383 1144 2454; x_wconf 90' lang='lat' dir='ltr'><strong>denique</strong></span> <span class='ocrx_word' id='word_1_244' title='bbox 1175 2383 1746 2441; x_wconf 77' lang='lat' dir='ltr'><strong>dicunt-benedictum</strong></span> <span class='ocrx_word' id='word_1_245' title='bbox 1781 2386 1947 2441; x_wconf 85' lang='lat' dir='ltr'><strong>etiam</strong></span> 
     </span>
    </p>
   </div>
   <div class='ocr_carea' id='block_1_41' title="bbox 367 2474 1950 2546">
    <p class='ocr_par' dir='ltr' id='par_1_41' title="bbox 367 2474 1950 2546">
     <span class='ocr_line' id='line_1_41' title="bbox 367 2474 1950 2546; baseline 0.001 -19"><span class='ocrx_word' id='word_1_246' title='bbox 367 2474 840 2532; x_wconf 80' lang='lat' dir='ltr'><strong>fuisselsmaelem</strong></span> <span class='ocrx_word' id='word_1_247' title='bbox 873 2474 1045 2530; x_wconf 88' lang='lat' dir='ltr'><strong>ﬁlium</strong></span> <span class='ocrx_word' id='word_1_248' title='bbox 1103 2475 1222 2531; x_wconf 88' lang='lat' dir='ltr'><strong>Dei.</strong></span> <span class='ocrx_word' id='word_1_249' title='bbox 1271 2475 1481 2542; x_wconf 80' lang='lat' dir='ltr'><strong>Quibus</strong></span> <span class='ocrx_word' id='word_1_250' title='bbox 1558 2485 1656 2531; x_wconf 74' lang='lat' dir='ltr'><strong>nos</strong></span> <span class='ocrx_word' id='word_1_251' title='bbox 1716 2490 1950 2546; x_wconf 86' lang='lat' dir='ltr'><strong>respon-</strong></span> 
     </span>
    </p>
   </div>
   <div class='ocr_carea' id='block_1_42' title="bbox 365 2565 1948 2637">
    <p class='ocr_par' dir='ltr' id='par_1_42' title="bbox 365 2565 1948 2637">
     <span class='ocr_line' id='line_1_42' title="bbox 365 2565 1948 2637; baseline -0.001 -16"><span class='ocrx_word' id='word_1_252' title='bbox 365 2568 558 2622; x_wconf 88' lang='lat' dir='ltr'><strong>demus</strong></span> <span class='ocrx_word' id='word_1_253' title='bbox 591 2584 604 2620; x_wconf 89' lang='lat'>:</span> <span class='ocrx_word' id='word_1_254' title='bbox 638 2565 1072 2621; x_wconf 74' lang='lat' dir='ltr'><strong>benedictionem</strong></span> <span class='ocrx_word' id='word_1_255' title='bbox 1087 2565 1304 2636; x_wconf 88' lang='lat' dir='ltr'><strong>quidem</strong></span> <span class='ocrx_word' id='word_1_256' title='bbox 1336 2565 1491 2621; x_wconf 91' lang='lat' dir='ltr'><strong>illum</strong></span> <span class='ocrx_word' id='word_1_257' title='bbox 1511 2567 1808 2637; x_wconf 82' lang='lat' dir='ltr'><strong>accepisse,</strong></span> <span class='ocrx_word' id='word_1_258' title='bbox 1839 2581 1948 2622; x_wconf 92' lang='lat' dir='ltr'><strong>non</strong></span> 
     </span>
    </p>
   </div>
   <div class='ocr_carea' id='block_1_43' title="bbox 369 2658 1950 2730">
    <p class='ocr_par' dir='ltr' id='par_1_43' title="bbox 369 2658 1950 2730">
     <span class='ocr_line' id='line_1_43' title="bbox 369 2658 1950 2730; baseline 0.002 -16"><span class='ocrx_word' id='word_1_259' title='bbox 369 2671 546 2714; x_wconf 84' lang='lat' dir='ltr'><strong>tamen</strong></span> <span class='ocrx_word' id='word_1_260' title='bbox 577 2658 794 2723; x_wconf 87' lang='lat' dir='ltr'><strong>qualem</strong></span> <span class='ocrx_word' id='word_1_261' title='bbox 856 2660 1074 2728; x_wconf 84' lang='lat' dir='ltr'><strong>accepit</strong></span> <span class='ocrx_word' id='word_1_262' title='bbox 1131 2658 1484 2728; x_wconf 89' lang='lat' dir='ltr'><strong>lsaaeus(in</strong></span> <span class='ocrx_word' id='word_1_263' title='bbox 1539 2659 1696 2730; x_wconf 85' lang='lat' dir='ltr'><strong>cujus</strong></span> <span class='ocrx_word' id='word_1_264' title='bbox 1741 2661 1950 2718; x_wconf 89' lang='lat' dir='ltr'><strong>semine</strong></span> 
     </span>
    </p>
   </div>
   <div class='ocr_carea' id='block_1_44' title="bbox 370 2751 1949 2823">
    <p class='ocr_par' dir='ltr' id='par_1_44' title="bbox 370 2751 1949 2823">
     <span class='ocr_line' id='line_1_44' title="bbox 370 2751 1949 2823; baseline -0.001 -14"><span class='ocrx_word' id='word_1_265' title='bbox 370 2755 509 2808; x_wconf 84' lang='lat' dir='ltr'><strong>Deus</strong></span> <span class='ocrx_word' id='word_1_266' title='bbox 543 2753 870 2821; x_wconf 81' lang='lat' dir='ltr'><strong>promiserat</strong></span> <span class='ocrx_word' id='word_1_267' title='bbox 925 2751 1323 2806; x_wconf 86' lang='lat' dir='ltr'><strong>benediceudas</strong></span> <span class='ocrx_word' id='word_1_268' title='bbox 1345 2766 1466 2808; x_wconf 89' lang='lat' dir='ltr'><strong>esse</strong></span> <span class='ocrx_word' id='word_1_269' title='bbox 1498 2767 1690 2808; x_wconf 80' lang='lat' dir='ltr'><strong>ornues</strong></span> <span class='ocrx_word' id='word_1_270' title='bbox 1741 2765 1949 2823; x_wconf 79' lang='lat' dir='ltr'><strong>gentes,</strong></span> 
     </span>
    </p>
   </div>
   <div class='ocr_carea' id='block_1_45' title="bbox 364 2842 1952 2916">
    <p class='ocr_par' dir='ltr' id='par_1_45' title="bbox 364 2842 1952 2916">
     <span class='ocr_line' id='line_1_45' title="bbox 364 2842 1952 2916; baseline 0.003 -17"><span class='ocrx_word' id='word_1_271' title='bbox 364 2860 566 2913; x_wconf 83' lang='lat' dir='ltr'><strong>easque</strong></span> <span class='ocrx_word' id='word_1_272' title='bbox 599 2843 849 2898; x_wconf 68' lang='lat' dir='ltr'><strong>hat-redes</strong></span> <span class='ocrx_word' id='word_1_273' title='bbox 907 2842 1022 2898; x_wconf 83' lang='lat' dir='ltr'><strong>l‘ore</strong></span> <span class='ocrx_word' id='word_1_274' title='bbox 1057 2843 1441 2912; x_wconf 87' lang='lat' dir='ltr'><strong>promissionis</strong></span> <span class='ocrx_word' id='word_1_275' title='bbox 1493 2845 1804 2916; x_wconf 73' lang='lat' dir='ltr'><strong>maximae),</strong></span> <span class='ocrx_word' id='word_1_276' title='bbox 1857 2849 1952 2903; x_wconf 89' lang='lat' dir='ltr'><strong>sed</strong></span> 
     </span>
    </p>
   </div>
   <div class='ocr_carea' id='block_1_46' title="bbox 367 2935 1952 3007">
    <p class='ocr_par' dir='ltr' id='par_1_46' title="bbox 367 2935 1952 3007">
     <span class='ocr_line' id='line_1_46' title="bbox 367 2935 1952 3007; baseline 0.001 -15"><span class='ocrx_word' id='word_1_277' title='bbox 367 2937 528 2993; x_wconf 86' lang='lat' dir='ltr'><strong>talem</strong></span> <span class='ocrx_word' id='word_1_278' title='bbox 556 2951 660 3007; x_wconf 90' lang='lat' dir='ltr'><strong>qua</strong></span> <span class='ocrx_word' id='word_1_279' title='bbox 687 2937 852 2991; x_wconf 89' lang='lat' dir='ltr'><strong>etiam</strong></span> <span class='ocrx_word' id='word_1_280' title='bbox 890 2937 1049 2990; x_wconf 87' lang='lat' dir='ltr'><strong>bruta</strong></span> <span class='ocrx_word' id='word_1_281' title='bbox 1081 2935 1379 2990; x_wconf 86' lang='lat' dir='ltr'><strong>animantia</strong></span> <span class='ocrx_word' id='word_1_282' title='bbox 1411 2938 1666 3006; x_wconf 80' lang='lat' dir='ltr'><strong>gaudent,</strong></span> <span class='ocrx_word' id='word_1_283' title='bbox 1699 2952 1952 2994; x_wconf 89' lang='lat' dir='ltr'><strong>crescere</strong></span> 
     </span>
    </p>
   </div>
   <div class='ocr_carea' id='block_1_47' title="bbox 367 3028 1945 3101">
    <p class='ocr_par' dir='ltr' id='par_1_47' title="bbox 367 3028 1945 3101">
     <span class='ocr_line' id='line_1_47' title="bbox 367 3028 1945 3101; baseline 0.001 -16"><span class='ocrx_word' id='word_1_284' title='bbox 367 3046 561 3101; x_wconf 87' lang='lat' dir='ltr'><strong>nempe</strong></span> <span class='ocrx_word' id='word_1_285' title='bbox 588 3039 640 3084; x_wconf 91' lang='lat' dir='ltr'><strong>et</strong></span> <span class='ocrx_word' id='word_1_286' title='bbox 671 3029 1041 3101; x_wconf 87' lang='lat' dir='ltr'><strong>multiplicari.</strong></span> <span class='ocrx_word' id='word_1_287' title='bbox 1075 3030 1148 3082; x_wconf 83' lang='lat' dir='ltr'><strong>At</strong></span> <span class='ocrx_word' id='word_1_288' title='bbox 1171 3028 1431 3100; x_wconf 85' lang='lat' dir='ltr'><strong>quidnam</strong></span> <span class='ocrx_word' id='word_1_289' title='bbox 1469 3029 1739 3100; x_wconf 80' lang='lat' dir='ltr'><strong>profuerit</strong></span> <span class='ocrx_word' id='word_1_290' title='bbox 1759 3031 1945 3100; x_wconf 82' lang='lat' dir='ltr'><strong>generi</strong></span> 
     </span>
    </p>
   </div>
   <div class='ocr_carea' id='block_1_48' title="bbox 1233 2017 1984 2088">
    <p class='ocr_par' dir='ltr' id='par_1_48' title="bbox 1233 2017 1984 2088">
     <span class='ocr_line' id='line_1_48' title="bbox 1233 2017 1984 2088; baseline 0.003 -17"><span class='ocrx_word' id='word_1_291' title='bbox 1233 2017 1397 2086; x_wconf 86' lang='lat' dir='ltr'><strong>hujus</strong></span> <span class='ocrx_word' id='word_1_292' title='bbox 1451 2017 1770 2088; x_wconf 86' lang='lat' dir='ltr'><strong>gloriantur,</strong></span> <span class='ocrx_word' id='word_1_293' title='bbox 1842 2031 1984 2075; x_wconf 77' lang='lat' dir='ltr'><strong>nee&#39;</strong></span> 
     </span>
    </p>
   </div>
   <div class='ocr_carea' id='block_1_49' title="bbox 2051 1924 3644 2003">
    <p class='ocr_par' dir='ltr' id='par_1_49' title="bbox 2051 1924 3644 2003">
     <span class='ocr_line' id='line_1_49' title="bbox 2051 1924 3644 2003; baseline -0.005 -18"><span class='ocrx_word' id='word_1_294' title='bbox 2051 1950 2182 1997; x_wconf 88' lang='grc' dir='ltr'>τους</span> <span class='ocrx_word' id='word_1_295' title='bbox 2222 1931 2662 2003; x_wconf 80' lang='grc' dir='ltr'>ἁῤῥητουργίας.</span> <span class='ocrx_word' id='word_1_296' title='bbox 2695 1929 2891 2000; x_wconf 82' lang='grc' dir='ltr'><strong>Μάτην</strong></span> <span class='ocrx_word' id='word_1_297' title='bbox 2921 1924 3014 1982; x_wconf 81' lang='grc' dir='ltr'><strong>οὖν</strong></span> <span class='ocrx_word' id='word_1_298' title='bbox 3043 1928 3138 1982; x_wconf 77' lang='grc' dir='ltr'><strong>ἐπὶ</strong></span> <span class='ocrx_word' id='word_1_299' title='bbox 3167 1926 3344 1996; x_wconf 88' lang='grc' dir='ltr'>τούτῳ</span> <span class='ocrx_word' id='word_1_300' title='bbox 3364 1926 3644 1997; x_wconf 86' lang='grc' dir='ltr'>μεγαλαυ-</span> 
     </span>
    </p>
   </div>
   <div class='ocr_carea' id='block_1_50' title="bbox 2052 2017 3643 2094">
    <p class='ocr_par' dir='ltr' id='par_1_50' title="bbox 2052 2017 3643 2094">
     <span class='ocr_line' id='line_1_50' title="bbox 2052 2017 3643 2094; baseline -0.004 -17"><span class='ocrx_word' id='word_1_301' title='bbox 2052 2024 2245 2094; x_wconf 84' lang='grc' dir='ltr'>χοῦσιν</span> <span class='ocrx_word' id='word_1_302' title='bbox 2293 2025 2343 2076; x_wconf 86' lang='grc' dir='ltr'><strong>οί</strong></span> <span class='ocrx_word' id='word_1_303' title='bbox 2382 2021 2576 2076; x_wconf 88' lang='grc' dir='ltr'>τούτου</span> <span class='ocrx_word' id='word_1_304' title='bbox 2635 2020 2907 2092; x_wconf 82' lang='grc' dir='ltr'>μαθηταὶ,</span> <span class='ocrx_word' id='word_1_305' title='bbox 2953 2021 3051 2074; x_wconf 77' lang='grc' dir='ltr'><strong>καὶ</strong></span> <span class='ocrx_word' id='word_1_306' title='bbox 3081 2022 3182 2073; x_wconf 83' lang='grc' dir='ltr'>οὐκ</span> <span class='ocrx_word' id='word_1_307' title='bbox 3199 2017 3643 2088; x_wconf 82' lang='grc' dir='ltr'>ὲγκαλύπτονται</span> 
     </span>
    </p>
   </div>
   <div class='ocr_carea' id='block_1_51' title="bbox 2049 2111 3645 2186">
    <p class='ocr_par' dir='ltr' id='par_1_51' title="bbox 2049 2111 3645 2186">
     <span class='ocr_line' id='line_1_51' title="bbox 2049 2111 3645 2186; baseline -0.006 -16"><span class='ocrx_word' id='word_1_308' title='bbox 2049 2115 2296 2170; x_wconf 78' lang='grc' dir='ltr'>τοιοῦτον</span> <span class='ocrx_word' id='word_1_309' title='bbox 2330 2115 2549 2186; x_wconf 78' lang='grc' dir='ltr'>ἔχοντες</span> <span class='ocrx_word' id='word_1_310' title='bbox 2603 2114 2992 2183; x_wconf 82' lang='grc' dir='ltr'>μυσταγωγὸν,</span> <span class='ocrx_word' id='word_1_311' title='bbox 3053 2115 3236 2184; x_wconf 81' lang='grc' dir='ltr'><strong>πάσης</strong></span> <span class='ocrx_word' id='word_1_312' title='bbox 3287 2111 3645 2182; x_wconf 80' lang='grc' dir='ltr'><strong>βλασφημίας</strong></span> 
     </span>
    </p>
   </div>
   <div class='ocr_carea' id='block_1_52' title="bbox 2051 2203 3635 2277">
    <p class='ocr_par' dir='ltr' id='par_1_52' title="bbox 2051 2203 3635 2277">
     <span class='ocr_line' id='line_1_52' title="bbox 2051 2203 3635 2277; baseline -0.004 -14"><span class='ocrx_word' id='word_1_313' title='bbox 2051 2210 2148 2263; x_wconf 75' lang='grc' dir='ltr'>καὶ</span> <span class='ocrx_word' id='word_1_314' title='bbox 2206 2209 2400 2272; x_wconf 64' lang='lat' dir='ltr'><strong>dilatat;</strong></span> <span class='ocrx_word' id='word_1_315' title='bbox 2436 2207 2536 2262; x_wconf 81' lang='grc' dir='ltr'><strong>καὶ</strong></span> <span class='ocrx_word' id='word_1_316' title='bbox 2588 2205 2983 2277; x_wconf 85' lang='grc' dir='ltr'>τερατολογίας</span> <span class='ocrx_word' id='word_1_317' title='bbox 3033 2207 3129 2260; x_wconf 71' lang='grc' dir='ltr'><strong>καὶ</strong></span> <span class='ocrx_word' id='word_1_318' title='bbox 3185 2203 3446 2275; x_wconf 81' lang='grc' dir='ltr'>γοητείας</span> <span class='ocrx_word' id='word_1_319' title='bbox 3505 2203 3635 2257; x_wconf 80' lang='grc' dir='ltr'><strong>ἀνά-</strong></span> 
     </span>
    </p>
   </div>
   <div class='ocr_carea' id='block_1_53' title="bbox 2051 2304 2254 2359">
    <p class='ocr_par' dir='ltr' id='par_1_53' title="bbox 2051 2304 2254 2359">
     <span class='ocr_line' id='line_1_53' title="bbox 2051 2304 2254 2359; baseline 0.005 -2"><span class='ocrx_word' id='word_1_320' title='bbox 2051 2304 2254 2359; x_wconf 86' lang='grc' dir='ltr'>πλεων.</span> 
     </span>
    </p>
   </div>
   <div class='ocr_carea' id='block_1_54' title="bbox 2123 2387 3646 2464">
    <p class='ocr_par' dir='ltr' id='par_1_54' title="bbox 2123 2387 3646 2464">
     <span class='ocr_line' id='line_1_54' title="bbox 2123 2387 3646 2464; baseline -0.008 -13"><span class='ocrx_word' id='word_1_321' title='bbox 2123 2395 2225 2450; x_wconf 85' lang='grc' dir='ltr'><strong>κθ’.</strong></span> <span class='ocrx_word' id='word_1_322' title='bbox 2265 2395 2534 2464; x_wconf 81' lang='grc' dir='ltr'>Λέγουσιν</span> <span class='ocrx_word' id='word_1_323' title='bbox 2564 2392 2616 2445; x_wconf 80' lang='grc' dir='ltr'><strong>οἱ</strong></span> <span class='ocrx_word' id='word_1_324' title='bbox 2649 2390 3001 2462; x_wconf 83' lang='grc' dir='ltr'>Ἰσμαηλίται</span> <span class='ocrx_word' id='word_1_325' title='bbox 3040 2387 3409 2459; x_wconf 85' lang='grc' dir='ltr'>εὐλογηθῆναι</span> <span class='ocrx_word' id='word_1_326' title='bbox 3431 2388 3526 2441; x_wconf 63' lang='grc' dir='ltr'><strong>καὶ</strong></span> <span class='ocrx_word' id='word_1_327' title='bbox 3551 2387 3646 2440; x_wconf 70' lang='grc' dir='ltr'><strong>τὸν</strong></span> 
     </span>
    </p>
   </div>
   <div class='ocr_carea' id='block_1_55' title="bbox 2065 2483 3646 2560">
    <p class='ocr_par' dir='ltr' id='par_1_55' title="bbox 2065 2483 3646 2560">
     <span class='ocr_line' id='line_1_55' title="bbox 2065 2483 3646 2560; baseline -0.008 -15"><span class='ocrx_word' id='word_1_328' title='bbox 2065 2489 2292 2560; x_wconf 79' lang='grc' dir='ltr'>Ἰσμαὴλ</span> <span class='ocrx_word' id='word_1_329' title='bbox 2347 2488 2464 2543; x_wconf 79' lang='grc' dir='ltr'>υἱὸν</span> <span class='ocrx_word' id='word_1_330' title='bbox 2524 2484 2874 2559; x_wconf 73' lang='grc' dir='ltr'>Θεοῦοπρὸς</span> <span class='ocrx_word' id='word_1_331' title='bbox 2922 2483 3016 2546; x_wconf 82' lang='grc' dir='ltr'><strong>οὓς</strong></span> <span class='ocrx_word' id='word_1_332' title='bbox 3074 2484 3240 2554; x_wconf 83' lang='grc' dir='ltr'>ἡμεῖς</span> <span class='ocrx_word' id='word_1_333' title='bbox 3295 2498 3498 2551; x_wconf 81' lang='grc' dir='ltr'>φαμεν,</span> <span class='ocrx_word' id='word_1_334' title='bbox 3557 2484 3646 2535; x_wconf 82' lang='grc' dir='ltr'>ὅτι</span> 
     </span>
    </p>
   </div>
   <div class='ocr_carea' id='block_1_56' title="bbox 2052 2567 3645 2654">
    <p class='ocr_par' dir='ltr' id='par_1_56' title="bbox 2052 2567 3645 2654">
     <span class='ocr_line' id='line_1_56' title="bbox 2052 2567 3645 2654; baseline -0.009 -15"><span class='ocrx_word' id='word_1_335' title='bbox 2052 2584 2308 2654; x_wconf 81' lang='grc' dir='ltr'>εὐλογίαν</span> <span class='ocrx_word' id='word_1_336' title='bbox 2353 2585 2561 2646; x_wconf 73' lang='grc' dir='ltr'>ἐκεῖνος</span> <span class='ocrx_word' id='word_1_337' title='bbox 2592 2580 2812 2646; x_wconf 70' lang='grc' dir='ltr'>ἔλασεν,</span> <span class='ocrx_word' id='word_1_338' title='bbox 2846 2580 2946 2648; x_wconf 81' lang='grc' dir='ltr'>οὐχ</span> <span class='ocrx_word' id='word_1_339' title='bbox 2973 2578 3094 2632; x_wconf 76' lang='grc' dir='ltr'>οἵαν</span> <span class='ocrx_word' id='word_1_340' title='bbox 3141 2577 3170 2629; x_wconf 87' lang='lat'><strong>6</strong></span> <span class='ocrx_word' id='word_1_341' title='bbox 3213 2575 3427 2644; x_wconf 80' lang='grc' dir='ltr'>Ἰσαὰκ,</span> <span class='ocrx_word' id='word_1_342' title='bbox 3471 2567 3533 2626; x_wconf 74' lang='grc' dir='ltr'>οὗ</span> <span class='ocrx_word' id='word_1_343' title='bbox 3565 2575 3645 2642; x_wconf 74' lang='grc' dir='ltr'>τῷ</span> 
     </span>
    </p>
   </div>
   <div class='ocr_carea' id='block_1_57' title="bbox 2055 2667 3643 2751">
    <p class='ocr_par' dir='ltr' id='par_1_57' title="bbox 2055 2667 3643 2751">
     <span class='ocr_line' id='line_1_57' title="bbox 2055 2667 3643 2751; baseline -0.008 -17"><span class='ocrx_word' id='word_1_344' title='bbox 2055 2675 2794 2751; x_wconf 72' lang='grc' dir='ltr'>σπέρματιὲνευλογηθῆναι</span> <span class='ocrx_word' id='word_1_345' title='bbox 2829 2677 3012 2728; x_wconf 81' lang='grc' dir='ltr'>πάντα</span> <span class='ocrx_word' id='word_1_346' title='bbox 3044 2672 3113 2726; x_wconf 85' lang='grc' dir='ltr'>τὰ</span> <span class='ocrx_word' id='word_1_347' title='bbox 3144 2669 3273 2741; x_wconf 78' lang='grc' dir='ltr'>ἔθνη</span> <span class='ocrx_word' id='word_1_348' title='bbox 3302 2667 3643 2740; x_wconf 69' lang='grc' dir='ltr'>ἐπηγγείλαο</span> 
     </span>
    </p>
   </div>
   <div class='ocr_carea' id='block_1_58' title="bbox 2051 2762 3648 2840">
    <p class='ocr_par' dir='ltr' id='par_1_58' title="bbox 2051 2762 3648 2840">
     <span class='ocr_line' id='line_1_58' title="bbox 2051 2762 3648 2840; baseline -0.011 -9"><span class='ocrx_word' id='word_1_349' title='bbox 2051 2779 2174 2832; x_wconf 85' lang='grc' dir='ltr'><strong>τοό</strong></span> <span class='ocrx_word' id='word_1_350' title='bbox 2223 2773 2382 2837; x_wconf 87' lang='grc' dir='ltr'>Θεὸς,</span> <span class='ocrx_word' id='word_1_351' title='bbox 2437 2771 2534 2826; x_wconf 74' lang='grc' dir='ltr'><strong>καὶ</strong></span> <span class='ocrx_word' id='word_1_352' title='bbox 2599 2767 2946 2840; x_wconf 84' lang='grc' dir='ltr'>κληρονόμον</span> <span class='ocrx_word' id='word_1_353' title='bbox 3011 2763 3174 2818; x_wconf 78' lang='grc' dir='ltr'>τοῦτο</span> <span class='ocrx_word' id='word_1_354' title='bbox 3243 2763 3500 2832; x_wconf 81' lang='grc' dir='ltr'>γενέσθαι</span> <span class='ocrx_word' id='word_1_355' title='bbox 3545 2762 3648 2830; x_wconf 68' lang='grc' dir='ltr'>τῆς</span> 
     </span>
    </p>
   </div>
   <div class='ocr_carea' id='block_1_59' title="bbox 2058 2852 3647 2936">
    <p class='ocr_par' dir='ltr' id='par_1_59' title="bbox 2058 2852 3647 2936">
     <span class='ocr_line' id='line_1_59' title="bbox 2058 2852 3647 2936; baseline -0.008 -19"><span class='ocrx_word' id='word_1_356' title='bbox 2058 2864 2327 2936; x_wconf 84' lang='grc' dir='ltr'>μεγίστης</span> <span class='ocrx_word' id='word_1_357' title='bbox 2351 2857 2713 2929; x_wconf 73' lang='grc' dir='ltr'>ἐπαγγελίας,</span> <span class='ocrx_word' id='word_1_358' title='bbox 2731 2855 2848 2911; x_wconf 81' lang='grc' dir='ltr'>ἀλλ’</span> <span class='ocrx_word' id='word_1_359' title='bbox 2875 2857 2997 2910; x_wconf 79' lang='grc' dir='ltr'>οἵαν</span> <span class='ocrx_word' id='word_1_360' title='bbox 3015 2863 3109 2909; x_wconf 74' lang='grc' dir='ltr'>καὶ</span> <span class='ocrx_word' id='word_1_361' title='bbox 3129 2853 3200 2907; x_wconf 71' lang='grc' dir='ltr'>τὰ</span> <span class='ocrx_word' id='word_1_362' title='bbox 3233 2853 3408 2921; x_wconf 79' lang='grc' dir='ltr'>ἄλογα</span> <span class='ocrx_word' id='word_1_363' title='bbox 3439 2852 3647 2917; x_wconf 83' lang='grc' dir='ltr'>πάντα,</span> 
     </span>
    </p>
   </div>
   <div class='ocr_carea' id='block_1_60' title="bbox 2055 2945 3644 3021">
    <p class='ocr_par' dir='ltr' id='par_1_60' title="bbox 2055 2945 3644 3021">
     <span class='ocr_line' id='line_1_60' title="bbox 2055 2945 3644 3021; baseline -0.009 -9"><span class='ocrx_word' id='word_1_364' title='bbox 2055 2958 2199 3012; x_wconf 85' lang='grc' dir='ltr'>ὥστε</span> <span class='ocrx_word' id='word_1_365' title='bbox 2217 2953 2552 3020; x_wconf 79' lang='grc' dir='ltr'>αὐξάνεσθαι</span> <span class='ocrx_word' id='word_1_366' title='bbox 2575 2953 2672 3004; x_wconf 77' lang='grc' dir='ltr'>καὶ</span> <span class='ocrx_word' id='word_1_367' title='bbox 2707 2948 3108 3021; x_wconf 87' lang='grc' dir='ltr'>πληθύνεσθαι.</span> <span class='ocrx_word' id='word_1_368' title='bbox 3139 2948 3236 3011; x_wconf 88' lang='grc' dir='ltr'><strong>Τίς</strong></span> <span class='ocrx_word' id='word_1_369' title='bbox 3263 2945 3322 3000; x_wconf 73' lang='grc' dir='ltr'>δὲ</span> <span class='ocrx_word' id='word_1_370' title='bbox 3352 2947 3538 3017; x_wconf 74' lang='grc' dir='ltr'>ὄνησις</span> <span class='ocrx_word' id='word_1_371' title='bbox 3565 2947 3644 3016; x_wconf 78' lang='grc' dir='ltr'>τῷ</span> 
     </span>
    </p>
   </div>
   <div class='ocr_carea' id='block_1_61' title="bbox 2055 3041 3650 3120">
    <p class='ocr_par' dir='ltr' id='par_1_61' title="bbox 2055 3041 3650 3120">
     <span class='ocr_line' id='line_1_61' title="bbox 2055 3041 3650 3120; baseline -0.008 -15"><span class='ocrx_word' id='word_1_372' title='bbox 2055 3053 2210 3120; x_wconf 83' lang='grc' dir='ltr'>γένει</span> <span class='ocrx_word' id='word_1_373' title='bbox 2273 3047 2470 3102; x_wconf 88' lang='grc' dir='ltr'>τούτου</span> <span class='ocrx_word' id='word_1_374' title='bbox 2534 3045 2611 3117; x_wconf 81' lang='grc' dir='ltr'>τῷ</span> <span class='ocrx_word' id='word_1_375' title='bbox 2657 3044 3082 3116; x_wconf 79' lang='grc' dir='ltr'>πληθυνομένῳ,</span> <span class='ocrx_word' id='word_1_376' title='bbox 3113 3043 3210 3096; x_wconf 72' lang='grc' dir='ltr'><strong>καὶ</strong></span> <span class='ocrx_word' id='word_1_377' title='bbox 3251 3043 3352 3112; x_wconf 86' lang='grc' dir='ltr'>τῆς</span> <span class='ocrx_word' id='word_1_378' title='bbox 3382 3041 3532 3104; x_wconf 83' lang='grc' dir='ltr'>θείας</span> <span class='ocrx_word' id='word_1_379' title='bbox 3557 3041 3650 3094; x_wconf 79' lang='grc' dir='ltr'>εύ-</span> 
     </span>
    </p>
   </div>
   <div class='ocr_carea' id='block_1_62' title="bbox 367 3122 3535 3228">
    <p class='ocr_par' dir='ltr' id='par_1_62' title="bbox 367 3122 3535 3228">
     <span class='ocr_line' id='line_1_62' title="bbox 367 3122 3535 3228; baseline -0.004 -32"><span class='ocrx_word' id='word_1_380' title='bbox 367 3125 385 3190; x_wconf 90' lang='grc'><strong>(</strong></span> <span class='ocrx_word' id='word_1_381' title='bbox 430 3123 594 3228; x_wconf 40' lang='lat' dir='ltr'><strong>huius.</strong></span> <span class='ocrx_word' id='word_1_382' title='bbox 631 3124 652 3196; x_wconf 88' lang='grc'>)</span> <span class='ocrx_word' id='word_1_383' title='bbox 701 3137 980 3227; x_wconf 44' lang='grc' dir='ltr'>,θτθδεθνξθ</span> <span class='ocrx_word' id='word_1_384' title='bbox 1043 3131 1098 3177; x_wconf 71' lang='grc' dir='ltr'><strong>(η</strong></span> <span class='ocrx_word' id='word_1_385' title='bbox 1189 3122 1570 3228; x_wconf 59' lang='grc' dir='ltr'><strong>ξυυιίίρηξῖδτῖν</strong></span> <span class='ocrx_word' id='word_1_386' title='bbox 1631 3133 1688 3178; x_wconf 71' lang='grc' dir='ltr'><strong>ει</strong></span> <span class='ocrx_word' id='word_1_387' title='bbox 1763 3124 1946 3228; x_wconf 48' lang='lat' dir='ltr'><strong>divina</strong></span> <span class='ocrx_word' id='word_1_388' title='bbox 1978 3169 2024 3228; x_wconf 68' lang='grc' dir='ltr'>α</span> <span class='ocrx_word' id='word_1_389' title='bbox 2059 3145 2277 3218; x_wconf 85' lang='grc' dir='ltr'>μενείας</span> <span class='ocrx_word' id='word_1_390' title='bbox 2301 3139 2868 3210; x_wconf 74' lang='grc' dir='ltr'>ἀποτυγχάνοντι,καὶ</span> <span class='ocrx_word' id='word_1_391' title='bbox 2895 3133 3535 3207; x_wconf 77' lang='grc' dir='ltr'>ἀλλοτριουμένῳθεοῦς</span> 
     </span>
    </p>
   </div>
   <div class='ocr_carea' id='block_1_63' title="bbox 367 3212 1952 3287">
    <p class='ocr_par' dir='ltr' id='par_1_63' title="bbox 367 3212 1952 3287">
     <span class='ocr_line' id='line_1_63' title="bbox 367 3212 1952 3287; baseline 0.001 -15"><span class='ocrx_word' id='word_1_392' title='bbox 367 3214 753 3273; x_wconf 83' lang='lat' dir='ltr'><strong>benevolentia</strong></span> <span class='ocrx_word' id='word_1_393' title='bbox 823 3216 1112 3286; x_wconf 72' lang='lat' dir='ltr'><strong>gratiaque</strong></span> <span class='ocrx_word' id='word_1_394' title='bbox 1186 3212 1464 3280; x_wconf 77' lang='lat' dir='ltr'><strong>frustrari,</strong></span> <span class='ocrx_word' id='word_1_395' title='bbox 1527 3227 1690 3287; x_wconf 88' lang='lat' dir='ltr'><strong>atque</strong></span> <span class='ocrx_word' id='word_1_396' title='bbox 1746 3232 1776 3272; x_wconf 89' lang='lat' dir='ltr'><strong>a</strong></span> <span class='ocrx_word' id='word_1_397' title='bbox 1843 3218 1952 3273; x_wconf 91' lang='lat' dir='ltr'><strong>Deo</strong></span> 
     </span>
    </p>
   </div>
   <div class='ocr_carea' id='block_1_64' title="bbox 367 3308 789 3365">
    <p class='ocr_par' dir='ltr' id='par_1_64' title="bbox 367 3308 789 3365">
     <span class='ocr_line' id='line_1_64' title="bbox 367 3308 789 3365; baseline -0.009 0"><span class='ocrx_word' id='word_1_398' title='bbox 367 3310 600 3365; x_wconf 87' lang='lat' dir='ltr'><strong>alienum</strong></span> <span class='ocrx_word' id='word_1_399' title='bbox 629 3308 789 3362; x_wconf 83' lang='lat' dir='ltr'><strong>esse?</strong></span> 
     </span>
    </p>
   </div>
   <div class='ocr_carea' id='block_1_65' title="bbox 437 3397 1955 3468">
    <p class='ocr_par' dir='ltr' id='par_1_65' title="bbox 437 3397 1955 3468">
     <span class='ocr_line' id='line_1_65' title="bbox 437 3397 1955 3468; baseline 0.001 -16"><span class='ocrx_word' id='word_1_400' title='bbox 437 3398 566 3453; x_wconf 69' lang='lat' dir='ltr'><strong>Haec</strong></span> <span class='ocrx_word' id='word_1_401' title='bbox 600 3397 842 3451; x_wconf 91' lang='lat' dir='ltr'><strong>labulosa</strong></span> <span class='ocrx_word' id='word_1_402' title='bbox 880 3404 1208 3464; x_wconf 82' lang='lat' dir='ltr'><strong>nugamenta</strong></span> <span class='ocrx_word' id='word_1_403' title='bbox 1267 3397 1753 3468; x_wconf 67' lang='lat' dir='ltr'><strong>pseudoprophetm</strong></span> <span class='ocrx_word' id='word_1_404' title='bbox 1814 3400 1955 3456; x_wconf 84' lang='lat' dir='ltr'><strong>Moa-</strong></span> 
     </span>
    </p>
   </div>
   <div class='ocr_carea' id='block_1_66' title="bbox 369 3488 1951 3559">
    <p class='ocr_par' dir='ltr' id='par_1_66' title="bbox 369 3488 1951 3559">
     <span class='ocr_line' id='line_1_66' title="bbox 369 3488 1951 3559; baseline -0.001 -14"><span class='ocrx_word' id='word_1_405' title='bbox 369 3491 535 3546; x_wconf 84' lang='lat' dir='ltr'><strong>methi</strong></span> <span class='ocrx_word' id='word_1_406' title='bbox 577 3498 860 3559; x_wconf 78' lang='lat' dir='ltr'><strong>propterea</strong></span> <span class='ocrx_word' id='word_1_407' title='bbox 905 3488 993 3544; x_wconf 77' lang='lat' dir='ltr'><strong>hic</strong></span> <span class='ocrx_word' id='word_1_408' title='bbox 1015 3488 1316 3557; x_wconf 89' lang='lat' dir='ltr'><strong>perscripta</strong></span> <span class='ocrx_word' id='word_1_409' title='bbox 1346 3501 1493 3556; x_wconf 91' lang='lat' dir='ltr'><strong>sunt,</strong></span> <span class='ocrx_word' id='word_1_410' title='bbox 1547 3500 1604 3542; x_wconf 88' lang='lat' dir='ltr'><strong>ut</strong></span> <span class='ocrx_word' id='word_1_411' title='bbox 1634 3491 1951 3558; x_wconf 82' lang='lat' dir='ltr'><strong>Christiani,</strong></span> 
     </span>
    </p>
   </div>
   <div class='ocr_carea' id='block_1_67' title="bbox 369 3580 1952 3655">
    <p class='ocr_par' dir='ltr' id='par_1_67' title="bbox 369 3580 1952 3655">
     <span class='ocr_line' id='line_1_67' title="bbox 369 3580 1952 3655; baseline -0.001 -15"><span class='ocrx_word' id='word_1_412' title='bbox 369 3603 430 3640; x_wconf 87' lang='lat' dir='ltr'><strong>ea</strong></span> <span class='ocrx_word' id='word_1_413' title='bbox 457 3587 725 3646; x_wconf 82' lang='lat' dir='ltr'><strong>videntes,</strong></span> <span class='ocrx_word' id='word_1_414' title='bbox 775 3580 949 3651; x_wconf 89' lang='lat' dir='ltr'><strong>ipsum</strong></span> <span class='ocrx_word' id='word_1_415' title='bbox 998 3597 1120 3637; x_wconf 89' lang='lat' dir='ltr'><strong>cum</strong></span> <span class='ocrx_word' id='word_1_416' title='bbox 1182 3582 1466 3651; x_wconf 88' lang='lat' dir='ltr'><strong>discipulis</strong></span> <span class='ocrx_word' id='word_1_417' title='bbox 1504 3583 1619 3640; x_wconf 87' lang='lat' dir='ltr'><strong>suis</strong></span> <span class='ocrx_word' id='word_1_418' title='bbox 1649 3585 1952 3655; x_wconf 77' lang='lat' dir='ltr'><strong>derideant,</strong></span> 
     </span>
    </p>
   </div>
   <div class='ocr_carea' id='block_1_68' title="bbox 369 3674 1952 3748">
    <p class='ocr_par' dir='ltr' id='par_1_68' title="bbox 369 3674 1952 3748">
     <span class='ocr_line' id='line_1_68' title="bbox 369 3674 1952 3748; baseline -0.001 -15"><span class='ocrx_word' id='word_1_419' title='bbox 369 3687 423 3733; x_wconf 87' lang='lat' dir='ltr'><strong>et</strong></span> <span class='ocrx_word' id='word_1_420' title='bbox 494 3690 741 3731; x_wconf 79' lang='lat' dir='ltr'><strong>errorem</strong></span> <span class='ocrx_word' id='word_1_421' title='bbox 795 3674 1268 3744; x_wconf 87' lang='lat' dir='ltr'><strong>perditionemque</strong></span> <span class='ocrx_word' id='word_1_422' title='bbox 1337 3676 1576 3745; x_wconf 89' lang='lat' dir='ltr'><strong>ipsorum</strong></span> <span class='ocrx_word' id='word_1_423' title='bbox 1639 3680 1952 3748; x_wconf 81' lang='lat' dir='ltr'><strong>despuant;</strong></span> 
     </span>
    </p>
   </div>
   <div class='ocr_carea' id='block_1_69' title="bbox 369 3759 1952 3837">
    <p class='ocr_par' dir='ltr' id='par_1_69' title="bbox 369 3759 1952 3837">
     <span class='ocr_line' id='line_1_69' title="bbox 369 3759 1952 3837; baseline 0 -13"><span class='ocrx_word' id='word_1_424' title='bbox 369 3759 915 3837; x_wconf 84' lang='lat' dir='ltr'><strong>Christianorumque</strong></span> <span class='ocrx_word' id='word_1_425' title='bbox 968 3765 1331 3821; x_wconf 79' lang='lat' dir='ltr'><strong>orthodoxam</strong></span> <span class='ocrx_word' id='word_1_426' title='bbox 1393 3767 1578 3833; x_wconf 90' lang='lat' dir='ltr'><strong>ﬁdem,</strong></span> <span class='ocrx_word' id='word_1_427' title='bbox 1621 3785 1740 3837; x_wconf 65' lang='lat' dir='ltr'><strong>qum</strong></span> <span class='ocrx_word' id='word_1_428' title='bbox 1784 3771 1952 3824; x_wconf 88' lang='lat' dir='ltr'><strong>solem</strong></span> 
     </span>
    </p>
   </div>
   <div class='ocr_carea' id='block_1_70' title="bbox 372 3858 1951 3934">
    <p class='ocr_par' dir='ltr' id='par_1_70' title="bbox 372 3858 1951 3934">
     <span class='ocr_line' id='line_1_70' title="bbox 372 3858 1951 3934; baseline 0.002 -18"><span class='ocrx_word' id='word_1_429' title='bbox 372 3867 548 3934; x_wconf 87' lang='lat' dir='ltr'><strong>ipsum</strong></span> <span class='ocrx_word' id='word_1_430' title='bbox 600 3861 854 3917; x_wconf 77' lang='lat' dir='ltr'><strong>claritate</strong></span> <span class='ocrx_word' id='word_1_431' title='bbox 900 3873 965 3914; x_wconf 88' lang='lat' dir='ltr'><strong>ac</strong></span> <span class='ocrx_word' id='word_1_432' title='bbox 993 3858 1287 3928; x_wconf 85' lang='lat' dir='ltr'><strong>splendore</strong></span> <span class='ocrx_word' id='word_1_433' title='bbox 1329 3871 1570 3930; x_wconf 90' lang='lat' dir='ltr'><strong>superat,</strong></span> <span class='ocrx_word' id='word_1_434' title='bbox 1603 3862 1951 3932; x_wconf 80' lang='lat' dir='ltr'><strong>extollentes,</strong></span> 
     </span>
    </p>
   </div>
   <div class='ocr_carea' id='block_1_71' title="bbox 373 3950 1954 4021">
    <p class='ocr_par' dir='ltr' id='par_1_71' title="bbox 373 3950 1954 4021">
     <span class='ocr_line' id='line_1_71' title="bbox 373 3950 1954 4021; baseline -0.001 -10"><span class='ocrx_word' id='word_1_435' title='bbox 373 3956 651 4011; x_wconf 82' lang='lat' dir='ltr'><strong>Christum</strong></span> <span class='ocrx_word' id='word_1_436' title='bbox 721 3952 1067 4005; x_wconf 76' lang='lat' dir='ltr'><strong>Servatorem</strong></span> <span class='ocrx_word' id='word_1_437' title='bbox 1125 3950 1404 4021; x_wconf 85' lang='lat' dir='ltr'><strong>Deumque</strong></span> <span class='ocrx_word' id='word_1_438' title='bbox 1459 3962 1705 4008; x_wconf 84' lang='lat' dir='ltr'><strong>nostrum</strong></span> <span class='ocrx_word' id='word_1_439' title='bbox 1775 3955 1954 4010; x_wconf 85' lang='lat' dir='ltr'><strong>debita</strong></span> 
     </span>
    </p>
   </div>
   <div class='ocr_carea' id='block_1_72' title="bbox 371 4043 1957 4122">
    <p class='ocr_par' dir='ltr' id='par_1_72' title="bbox 371 4043 1957 4122">
     <span class='ocr_line' id='line_1_72' title="bbox 371 4043 1957 4122; baseline 0.001 -20"><span class='ocrx_word' id='word_1_440' title='bbox 371 4048 667 4118; x_wconf 79' lang='lat' dir='ltr'><strong>gratiarum</strong></span> <span class='ocrx_word' id='word_1_441' title='bbox 697 4045 908 4100; x_wconf 81' lang='lat' dir='ltr'><strong>actione</strong></span> <span class='ocrx_word' id='word_1_442' title='bbox 933 4044 1360 4122; x_wconf 83' lang='lat' dir='ltr'><strong>niagniﬁcemus,</strong></span> <span class='ocrx_word' id='word_1_443' title='bbox 1393 4053 1448 4099; x_wconf 91' lang='lat' dir='ltr'><strong>et</strong></span> <span class='ocrx_word' id='word_1_444' title='bbox 1494 4043 1758 4100; x_wconf 87' lang='lat' dir='ltr'><strong>inﬁnitam</strong></span> <span class='ocrx_word' id='word_1_445' title='bbox 1786 4047 1957 4116; x_wconf 89' lang='lat' dir='ltr'><strong>ipsius</strong></span> 
     </span>
    </p>
   </div>
   <div class='ocr_carea' id='block_1_73' title="bbox 372 4136 1956 4209">
    <p class='ocr_par' dir='ltr' id='par_1_73' title="bbox 372 4136 1956 4209">
     <span class='ocr_line' id='line_1_73' title="bbox 372 4136 1956 4209; baseline -0.001 -13"><span class='ocrx_word' id='word_1_446' title='bbox 372 4143 670 4196; x_wconf 82' lang='lat' dir='ltr'><strong>bonitatem</strong></span> <span class='ocrx_word' id='word_1_447' title='bbox 754 4155 818 4194; x_wconf 91' lang='lat' dir='ltr'><strong>ac</strong></span> <span class='ocrx_word' id='word_1_448' title='bbox 897 4136 1307 4192; x_wconf 85' lang='lat' dir='ltr'><strong>beneﬁcentiam</strong></span> <span class='ocrx_word' id='word_1_449' title='bbox 1383 4139 1762 4204; x_wconf 81' lang='lat' dir='ltr'><strong>celebremus,</strong></span> <span class='ocrx_word' id='word_1_450' title='bbox 1815 4141 1956 4209; x_wconf 90' lang='lat' dir='ltr'><strong>quod</strong></span> 
     </span>
    </p>
   </div>
   <div class='ocr_carea' id='block_1_74' title="bbox 373 4225 1957 4298">
    <p class='ocr_par' dir='ltr' id='par_1_74' title="bbox 373 4225 1957 4298">
     <span class='ocr_line' id='line_1_74' title="bbox 373 4225 1957 4298; baseline -0.001 -13"><span class='ocrx_word' id='word_1_451' title='bbox 373 4232 608 4298; x_wconf 81' lang='lat' dir='ltr'><strong>benigna</strong></span> <span class='ocrx_word' id='word_1_452' title='bbox 645 4244 741 4284; x_wconf 80' lang='lat' dir='ltr'><strong>sua</strong></span> <span class='ocrx_word' id='word_1_453' title='bbox 769 4225 1144 4282; x_wconf 81' lang='lat' dir='ltr'><strong>misericordia</strong></span> <span class='ocrx_word' id='word_1_454' title='bbox 1175 4233 1274 4282; x_wconf 86' lang='lat' dir='ltr'><strong>nos</strong></span> <span class='ocrx_word' id='word_1_455' title='bbox 1332 4227 1584 4281; x_wconf 82' lang='lat' dir='ltr'><strong>liberavit</strong></span> <span class='ocrx_word' id='word_1_456' title='bbox 1638 4242 1807 4283; x_wconf 81' lang='lat' dir='ltr'><strong>exoso</strong></span> <span class='ocrx_word' id='word_1_457' title='bbox 1851 4229 1957 4283; x_wconf 82' lang='lat' dir='ltr'><strong>isto</strong></span> 
     </span>
    </p>
   </div>
   <div class='ocr_carea' id='block_1_75' title="bbox 371 4317 1956 4390">
    <p class='ocr_par' dir='ltr' id='par_1_75' title="bbox 371 4317 1956 4390">
     <span class='ocr_line' id='line_1_75' title="bbox 371 4317 1956 4390; baseline -0.002 -13"><span class='ocrx_word' id='word_1_458' title='bbox 371 4337 558 4378; x_wconf 86' lang='lat' dir='ltr'><strong>errore</strong></span> <span class='ocrx_word' id='word_1_459' title='bbox 595 4337 656 4375; x_wconf 88' lang='lat' dir='ltr'><strong>ac</strong></span> <span class='ocrx_word' id='word_1_460' title='bbox 693 4319 1021 4390; x_wconf 88' lang='lat' dir='ltr'><strong>perditione,</strong></span> <span class='ocrx_word' id='word_1_461' title='bbox 1054 4329 1218 4386; x_wconf 89' lang='lat' dir='ltr'><strong>atque</strong></span> <span class='ocrx_word' id='word_1_462' title='bbox 1256 4319 1392 4373; x_wconf 86' lang='lat' dir='ltr'><strong>adeo</strong></span> <span class='ocrx_word' id='word_1_463' title='bbox 1424 4319 1588 4373; x_wconf 87' lang='lat' dir='ltr'><strong>etiam</strong></span> <span class='ocrx_word' id='word_1_464' title='bbox 1622 4329 1818 4375; x_wconf 60' lang='lat' dir='ltr'><strong>ca‘tero</strong></span> <span class='ocrx_word' id='word_1_465' title='bbox 1852 4317 1956 4375; x_wconf 84' lang='lat' dir='ltr'><strong>im-</strong></span> 
     </span>
    </p>
   </div>
   <div class='ocr_carea' id='block_1_76' title="bbox 375 4403 1957 4483">
    <p class='ocr_par' dir='ltr' id='par_1_76' title="bbox 375 4403 1957 4483">
     <span class='ocr_line' id='line_1_76' title="bbox 375 4403 1957 4483; baseline 0.002 -20"><span class='ocrx_word' id='word_1_466' title='bbox 375 4413 668 4483; x_wconf 83' lang='lat' dir='ltr'><strong>proborum</strong></span> <span class='ocrx_word' id='word_1_467' title='bbox 721 4425 930 4476; x_wconf 91' lang='lat' dir='ltr'><strong>errore,</strong></span> <span class='ocrx_word' id='word_1_468' title='bbox 967 4403 1458 4479; x_wconf 63' lang='lat' dir='ltr'><strong>haireticorumque</strong></span> <span class='ocrx_word' id='word_1_469' title='bbox 1509 4409 1679 4477; x_wconf 89' lang='lat' dir='ltr'><strong>cultu,</strong></span> <span class='ocrx_word' id='word_1_470' title='bbox 1717 4411 1805 4480; x_wconf 82' lang='lat' dir='ltr'><strong>qui</strong></span> <span class='ocrx_word' id='word_1_471' title='bbox 1849 4427 1957 4466; x_wconf 86' lang='lat' dir='ltr'><strong>una</strong></span> 
     </span>
    </p>
   </div>
   <div class='ocr_carea' id='block_1_77' title="bbox 2131 3386 3644 3462">
    <p class='ocr_par' dir='ltr' id='par_1_77' title="bbox 2131 3386 3644 3462">
     <span class='ocr_line' id='line_1_77' title="bbox 2131 3386 3644 3462; baseline -0.003 -15"><span class='ocrx_word' id='word_1_472' title='bbox 2131 3396 2173 3447; x_wconf 89' lang='grc' dir='ltr'>Τ</span> <span class='ocrx_word' id='word_1_473' title='bbox 2178 3394 2318 3447; x_wconf 80' lang='grc' dir='ltr'>αὕτα</span> <span class='ocrx_word' id='word_1_474' title='bbox 2336 3394 2402 3446; x_wconf 85' lang='grc' dir='ltr'>τὰ</span> <span class='ocrx_word' id='word_1_475' title='bbox 2425 3390 2652 3462; x_wconf 85' lang='grc' dir='ltr'>μυθώδη</span> <span class='ocrx_word' id='word_1_476' title='bbox 2673 3389 2739 3460; x_wconf 88' lang='grc' dir='ltr'><strong>λη</strong></span> <span class='ocrx_word' id='word_1_477' title='bbox 2751 3389 2814 3460; x_wconf 79' lang='grc' dir='ltr'>ρή</span> <span class='ocrx_word' id='word_1_478' title='bbox 2824 3386 3077 3457; x_wconf 85' lang='grc' dir='ltr'>ματατοῦ</span> <span class='ocrx_word' id='word_1_479' title='bbox 3100 3386 3460 3457; x_wconf 79' lang='grc' dir='ltr'>ψευδωνύμου</span> <span class='ocrx_word' id='word_1_480' title='bbox 3477 3388 3644 3443; x_wconf 70' lang='lat' dir='ltr'><strong>Maii-</strong></span> 
     </span>
    </p>
   </div>
   <div class='ocr_carea' id='block_1_78' title="bbox 2061 3479 3644 3560">
    <p class='ocr_par' dir='ltr' id='par_1_78' title="bbox 2061 3479 3644 3560">
     <span class='ocr_line' id='line_1_78' title="bbox 2061 3479 3644 3560; baseline -0.006 -18"><span class='ocrx_word' id='word_1_481' title='bbox 2061 3488 2162 3560; x_wconf 83' lang='grc' dir='ltr'><strong>μεθ</strong></span> <span class='ocrx_word' id='word_1_482' title='bbox 2221 3487 2311 3540; x_wconf 81' lang='grc' dir='ltr'>διὰ</span> <span class='ocrx_word' id='word_1_483' title='bbox 2347 3486 2508 3539; x_wconf 82' lang='grc' dir='ltr'>τοῦτο</span> <span class='ocrx_word' id='word_1_484' title='bbox 2525 3482 2764 3537; x_wconf 78' lang='grc' dir='ltr'>ἐνταῦθα</span> <span class='ocrx_word' id='word_1_485' title='bbox 2789 3482 3141 3552; x_wconf 76' lang='grc' dir='ltr'>ἐγράφησαν,</span> <span class='ocrx_word' id='word_1_486' title='bbox 3193 3479 3270 3542; x_wconf 84' lang='grc' dir='ltr'><strong>ὡς</strong></span> <span class='ocrx_word' id='word_1_487' title='bbox 3311 3479 3377 3533; x_wconf 81' lang='grc' dir='ltr'>ἂν</span> <span class='ocrx_word' id='word_1_488' title='bbox 3421 3479 3472 3532; x_wconf 83' lang='lat' dir='ltr'><strong>ol</strong></span> <span class='ocrx_word' id='word_1_489' title='bbox 3502 3481 3644 3551; x_wconf 82' lang='lat' dir='ltr'><strong>Xpt-</strong></span> 
     </span>
    </p>
   </div>
   <div class='ocr_carea' id='block_1_79' title="bbox 2061 3569 3652 3648">
    <p class='ocr_par' dir='ltr' id='par_1_79' title="bbox 2061 3569 3652 3648">
     <span class='ocr_line' id='line_1_79' title="bbox 2061 3569 3652 3648; baseline -0.007 -12"><span class='ocrx_word' id='word_1_490' title='bbox 2061 3569 2272 3636; x_wconf 72' lang='grc' dir='ltr'>στιανοὶ</span> <span class='ocrx_word' id='word_1_491' title='bbox 2303 3579 2482 3634; x_wconf 78' lang='grc' dir='ltr'>ταῦτα</span> <span class='ocrx_word' id='word_1_492' title='bbox 2510 3578 2752 3648; x_wconf 80' lang='grc' dir='ltr'>ὁρῶντες</span> <span class='ocrx_word' id='word_1_493' title='bbox 2779 3573 3162 3644; x_wconf 84' lang='grc' dir='ltr'>καταγελῶσιν</span> <span class='ocrx_word' id='word_1_494' title='bbox 3192 3572 3356 3628; x_wconf 82' lang='grc' dir='ltr'>αὐτὸν</span> <span class='ocrx_word' id='word_1_495' title='bbox 3387 3572 3483 3625; x_wconf 67' lang='grc' dir='ltr'><strong>καὶ¹</strong></span> <span class='ocrx_word' id='word_1_496' title='bbox 3521 3573 3652 3635; x_wconf 74' lang='grc' dir='ltr'>τοὺς</span> 
     </span>
    </p>
   </div>
   <div class='ocr_carea' id='block_1_80' title="bbox 2059 3666 3652 3746">
    <p class='ocr_par' dir='ltr' id='par_1_80' title="bbox 2059 3666 3652 3746">
     <span class='ocr_line' id='line_1_80' title="bbox 2059 3666 3652 3746; baseline -0.006 -16"><span class='ocrx_word' id='word_1_497' title='bbox 2059 3676 2230 3730; x_wconf 83' lang='grc' dir='ltr'>αὐτοῦ</span> <span class='ocrx_word' id='word_1_498' title='bbox 2263 3673 2539 3746; x_wconf 82' lang='grc' dir='ltr'>μαθητὰς,</span> <span class='ocrx_word' id='word_1_499' title='bbox 2573 3671 2666 3724; x_wconf 75' lang='grc' dir='ltr'>καὶ</span> <span class='ocrx_word' id='word_1_500' title='bbox 2685 3669 2991 3722; x_wconf 82' lang='grc' dir='ltr'>διαπτύωσι</span> <span class='ocrx_word' id='word_1_501' title='bbox 3013 3667 3116 3739; x_wconf 77' lang='grc' dir='ltr'>τὴν</span> <span class='ocrx_word' id='word_1_502' title='bbox 3139 3666 3322 3722; x_wconf 82' lang='grc' dir='ltr'>αὐτῶν</span> <span class='ocrx_word' id='word_1_503' title='bbox 3343 3666 3553 3736; x_wconf 79' lang='grc' dir='ltr'>πλάνην</span> <span class='ocrx_word' id='word_1_504' title='bbox 3589 3682 3652 3720; x_wconf 84' lang='grc' dir='ltr'><strong>τε</strong></span> 
     </span>
    </p>
   </div>
   <div class='ocr_carea' id='block_1_81' title="bbox 2060 3757 3653 3833">
    <p class='ocr_par' dir='ltr' id='par_1_81' title="bbox 2060 3757 3653 3833">
     <span class='ocr_line' id='line_1_81' title="bbox 2060 3757 3653 3833; baseline -0.008 -11"><span class='ocrx_word' id='word_1_505' title='bbox 2060 3770 2155 3822; x_wconf 78' lang='grc' dir='ltr'>καὶ</span> <span class='ocrx_word' id='word_1_506' title='bbox 2188 3766 2499 3822; x_wconf 57' lang='grc' dir='ltr'>ἀπώλειαν</span> <span class='ocrx_word' id='word_1_507' title='bbox 2535 3765 2628 3818; x_wconf 78' lang='grc' dir='ltr'>καὶ</span> <span class='ocrx_word' id='word_1_508' title='bbox 2655 3762 2883 3833; x_wconf 78' lang='grc' dir='ltr'>τὴντῶν</span> <span class='ocrx_word' id='word_1_509' title='bbox 2913 3758 3266 3830; x_wconf 82' lang='grc' dir='ltr'>Χριστιανῶν</span> <span class='ocrx_word' id='word_1_510' title='bbox 3297 3757 3653 3828; x_wconf 80' lang='grc' dir='ltr'>πεφωτισμέ-</span> 
     </span>
    </p>
   </div>
   <div class='ocr_carea' id='block_1_82' title="bbox 2059 3849 3652 3930">
    <p class='ocr_par' dir='ltr' id='par_1_82' title="bbox 2059 3849 3652 3930">
     <span class='ocr_line' id='line_1_82' title="bbox 2059 3849 3652 3930; baseline -0.006 -17"><span class='ocrx_word' id='word_1_511' title='bbox 2059 3878 2159 3930; x_wconf 89' lang='grc' dir='ltr'><strong>νην</strong></span> <span class='ocrx_word' id='word_1_512' title='bbox 2192 3859 2285 3912; x_wconf 70' lang='grc' dir='ltr'><strong>καὶ</strong></span> <span class='ocrx_word' id='word_1_513' title='bbox 2321 3857 2464 3928; x_wconf 80' lang='grc' dir='ltr'>ὑπὲρ</span> <span class='ocrx_word' id='word_1_514' title='bbox 2514 3855 2672 3926; x_wconf 76' lang='grc' dir='ltr'>ἥλιον</span> <span class='ocrx_word' id='word_1_515' title='bbox 2721 3854 3058 3925; x_wconf 83' lang='grc' dir='ltr'>λάμπουσαν</span> <span class='ocrx_word' id='word_1_516' title='bbox 3126 3849 3411 3922; x_wconf 69' lang='grc' dir='ltr'>ὀρθέδοξον</span> <span class='ocrx_word' id='word_1_517' title='bbox 3464 3850 3652 3903; x_wconf 76' lang='grc' dir='ltr'>πίστιν</span> 
     </span>
    </p>
   </div>
   <div class='ocr_carea' id='block_1_83' title="bbox 2062 3943 3650 4024">
    <p class='ocr_par' dir='ltr' id='par_1_83' title="bbox 2062 3943 3650 4024">
     <span class='ocr_line' id='line_1_83' title="bbox 2062 3943 3650 4024; baseline -0.008 -16"><span class='ocrx_word' id='word_1_518' title='bbox 2062 3949 2495 4024; x_wconf 78' lang='grc' dir='ltr'>ὐπερυψοῦντες,</span> <span class='ocrx_word' id='word_1_519' title='bbox 2547 3949 2642 4002; x_wconf 74' lang='grc' dir='ltr'>καὶ</span> <span class='ocrx_word' id='word_1_520' title='bbox 2685 3947 2778 4002; x_wconf 87' lang='grc' dir='ltr'><strong>τὸν</strong></span> <span class='ocrx_word' id='word_1_521' title='bbox 2834 3945 3065 4016; x_wconf 82' lang='grc' dir='ltr'>Σωτῆρα</span> <span class='ocrx_word' id='word_1_522' title='bbox 3109 3943 3352 4014; x_wconf 80' lang='grc' dir='ltr'>Χριστὸν</span> <span class='ocrx_word' id='word_1_523' title='bbox 3389 3943 3484 3996; x_wconf 78' lang='grc' dir='ltr'>καὶ</span> <span class='ocrx_word' id='word_1_524' title='bbox 3514 3943 3650 3995; x_wconf 81' lang='grc' dir='ltr'>Θεὸν</span> 
     </span>
    </p>
   </div>
   <div class='ocr_carea' id='block_1_84' title="bbox 2056 4036 3649 4118">
    <p class='ocr_par' dir='ltr' id='par_1_84' title="bbox 2056 4036 3649 4118">
     <span class='ocr_line' id='line_1_84' title="bbox 2056 4036 3649 4118; baseline -0.008 -19"><span class='ocrx_word' id='word_1_525' title='bbox 2056 4044 2220 4118; x_wconf 78' lang='grc' dir='ltr'>ἡμῶν</span> <span class='ocrx_word' id='word_1_526' title='bbox 2250 4039 2728 4114; x_wconf 81' lang='grc' dir='ltr'>εὐχαριστοῦντες,</span> <span class='ocrx_word' id='word_1_527' title='bbox 2759 4039 3164 4109; x_wconf 86' lang='grc' dir='ltr'>μεγαλύνωμεν</span> <span class='ocrx_word' id='word_1_528' title='bbox 3209 4039 3304 4090; x_wconf 70' lang='grc' dir='ltr'><strong>καὶ</strong></span> <span class='ocrx_word' id='word_1_529' title='bbox 3328 4036 3649 4107; x_wconf 71' lang='grc' dir='ltr'>δοξάζωμεν</span> 
     </span>
    </p>
   </div>
   <div class='ocr_carea' id='block_1_85' title="bbox 2059 4129 3647 4209">
    <p class='ocr_par' dir='ltr' id='par_1_85' title="bbox 2059 4129 3647 4209">
     <span class='ocr_line' id='line_1_85' title="bbox 2059 4129 3647 4209; baseline -0.007 -18"><span class='ocrx_word' id='word_1_530' title='bbox 2059 4139 2160 4209; x_wconf 81' lang='grc' dir='ltr'>τὴν</span> <span class='ocrx_word' id='word_1_531' title='bbox 2192 4135 2357 4191; x_wconf 82' lang='grc' dir='ltr'>αὐτοῦ</span> <span class='ocrx_word' id='word_1_532' title='bbox 2382 4136 2612 4206; x_wconf 81' lang='grc' dir='ltr'>ἄπειρον</span> <span class='ocrx_word' id='word_1_533' title='bbox 2647 4131 2966 4203; x_wconf 83' lang='grc' dir='ltr'>ἁγαθότητα</span> <span class='ocrx_word' id='word_1_534' title='bbox 3019 4131 3114 4184; x_wconf 72' lang='grc' dir='ltr'><strong>καὶ</strong></span> <span class='ocrx_word' id='word_1_535' title='bbox 3165 4129 3514 4201; x_wconf 84' lang='grc' dir='ltr'>εὐεργεσίαν,</span> <span class='ocrx_word' id='word_1_536' title='bbox 3562 4130 3647 4182; x_wconf 77' lang='grc' dir='ltr'>ὅτι</span> 
     </span>
    </p>
   </div>
   <div class='ocr_carea' id='block_1_86' title="bbox 2061 4221 3643 4300">
    <p class='ocr_par' dir='ltr' id='par_1_86' title="bbox 2061 4221 3643 4300">
     <span class='ocr_line' id='line_1_86' title="bbox 2061 4221 3643 4300; baseline -0.006 -17"><span class='ocrx_word' id='word_1_537' title='bbox 2061 4229 2410 4300; x_wconf 83' lang='grc' dir='ltr'>ὲλυτρὼσατο</span> <span class='ocrx_word' id='word_1_538' title='bbox 2443 4227 2595 4298; x_wconf 80' lang='grc' dir='ltr'>ἡμᾶς</span> <span class='ocrx_word' id='word_1_539' title='bbox 2635 4225 2699 4296; x_wconf 82' lang='grc' dir='ltr'>τῇ</span> <span class='ocrx_word' id='word_1_540' title='bbox 2732 4222 2896 4278; x_wconf 79' lang='grc' dir='ltr'>αὑτοῦ</span> <span class='ocrx_word' id='word_1_541' title='bbox 2938 4223 3315 4294; x_wconf 78' lang='grc' dir='ltr'>εὐσπλαγχνίᾳ</span> <span class='ocrx_word' id='word_1_542' title='bbox 3352 4223 3416 4274; x_wconf 77' lang='grc' dir='ltr'><strong>ἐκ</strong></span> <span class='ocrx_word' id='word_1_543' title='bbox 3434 4221 3643 4293; x_wconf 77' lang='grc' dir='ltr'>ταύτης</span> 
     </span>
    </p>
   </div>
   <div class='ocr_carea' id='block_1_87' title="bbox 2059 4314 3646 4392">
    <p class='ocr_par' dir='ltr' id='par_1_87' title="bbox 2059 4314 3646 4392">
     <span class='ocr_line' id='line_1_87' title="bbox 2059 4314 3646 4392; baseline -0.005 -17"><span class='ocrx_word' id='word_1_544' title='bbox 2059 4322 2161 4392; x_wconf 83' lang='grc' dir='ltr'><strong>τῆς</strong></span> <span class='ocrx_word' id='word_1_545' title='bbox 2181 4319 2568 4392; x_wconf 76' lang='grc' dir='ltr'>μεμισημένης</span> <span class='ocrx_word' id='word_1_546' title='bbox 2600 4317 2807 4385; x_wconf 72' lang='grc' dir='ltr'>πλάνης</span> <span class='ocrx_word' id='word_1_547' title='bbox 2839 4317 2935 4369; x_wconf 77' lang='grc' dir='ltr'><strong>καὶ</strong></span> <span class='ocrx_word' id='word_1_548' title='bbox 2965 4315 3342 4378; x_wconf 83' lang='grc' dir='ltr'>ἀπωλείας,οὑ</span> <span class='ocrx_word' id='word_1_549' title='bbox 3379 4315 3487 4386; x_wconf 80' lang='grc' dir='ltr'><strong>μὴν</strong></span> <span class='ocrx_word' id='word_1_550' title='bbox 3507 4314 3646 4367; x_wconf 69' lang='grc' dir='ltr'>ἀλλὰ</span> 
     </span>
    </p>
   </div>
   <div class='ocr_carea' id='block_1_88' title="bbox 2063 4407 3647 4483">
    <p class='ocr_par' dir='ltr' id='par_1_88' title="bbox 2063 4407 3647 4483">
     <span class='ocr_line' id='line_1_88' title="bbox 2063 4407 3647 4483; baseline -0.007 -14"><span class='ocrx_word' id='word_1_551' title='bbox 2063 4416 2158 4470; x_wconf 75' lang='grc' dir='ltr'><strong>καὶ</strong></span> <span class='ocrx_word' id='word_1_552' title='bbox 2180 4417 2245 4468; x_wconf 82' lang='grc' dir='ltr'>ὲκ</span> <span class='ocrx_word' id='word_1_553' title='bbox 2283 4414 2492 4483; x_wconf 81' lang='grc' dir='ltr'>πλάνης</span> <span class='ocrx_word' id='word_1_554' title='bbox 2522 4411 2692 4480; x_wconf 80' lang='grc' dir='ltr'>ἄλλης</span> <span class='ocrx_word' id='word_1_555' title='bbox 2723 4411 2832 4462; x_wconf 82' lang='grc' dir='ltr'><strong>τῶν</strong></span> <span class='ocrx_word' id='word_1_556' title='bbox 2877 4408 3098 4477; x_wconf 84' lang='grc' dir='ltr'>ἀνόμων</span> <span class='ocrx_word' id='word_1_557' title='bbox 3123 4449 3138 4474; x_wconf 92' lang='grc'><strong>,</strong></span> <span class='ocrx_word' id='word_1_558' title='bbox 3196 4407 3293 4461; x_wconf 66' lang='grc' dir='ltr'><strong>καὶ</strong></span> <span class='ocrx_word' id='word_1_559' title='bbox 3347 4407 3647 4477; x_wconf 76' lang='grc' dir='ltr'>αἱρετικῶν</span> 
     </span>
    </p>
   </div>
   <div class='ocr_carea' id='block_1_89' title="bbox 371 4501 1950 4582">
    <p class='ocr_par' dir='ltr' id='par_1_89' title="bbox 371 4503 1950 4573">
     <span class='ocr_line' id='line_1_89' title="bbox 371 4503 1950 4573; baseline -0.001 -12"><span class='ocrx_word' id='word_1_560' title='bbox 371 4523 494 4562; x_wconf 92' lang='lat' dir='ltr'><strong>cum</strong></span> <span class='ocrx_word' id='word_1_561' title='bbox 522 4506 702 4560; x_wconf 83' lang='lat' dir='ltr'><strong>anima</strong></span> <span class='ocrx_word' id='word_1_562' title='bbox 730 4503 896 4558; x_wconf 90' lang='lat' dir='ltr'><strong>etiam</strong></span> <span class='ocrx_word' id='word_1_563' title='bbox 923 4517 1120 4573; x_wconf 89' lang='lat' dir='ltr'><strong>corpus</strong></span> <span class='ocrx_word' id='word_1_564' title='bbox 1141 4503 1432 4573; x_wconf 90' lang='lat' dir='ltr'><strong>perditioni</strong></span> <span class='ocrx_word' id='word_1_565' title='bbox 1457 4503 1681 4559; x_wconf 89' lang='lat' dir='ltr'><strong>dedunt.</strong></span> <span class='ocrx_word' id='word_1_566' title='bbox 1710 4503 1950 4570; x_wconf 87' lang='lat' dir='ltr'><strong>Quorum</strong></span> 
     </span>
    </p>
   </div>
   <div class='ocr_carea' id='block_1_90' title="bbox 2056 4501 3647 4582">
    <p class='ocr_par' dir='ltr' id='par_1_90' title="bbox 2063 4501 3647 4582">
     <span class='ocr_line' id='line_1_90' title="bbox 2063 4501 3647 4582; baseline -0.009 -18"><span class='ocrx_word' id='word_1_567' title='bbox 2063 4509 2364 4582; x_wconf 81' lang='grc' dir='ltr'>θρησκείας</span> <span class='ocrx_word' id='word_1_568' title='bbox 2387 4548 2402 4574; x_wconf 93' lang='grc'><strong>,</strong></span> <span class='ocrx_word' id='word_1_569' title='bbox 2430 4509 2527 4562; x_wconf 77' lang='grc' dir='ltr'><strong>σὺν</strong></span> <span class='ocrx_word' id='word_1_570' title='bbox 2564 4509 2629 4577; x_wconf 82' lang='grc' dir='ltr'>τῇ</span> <span class='ocrx_word' id='word_1_571' title='bbox 2675 4504 2824 4574; x_wconf 73' lang='grc' dir='ltr'>ψυχῇ</span> <span class='ocrx_word' id='word_1_572' title='bbox 2861 4503 3043 4556; x_wconf 79' lang='grc' dir='ltr'>καὶτὸ</span> <span class='ocrx_word' id='word_1_573' title='bbox 3093 4503 3252 4573; x_wconf 87' lang='grc' dir='ltr'>σῶμα</span> <span class='ocrx_word' id='word_1_574' title='bbox 3289 4505 3358 4571; x_wconf 77' lang='grc' dir='ltr'>τῇ</span> <span class='ocrx_word' id='word_1_575' title='bbox 3399 4501 3647 4571; x_wconf 65' lang='grc' dir='ltr'>ἀπωλείᾳ</span> 
     </span>
    </p>
   </div>
   <div class='ocr_carea' id='block_1_91' title="bbox 371 4596 1958 4670">
    <p class='ocr_par' dir='ltr' id='par_1_91' title="bbox 371 4596 1958 4670">
     <span class='ocr_line' id='line_1_91' title="bbox 371 4596 1958 4670; baseline 0 -15"><span class='ocrx_word' id='word_1_576' title='bbox 371 4600 577 4670; x_wconf 86' lang='lat' dir='ltr'><strong>primus</strong></span> <span class='ocrx_word' id='word_1_577' title='bbox 633 4611 734 4668; x_wconf 80' lang='lat' dir='ltr'><strong>ego</strong></span> <span class='ocrx_word' id='word_1_578' title='bbox 781 4597 872 4667; x_wconf 92' lang='lat' dir='ltr'><strong>qui</strong></span> <span class='ocrx_word' id='word_1_579' title='bbox 927 4597 1042 4652; x_wconf 64' lang='lat' dir='ltr'><strong>hare</strong></span> <span class='ocrx_word' id='word_1_580' title='bbox 1084 4596 1301 4667; x_wconf 87' lang='lat' dir='ltr'><strong>scripsi,</strong></span> <span class='ocrx_word' id='word_1_581' title='bbox 1349 4597 1556 4666; x_wconf 87' lang='lat' dir='ltr'><strong>despuo</strong></span> <span class='ocrx_word' id='word_1_582' title='bbox 1605 4599 1958 4669; x_wconf 88' lang='lat' dir='ltr'><strong>detestorque</strong></span> 
     </span>
    </p>
   </div>
   <div class='ocr_carea' id='block_1_92' title="bbox 373 4691 1957 4759">
    <p class='ocr_par' dir='ltr' id='par_1_92' title="bbox 373 4691 1957 4759">
     <span class='ocr_line' id='line_1_92' title="bbox 373 4691 1957 4759; baseline 0 -13"><span class='ocrx_word' id='word_1_583' title='bbox 373 4691 616 4747; x_wconf 82' lang='lat' dir='ltr'><strong>fabulosa</strong></span> <span class='ocrx_word' id='word_1_584' title='bbox 644 4692 747 4744; x_wconf 89' lang='lat' dir='ltr'><strong>ista</strong></span> <span class='ocrx_word' id='word_1_585' title='bbox 800 4697 1132 4757; x_wconf 87' lang='lat' dir='ltr'><strong>nugamenta</strong></span> <span class='ocrx_word' id='word_1_586' title='bbox 1187 4702 1517 4759; x_wconf 85' lang='lat' dir='ltr'><strong>omnemque</strong></span> <span class='ocrx_word' id='word_1_587' title='bbox 1567 4691 1843 4757; x_wconf 69' lang='lat' dir='ltr'><strong>haeresim,</strong></span> <span class='ocrx_word' id='word_1_588' title='bbox 1901 4702 1957 4746; x_wconf 84' lang='lat' dir='ltr'><strong>et</strong></span> 
     </span>
    </p>
   </div>
   <div class='ocr_carea' id='block_1_93' title="bbox 372 4777 1953 4852">
    <p class='ocr_par' dir='ltr' id='par_1_93' title="bbox 372 4777 1953 4852">
     <span class='ocr_line' id='line_1_93' title="bbox 372 4777 1953 4852; baseline -0.001 -14"><span class='ocrx_word' id='word_1_589' title='bbox 372 4787 538 4838; x_wconf 79' lang='lat' dir='ltr'><strong>credo</strong></span> <span class='ocrx_word' id='word_1_590' title='bbox 588 4798 653 4836; x_wconf 88' lang='lat' dir='ltr'><strong>ac</strong></span> <span class='ocrx_word' id='word_1_591' title='bbox 721 4781 956 4852; x_wconf 70' lang='lat' dir='ltr'><strong>prmdico</strong></span> <span class='ocrx_word' id='word_1_592' title='bbox 1019 4777 1304 4834; x_wconf 89' lang='lat' dir='ltr'><strong>Dominum</strong></span> <span class='ocrx_word' id='word_1_593' title='bbox 1377 4782 1658 4852; x_wconf 81' lang='lat' dir='ltr'><strong>Deumque</strong></span> <span class='ocrx_word' id='word_1_594' title='bbox 1703 4792 1953 4840; x_wconf 90' lang='lat' dir='ltr'><strong>nostrum</strong></span> 
     </span>
    </p>
   </div>
   <div class='ocr_carea' id='block_1_94' title="bbox 372 4872 880 4929">
    <p class='ocr_par' dir='ltr' id='par_1_94' title="bbox 372 4872 880 4929">
     <span class='ocr_line' id='line_1_94' title="bbox 372 4872 880 4929; baseline -0.002 0"><span class='ocrx_word' id='word_1_595' title='bbox 372 4872 554 4929; x_wconf 80' lang='lat' dir='ltr'><strong>lesum</strong></span> <span class='ocrx_word' id='word_1_596' title='bbox 583 4872 880 4928; x_wconf 77' lang='lat' dir='ltr'><strong>Christum.</strong></span> 
     </span>
    </p>
   </div>
   <div class='ocr_carea' id='block_1_95' title="bbox 1001 5053 1370 5110">
    <p class='ocr_par' dir='ltr' id='par_1_95' title="bbox 1001 5053 1370 5110">
     <span class='ocr_line' id='line_1_95' title="bbox 1001 5053 1370 5110; baseline 0.003 -1"><span class='ocrx_word' id='word_1_597' title='bbox 1001 5053 1370 5110; x_wconf 77' lang='lat' dir='ltr'><strong>APPENDIX.</strong></span> 
     </span>
    </p>
   </div>
   <div class='ocr_carea' id='block_1_96' title="bbox 375 5144 1956 5216">
    <p class='ocr_par' dir='ltr' id='par_1_96' title="bbox 375 5144 1956 5216">
     <span class='ocr_line' id='line_1_96' title="bbox 375 5144 1956 5216; baseline 0.003 -18"><span class='ocrx_word' id='word_1_598' title='bbox 375 5145 548 5200; x_wconf 77' lang='lat' dir='ltr'><strong>Photii</strong></span> <span class='ocrx_word' id='word_1_599' title='bbox 592 5145 908 5216; x_wconf 68' lang='lat' dir='ltr'><strong>patriarchae</strong></span> <span class='ocrx_word' id='word_1_600' title='bbox 963 5144 1446 5203; x_wconf 75' lang='lat' dir='ltr'><strong>Constantinouolis</strong></span> <span class='ocrx_word' id='word_1_601' title='bbox 1505 5165 1570 5203; x_wconf 67' lang='lat' dir='ltr'><strong>ea:</strong></span> <span class='ocrx_word' id='word_1_602' title='bbox 1615 5149 1841 5216; x_wconf 77' lang='lat' dir='ltr'><strong>epistola</strong></span> <span class='ocrx_word' id='word_1_603' title='bbox 1885 5149 1956 5202; x_wconf 85' lang='lat' dir='ltr'><strong>ad</strong></span> 
     </span>
    </p>
   </div>
   <div class='ocr_carea' id='block_1_97' title="bbox 442 5215 1957 5289">
    <p class='ocr_par' dir='ltr' id='par_1_97' title="bbox 442 5215 1957 5289">
     <span class='ocr_line' id='line_1_97' title="bbox 442 5215 1957 5289; baseline 0.003 -21"><span class='ocrx_word' id='word_1_604' title='bbox 442 5217 747 5289; x_wconf 67' lang='lat' dir='ltr'><strong>Michaclcm</strong></span> <span class='ocrx_word' id='word_1_605' title='bbox 772 5215 1045 5286; x_wconf 67' lang='lat' dir='ltr'><strong>Bulgaria:</strong></span> <span class='ocrx_word' id='word_1_606' title='bbox 1075 5219 1388 5288; x_wconf 81' lang='lat' dir='ltr'><strong>principem,</strong></span> <span class='ocrx_word' id='word_1_607' title='bbox 1430 5219 1494 5273; x_wconf 80' lang='lat' dir='ltr'><strong>de</strong></span> <span class='ocrx_word' id='word_1_608' title='bbox 1521 5215 1717 5289; x_wconf 78' lang='lat' dir='ltr'><strong>septein</strong></span> <span class='ocrx_word' id='word_1_609' title='bbox 1774 5221 1957 5274; x_wconf 82' lang='lat' dir='ltr'><strong>conci-</strong></span> 
     </span>
    </p>
   </div>
   <div class='ocr_carea' id='block_1_98' title="bbox 441 5287 918 5343">
    <p class='ocr_par' dir='ltr' id='par_1_98' title="bbox 441 5287 918 5343">
     <span class='ocr_line' id='line_1_98' title="bbox 441 5287 918 5343; baseline 0.013 -5"><span class='ocrx_word' id='word_1_610' title='bbox 441 5287 526 5339; x_wconf 76' lang='lat' dir='ltr'><strong>liis</strong></span> <span class='ocrx_word' id='word_1_611' title='bbox 557 5303 722 5340; x_wconf 75' lang='lat' dir='ltr'><strong>acum</strong></span> <span class='ocrx_word' id='word_1_612' title='bbox 731 5289 918 5343; x_wconf 76' lang='lat' dir='ltr'><strong>micis.</strong></span> 
     </span>
    </p>
   </div>
   <div class='ocr_carea' id='block_1_99' title="bbox 443 5400 1955 5475">
    <p class='ocr_par' dir='ltr' id='par_1_99' title="bbox 443 5400 1955 5475">
     <span class='ocr_line' id='line_1_99' title="bbox 443 5400 1955 5475; baseline 0.004 -20"><span class='ocrx_word' id='word_1_613' title='bbox 443 5400 686 5458; x_wconf 84' lang='lat' dir='ltr'><strong>Primum</strong></span> <span class='ocrx_word' id='word_1_614' title='bbox 741 5413 797 5460; x_wconf 89' lang='lat' dir='ltr'><strong>et</strong></span> <span class='ocrx_word' id='word_1_615' title='bbox 849 5405 1250 5461; x_wconf 76' lang='lat' dir='ltr'><strong>meumenicum</strong></span> <span class='ocrx_word' id='word_1_616' title='bbox 1344 5414 1706 5475; x_wconf 86' lang='lat' dir='ltr'><strong>sanctumque</strong></span> <span class='ocrx_word' id='word_1_617' title='bbox 1766 5407 1955 5464; x_wconf 85' lang='lat' dir='ltr'><strong>conci-</strong></span> 
     </span>
    </p>
   </div>
   <div class='ocr_carea' id='block_1_100' title="bbox 373 5491 665 5565">
    <p class='ocr_par' dir='ltr' id='par_1_100' title="bbox 373 5491 665 5565">
     <span class='ocr_line' id='line_1_100' title="bbox 373 5491 665 5565; baseline 0.01 -16"><span class='ocrx_word' id='word_1_618' title='bbox 373 5491 533 5565; x_wconf 80' lang='lat' dir='ltr'><strong>iium,</strong></span> <span class='ocrx_word' id='word_1_619' title='bbox 557 5506 665 5552; x_wconf 87' lang='lat' dir='ltr'><strong>etc.</strong></span> 
     </span>
    </p>
   </div>
   <div class='ocr_carea' id='block_1_101' title="bbox 2062 4592 3644 4673">
    <p class='ocr_par' dir='ltr' id='par_1_101' title="bbox 2062 4592 3644 4673">
     <span class='ocr_line' id='line_1_101' title="bbox 2062 4592 3644 4673; baseline -0.007 -18"><span class='ocrx_word' id='word_1_620' title='bbox 2062 4601 2494 4673; x_wconf 71' lang='grc' dir='ltr'>παραδιδόντων.</span> <span class='ocrx_word' id='word_1_621' title='bbox 2535 4594 2638 4651; x_wconf 80' lang='grc' dir='ltr'>Ὧν</span> <span class='ocrx_word' id='word_1_622' title='bbox 2684 4596 2908 4668; x_wconf 85' lang='grc' dir='ltr'>πρῶτος</span> <span class='ocrx_word' id='word_1_623' title='bbox 2951 4595 3086 4663; x_wconf 73' lang='grc' dir='ltr'>ἐγὼ,</span> <span class='ocrx_word' id='word_1_624' title='bbox 3119 4596 3146 4647; x_wconf 89' lang='lat'><strong>6</strong></span> <span class='ocrx_word' id='word_1_625' title='bbox 3176 4593 3359 4648; x_wconf 80' lang='grc' dir='ltr'>ταῦτα.</span> <span class='ocrx_word' id='word_1_626' title='bbox 3399 4592 3644 4663; x_wconf 71' lang='grc' dir='ltr'>γράψας,</span> 
     </span>
    </p>
   </div>
   <div class='ocr_carea' id='block_1_102' title="bbox 2063 4683 3646 4758">
    <p class='ocr_par' dir='ltr' id='par_1_102' title="bbox 2063 4683 3646 4758">
     <span class='ocr_line' id='line_1_102' title="bbox 2063 4683 3646 4758; baseline -0.006 -12"><span class='ocrx_word' id='word_1_627' title='bbox 2063 4691 2369 4747; x_wconf 83' lang='grc' dir='ltr'>καταπτύω</span> <span class='ocrx_word' id='word_1_628' title='bbox 2419 4693 2514 4744; x_wconf 73' lang='grc' dir='ltr'>καὶ</span> <span class='ocrx_word' id='word_1_629' title='bbox 2574 4687 2998 4758; x_wconf 79' lang='grc' dir='ltr'>ἀποστρέφομαι</span> <span class='ocrx_word' id='word_1_630' title='bbox 3063 4684 3133 4738; x_wconf 87' lang='grc' dir='ltr'>τὰ</span> <span class='ocrx_word' id='word_1_631' title='bbox 3198 4683 3418 4754; x_wconf 81' lang='grc' dir='ltr'>μυθώδη</span> <span class='ocrx_word' id='word_1_632' title='bbox 3473 4688 3646 4738; x_wconf 60' lang='lat' dir='ltr'><strong>rain</strong></span> 
     </span>
    </p>
   </div>
   <div class='ocr_carea' id='block_1_103' title="bbox 2063 4776 3646 4856">
    <p class='ocr_par' dir='ltr' id='par_1_103' title="bbox 2063 4776 3646 4856">
     <span class='ocr_line' id='line_1_103' title="bbox 2063 4776 3646 4856; baseline -0.006 -18"><span class='ocrx_word' id='word_1_633' title='bbox 2063 4787 2385 4856; x_wconf 86' lang='grc' dir='ltr'>ληρὴματα,</span> <span class='ocrx_word' id='word_1_634' title='bbox 2432 4781 2530 4835; x_wconf 70' lang='grc' dir='ltr'>καὶ</span> <span class='ocrx_word' id='word_1_635' title='bbox 2577 4784 2761 4835; x_wconf 78' lang='grc' dir='ltr'>πᾶσαν</span> <span class='ocrx_word' id='word_1_636' title='bbox 2822 4776 3080 4849; x_wconf 73' lang='grc' dir='ltr'>αἵρεσινο</span> <span class='ocrx_word' id='word_1_637' title='bbox 3119 4779 3368 4830; x_wconf 81' lang='grc' dir='ltr'>πιστεύω</span> <span class='ocrx_word' id='word_1_638' title='bbox 3435 4777 3490 4829; x_wconf 75' lang='grc' dir='ltr'>δὲ</span> <span class='ocrx_word' id='word_1_639' title='bbox 3551 4780 3646 4829; x_wconf 75' lang='grc' dir='ltr'>καὶ</span> 
     </span>
    </p>
   </div>
   <div class='ocr_carea' id='block_1_104' title="bbox 2063 4867 3649 4946">
    <p class='ocr_par' dir='ltr' id='par_1_104' title="bbox 2063 4867 3649 4946">
     <span class='ocr_line' id='line_1_104' title="bbox 2063 4867 3649 4946; baseline -0.005 -18"><span class='ocrx_word' id='word_1_640' title='bbox 2063 4878 2323 4946; x_wconf 70' lang='grc' dir='ltr'>κηρύττω</span> <span class='ocrx_word' id='word_1_641' title='bbox 2339 4875 2432 4928; x_wconf 91' lang='grc' dir='ltr'><strong>τὸν</strong></span> <span class='ocrx_word' id='word_1_642' title='bbox 2462 4872 2672 4944; x_wconf 82' lang='grc' dir='ltr'>Κύριον</span> <span class='ocrx_word' id='word_1_643' title='bbox 2695 4871 2850 4942; x_wconf 79' lang='grc' dir='ltr'>ὑμῶν</span> <span class='ocrx_word' id='word_1_644' title='bbox 2868 4871 2964 4924; x_wconf 74' lang='grc' dir='ltr'>καὶ</span> <span class='ocrx_word' id='word_1_645' title='bbox 2989 4867 3123 4922; x_wconf 87' lang='grc' dir='ltr'>Θεὸν</span> <span class='ocrx_word' id='word_1_646' title='bbox 3163 4868 3374 4939; x_wconf 81' lang='grc' dir='ltr'>Ἰησοῦν</span> <span class='ocrx_word' id='word_1_647' title='bbox 3402 4871 3492 4922; x_wconf 86' lang='grc' dir='ltr'><strong>τὸν</strong></span> <span class='ocrx_word' id='word_1_648' title='bbox 3511 4869 3649 4938; x_wconf 73' lang='grc' dir='ltr'>Χρι-</span> 
     </span>
    </p>
   </div>
   <div class='ocr_carea' id='block_1_105' title="bbox 2070 4971 2212 5023">
    <p class='ocr_par' dir='ltr' id='par_1_105' title="bbox 2070 4971 2212 5023">
     <span class='ocr_line' id='line_1_105' title="bbox 2070 4971 2212 5023; baseline 0.014 -2"><span class='ocrx_word' id='word_1_649' title='bbox 2070 4971 2212 5023; x_wconf 84' lang='grc' dir='ltr'>στόν.</span> 
     </span>
    </p>
   </div>
   <div class='ocr_carea' id='block_1_106' title="bbox 2633 5057 3090 5114">
    <p class='ocr_par' dir='ltr' id='par_1_106' title="bbox 2633 5057 3090 5114">
     <span class='ocr_line' id='line_1_106' title="bbox 2633 5057 3090 5114; baseline -0.007 0"><span class='ocrx_word' id='word_1_650' title='bbox 2633 5059 2884 5114; x_wconf 79' lang='grc' dir='ltr'><strong>ΠΑΡΑΤΙ</strong></span> <span class='ocrx_word' id='word_1_651' title='bbox 2894 5057 3090 5112; x_wconf 87' lang='grc' dir='ltr'><strong>ΤΛΟΣ.</strong></span> 
     </span>
    </p>
   </div>
   <div class='ocr_carea' id='block_1_107' title="bbox 2066 5146 3652 5223">
    <p class='ocr_par' dir='ltr' id='par_1_107' title="bbox 2066 5146 3652 5223">
     <span class='ocr_line' id='line_1_107' title="bbox 2066 5146 3652 5223; baseline -0.006 -15"><span class='ocrx_word' id='word_1_652' title='bbox 2066 5156 2294 5210; x_wconf 79' lang='grc' dir='ltr'>Φωτίου</span> <span class='ocrx_word' id='word_1_653' title='bbox 2320 5153 2690 5223; x_wconf 77' lang='grc' dir='ltr'>πατριάρχου</span> <span class='ocrx_word' id='word_1_654' title='bbox 2719 5148 3516 5223; x_wconf 21' lang='grc' dir='ltr'>Κωνσταντινουπόλεωςᾼέκ</span> <span class='ocrx_word' id='word_1_655' title='bbox 3539 5146 3652 5213; x_wconf 81' lang='grc' dir='ltr'>τῆς</span> 
     </span>
    </p>
   </div>
   <div class='ocr_carea' id='block_1_108' title="bbox 2137 5219 3650 5296">
    <p class='ocr_par' dir='ltr' id='par_1_108' title="bbox 2137 5219 3650 5296">
     <span class='ocr_line' id='line_1_108' title="bbox 2137 5219 3650 5296; baseline -0.006 -15"><span class='ocrx_word' id='word_1_656' title='bbox 2137 5229 2286 5296; x_wconf 83' lang='grc' dir='ltr'>πρὸς</span> <span class='ocrx_word' id='word_1_657' title='bbox 2320 5229 2392 5280; x_wconf 85' lang='lat' dir='ltr'><strong>Mt</strong></span> <span class='ocrx_word' id='word_1_658' title='bbox 2399 5219 2476 5296; x_wconf 69' lang='grc' dir='ltr'><strong>χὶτ</strong></span> <span class='ocrx_word' id='word_1_659' title='bbox 2487 5219 2562 5288; x_wconf 66' lang='grc' dir='ltr'><strong>ἰμὶ</strong></span> <span class='ocrx_word' id='word_1_660' title='bbox 2578 5219 2698 5277; x_wconf 61' lang='grc' dir='ltr'><strong>’τὸν</strong></span> <span class='ocrx_word' id='word_1_661' title='bbox 2727 5224 2992 5293; x_wconf 77' lang='grc' dir='ltr'>ἄρχοντα</span> <span class='ocrx_word' id='word_1_662' title='bbox 3020 5221 3384 5296; x_wconf 54' lang='grc' dir='ltr'><strong>Βουνργάρων</strong></span> <span class='ocrx_word' id='word_1_663' title='bbox 3409 5219 3650 5296; x_wconf 50' lang='grc' dir='ltr'>ἐπιστο-</span> 
     </span>
    </p>
   </div>
   <div class='ocr_carea' id='block_1_109' title="bbox 2139 5290 3560 5367">
    <p class='ocr_par' dir='ltr' id='par_1_109' title="bbox 2139 5290 3560 5367">
     <span class='ocr_line' id='line_1_109' title="bbox 2139 5290 3560 5367; baseline -0.008 -13"><span class='ocrx_word' id='word_1_664' title='bbox 2139 5290 2434 5367; x_wconf 34' lang='lat' dir='ltr'><strong>lic—asp}.</strong></span> <span class='ocrx_word' id='word_1_665' title='bbox 2465 5297 2581 5350; x_wconf 85' lang='grc' dir='ltr'><strong>τῶν</strong></span> <span class='ocrx_word' id='word_1_666' title='bbox 2611 5290 2772 5348; x_wconf 70' lang='grc' dir='ltr'>ἑπτὰ</span> <span class='ocrx_word' id='word_1_667' title='bbox 2793 5290 3228 5363; x_wconf 74' lang='grc' dir='ltr'>ὸῑκουμενικὼν</span> <span class='ocrx_word' id='word_1_668' title='bbox 3257 5290 3560 5346; x_wconf 83' lang='grc' dir='ltr'>συνόδων.</span> 
     </span>
    </p>
   </div>
   <div class='ocr_carea' id='block_1_110' title="bbox 2129 5406 3536 5487">
    <p class='ocr_par' dir='ltr' id='par_1_110' title="bbox 2129 5406 3536 5487">
     <span class='ocr_line' id='line_1_110' title="bbox 2129 5406 3536 5487; baseline -0.006 -18"><span class='ocrx_word' id='word_1_669' title='bbox 2129 5413 2329 5487; x_wconf 83' lang='grc' dir='ltr'>Πρώτη</span> <span class='ocrx_word' id='word_1_670' title='bbox 2366 5414 2458 5468; x_wconf 76' lang='grc' dir='ltr'>καὶ</span> <span class='ocrx_word' id='word_1_671' title='bbox 2489 5409 2846 5482; x_wconf 77' lang='grc' dir='ltr'>οἰκουμενικὴ</span> <span class='ocrx_word' id='word_1_672' title='bbox 2873 5410 3008 5479; x_wconf 80' lang='grc' dir='ltr'>ἁγία</span> <span class='ocrx_word' id='word_1_673' title='bbox 3039 5407 3277 5477; x_wconf 82' lang='grc' dir='ltr'>σύνοδος,</span> <span class='ocrx_word' id='word_1_674' title='bbox 3313 5425 3370 5463; x_wconf 87' lang='grc' dir='ltr'><strong>κ.</strong></span> <span class='ocrx_word' id='word_1_675' title='bbox 3401 5424 3455 5462; x_wconf 85' lang='grc' dir='ltr'>τ.</span> <span class='ocrx_word' id='word_1_676' title='bbox 3485 5406 3536 5461; x_wconf 95' lang='grc' dir='ltr'>λ.</span> 
     </span>
    </p>
   </div>
   <div class='ocr_carea' id='block_1_111' title="bbox 663 5634 1950 5709">
    <p class='ocr_par' dir='ltr' id='par_1_111' title="bbox 663 5634 1950 5709">
     <span class='ocr_line' id='line_1_111' title="bbox 663 5634 1950 5709; baseline 0.001 -19"><span class='ocrx_word' id='word_1_677' title='bbox 663 5634 789 5696; x_wconf 77' lang='lat' dir='ltr'><strong>Vide</strong></span> <span class='ocrx_word' id='word_1_678' title='bbox 829 5637 1008 5694; x_wconf 80' lang='lat' dir='ltr'><strong>Photii</strong></span> <span class='ocrx_word' id='word_1_679' title='bbox 1036 5641 1267 5708; x_wconf 78' lang='lat' dir='ltr'><strong>Operum</strong></span> <span class='ocrx_word' id='word_1_680' title='bbox 1308 5647 1434 5693; x_wconf 87' lang='lat' dir='ltr'><strong>tom.</strong></span> <span class='ocrx_word' id='word_1_681' title='bbox 1465 5635 1543 5706; x_wconf 83' lang='lat' dir='ltr'><strong>Il,</strong></span> <span class='ocrx_word' id='word_1_682' title='bbox 1585 5635 1906 5709; x_wconf 73' lang='lat' dir='ltr'><strong>Patrologia:</strong></span> <span class='ocrx_word' id='word_1_683' title='bbox 1940 5644 1950 5691; x_wconf 77' lang='lat' dir='ltr'><strong>t</strong></span> 
     </span>
    </p>
   </div>
   <div class='ocr_carea' id='block_1_112' title="bbox 2056 5634 3553 5709">
    <p class='ocr_par' dir='ltr' id='par_1_112' title="bbox 2060 5635 3553 5706">
     <span class='ocr_line' id='line_1_112' title="bbox 2060 5635 3553 5706; baseline -0.001 -12"><span class='ocrx_word' id='word_1_684' title='bbox 2060 5678 2074 5703; x_wconf 84' lang='lat'><strong>,</strong></span> <span class='ocrx_word' id='word_1_685' title='bbox 2106 5641 2207 5695; x_wconf 77' lang='lat' dir='ltr'><strong>cal.</strong></span> <span class='ocrx_word' id='word_1_686' title='bbox 2250 5639 2379 5703; x_wconf 77' lang='lat'><strong>63!,</strong></span> <span class='ocrx_word' id='word_1_687' title='bbox 2422 5653 2581 5706; x_wconf 75' lang='lat' dir='ltr'><strong>usque</strong></span> <span class='ocrx_word' id='word_1_688' title='bbox 2615 5636 2683 5690; x_wconf 87' lang='lat' dir='ltr'><strong>ad</strong></span> <span class='ocrx_word' id='word_1_689' title='bbox 2737 5635 2838 5694; x_wconf 76' lang='grc' dir='ltr'>σοί.</span> <span class='ocrx_word' id='word_1_690' title='bbox 2879 5637 2984 5693; x_wconf 84' lang='grc'><strong>656</strong></span> <span class='ocrx_word' id='word_1_691' title='bbox 3014 5638 3080 5702; x_wconf 82' lang='grc' dir='ltr'>Α,</span> <span class='ocrx_word' id='word_1_692' title='bbox 3114 5637 3553 5705; x_wconf 79' lang='grc' dir='ltr'>παρεσκεύασεν.</span> 
     </span>
    </p>
   </div>
  </div>
